{"id":"076201-076201","dt":"2025-12-15","p":[{"id":2,"n":"Haricots verts Notre Jardin Extra fins - 345g","p":2.39,"u":"6,93 €/KG","img":"https://fd6-photos.leclercdrive.fr/image.ashx?id=2988021&use=l&cat=p&typeid=i","cat":312606},{"id":3,"n":"Haricots verts Notre Jardin Très fins - 220g","p":0.86,"u":"3,91 €/KG","img":"https://fd6-photos.leclercdrive.fr/image.ashx?id=2987991&use=l&cat=p&typeid=i","cat":312606},{"id":4,"n":"Haricots verts Notre Jardin Très fins - 440g","p":1.15,"u":"2,61 €/KG","img":"https://fd6-photos.leclercdrive.fr/image.ashx?id=2050615&use=l&cat=p&typeid=i","cat":312606},{"id":5,"n":"Haricots verts Notre Jardin Extra fins - 440g","p":1.2,"u":"2,73 €/KG","img":"https://fd6-photos.leclercdrive.fr/image.ashx?id=3005655&use=l&cat=p&typeid=i","cat":312606},{"id":6,"n":"Haricots verts Notre Jardin Extra fins - 220g","p":0.88,"u":"4,00 €/KG","img":"https://fd6-photos.leclercdrive.fr/image.ashx?id=1993167&use=l&cat=p&typeid=i","cat":312606},{"id":7,"n":"Haricots beurre Notre Jardin Très fins - 220g","p":1.11,"u":"5,05 €/KG","img":"https://fd6-photos.leclercdrive.fr/image.ashx?id=2988027&use=l&cat=p&typeid=i","cat":312606},{"id":8,"n":"Haricots beurre Notre Jardin Très fins - 440g","p":1.55,"u":"3,52 €/KG","img":"https://fd6-photos.leclercdrive.fr/image.ashx?id=2988030&use=l&cat=p&typeid=i","cat":312606},{"id":9,"n":"Petits pois Notre Jardin A l'étuvée - Extra fins - 280g","p":0.9,"u":"3,21 €/KG","img":"https://fd6-photos.leclercdrive.fr/image.ashx?id=2375947&use=l&cat=p&typeid=i","cat":312607},{"id":10,"n":"Petits pois Notre Jardin A l'étuvée - Très fins - 280g","p":0.89,"u":"3,18 €/KG","img":"https://fd6-photos.leclercdrive.fr/image.ashx?id=2987958&use=l&cat=p&typeid=i","cat":312607},{"id":11,"n":"Petits pois carottes  Notre Jardin -Extra fins - 530g","p":1.22,"u":"2,30 €/KG","img":"https://fd6-photos.leclercdrive.fr/image.ashx?id=2987961&use=l&cat=p&typeid=i","cat":312607},{"id":12,"n":"Petits pois carottes extra-fins Notre Jardin à l'étuvée 260g","p":0.99,"u":"3,74 €/KG","img":"https://fd6-photos.leclercdrive.fr/image.ashx?id=2987964&use=l&cat=p&typeid=i","cat":312607},{"id":13,"n":"Petits pois carottes Très fins Notre Jardin -A l'étuvée -530g","p":1.33,"u":"2,51 €/KG","img":"https://fd6-photos.leclercdrive.fr/image.ashx?id=2698156&use=l&cat=p&typeid=i","cat":312607},{"id":14,"n":"Carottes Notre Jardin Extra-fines - 265g","p":0.85,"u":"3,21 €/KG","img":"https://fd6-photos.leclercdrive.fr/image.ashx?id=1993149&use=l&cat=p&typeid=i","cat":312607},{"id":15,"n":"Champignons Paris Notre Jardin Entiers - 230g","p":1.47,"u":"6,39 €/KG","img":"https://fd6-photos.leclercdrive.fr/image.ashx?id=2553890&use=l&cat=p&typeid=i","cat":312610},{"id":16,"n":"Champignons Paris Notre Jardin Pieds et morceaux - 230g","p":1.49,"u":"6,48 €/KG","img":"https://fd6-photos.leclercdrive.fr/image.ashx?id=2553896&use=l&cat=p&typeid=i","cat":312610},{"id":17,"n":"Champignons Paris Notre Jardin Emincés - 230g","p":1.07,"u":"4,65 €/KG","img":"https://fd6-photos.leclercdrive.fr/image.ashx?id=2551960&use=l&cat=p&typeid=i","cat":312610},{"id":19,"n":"Flageolets verts Notre Jardin Extra fins - 265g","p":0.99,"u":"3,74 €/KG","img":"https://fd6-photos.leclercdrive.fr/image.ashx?id=2371539&use=l&cat=p&typeid=i","cat":312606},{"id":20,"n":"Macédoine légumes Notre Jardin 265g","p":0.71,"u":"2,68 €/KG","img":"https://fd6-photos.leclercdrive.fr/image.ashx?id=2375953&use=l&cat=p&typeid=i","cat":312612},{"id":21,"n":"Macédoine légumes Notre Jardin - 530g","p":1.23,"u":"2,32 €/KG","img":"https://fd6-photos.leclercdrive.fr/image.ashx?id=2913645&use=l&cat=p&typeid=i","cat":312612},{"id":22,"n":"Garniture de 4 légumes  Notre Jardin - 510g","p":1.74,"u":"3,41 €/KG","img":"https://fd6-photos.leclercdrive.fr/image.ashx?id=2526279&use=l&cat=p&typeid=i","cat":312612},{"id":26,"n":"Pois chiches Notre Jardin 265g","p":0.75,"u":"2,83 €/KG","img":"https://fd6-photos.leclercdrive.fr/image.ashx?id=2988009&use=l&cat=p&typeid=i","cat":312609},{"id":27,"n":"Lentilles préparées Notre  Jardin - 265g","p":0.67,"u":"2,53 €/KG","img":"https://fd6-photos.leclercdrive.fr/image.ashx?id=2987985&use=l&cat=p&typeid=i","cat":312609},{"id":28,"n":"Lentilles Préparées Notre  Jardin - 530g","p":1.15,"u":"2,17 €/KG","img":"https://fd6-photos.leclercdrive.fr/image.ashx?id=2987982&use=l&cat=p&typeid=i","cat":312609},{"id":29,"n":"Haricots rouges Notre Jardin 250g","p":0.84,"u":"3,36 €/KG","img":"https://fd6-photos.leclercdrive.fr/image.ashx?id=2988024&use=l&cat=p&typeid=i","cat":312606},{"id":30,"n":"Pommes de terre Notre Jardin 530g","p":1.29,"u":"2,43 €/KG","img":"https://fd6-photos.leclercdrive.fr/image.ashx?id=2696250&use=l&cat=p&typeid=i","cat":312612},{"id":32,"n":"Coeurs de céleri Notre Jardin - 500g PNE","p":2.99,"u":"5,64 €/KG","img":"https://fd6-photos.leclercdrive.fr/image.ashx?id=2483602&use=l&cat=p&typeid=i","cat":312612},{"id":34,"n":"Garniture de céleris Notre Jardin - 500g","p":1.89,"u":"3,78 €/KG","img":"https://fd6-photos.leclercdrive.fr/image.ashx?id=768484&use=l&cat=p&typeid=i","cat":312612},{"id":36,"n":"Epinards hâchés Notre Jardin 795g","p":1.65,"u":"2,08 €/KG","img":"https://fd6-photos.leclercdrive.fr/image.ashx?id=2050606&use=l&cat=p&typeid=i","cat":312612},{"id":37,"n":"Epinards hâchés Notre Jardin 395g","p":1.09,"u":"2,76 €/KG","img":"https://fd6-photos.leclercdrive.fr/image.ashx?id=1993152&use=l&cat=p&typeid=i","cat":312612},{"id":38,"n":"Epinards branches  Notre Jardin 265g","p":1.15,"u":"4,34 €/KG","img":"https://fd6-photos.leclercdrive.fr/image.ashx?id=1993155&use=l&cat=p&typeid=i","cat":312612},{"id":39,"n":"Epinards branches Notre Jardin 530g","p":1.69,"u":"3,19 €/KG","img":"https://fd6-photos.leclercdrive.fr/image.ashx?id=2913651&use=l&cat=p&typeid=i","cat":312612},{"id":40,"n":"Coeurs de palmiers Notre Jardin Extra tendres - 500g","p":3.85,"u":"7,70 €/KG","img":"https://fd6-photos.leclercdrive.fr/image.ashx?id=2072698&use=l&cat=p&typeid=i","cat":312611},{"id":41,"n":"Choux Bruxelles Notre Jardin 530g","p":1.95,"u":"3,68 €/KG","img":"https://fd6-photos.leclercdrive.fr/image.ashx?id=2072428&use=l&cat=p&typeid=i","cat":312612},{"id":42,"n":"Haricots Mungo Notre Jardin 180g","p":1.0,"u":"5,56 €/KG","img":"https://fd6-photos.leclercdrive.fr/image.ashx?id=2072431&use=l&cat=p&typeid=i","cat":312611},{"id":43,"n":"Asperges blanches miniatures Notre Jardin - 110g","p":1.55,"u":"14,09 €/KG","img":"https://fd6-photos.leclercdrive.fr/image.ashx?id=2049019&use=l&cat=p&typeid=i","cat":312611},{"id":47,"n":"Filets de thon Saupiquet Huile d'olive - 115g","p":2.27,"u":"19,74 €/KG","img":"https://fd6-photos.leclercdrive.fr/image.ashx?id=2846373&use=l&cat=p&typeid=i","cat":303867},{"id":48,"n":"Thon Saupiquet A la Catalane - 252g","p":1.86,"u":"7,38 €/KG","img":"https://fd6-photos.leclercdrive.fr/image.ashx?id=2860892&use=l&cat=p&typeid=i","cat":303867},{"id":50,"n":"Miettes de thon Pêche Océan Huile de tournesol - 160g","p":1.7,"u":"10,63 €/KG","img":"https://fd6-photos.leclercdrive.fr/image.ashx?id=2053785&use=l&cat=p&typeid=i","cat":303867},{"id":51,"n":"Miettes de thon Pêche Océan Tomate - 160g","p":1.13,"u":"7,06 €/KG","img":"https://fd6-photos.leclercdrive.fr/image.ashx?id=2941378&use=l&cat=p&typeid=i","cat":303867},{"id":52,"n":"Miettes de thon Pêche Océan Tomate - 3x80g","p":1.56,"u":"6,50 €/KG","img":"https://fd6-photos.leclercdrive.fr/image.ashx?id=2941363&use=l&cat=p&typeid=i","cat":303867},{"id":54,"n":"Sardines tomate Pêche Océan 135g","p":1.32,"u":"9,78 €/KG","img":"https://fd6-photos.leclercdrive.fr/image.ashx?id=2694097&use=l&cat=p&typeid=i","cat":305146},{"id":55,"n":"Filets sardines Pêche Océan Huile d'olive Sans arête - 100g","p":1.35,"u":"13,50 €/KG","img":"https://fd6-photos.leclercdrive.fr/image.ashx?id=1986231&use=l&cat=p&typeid=i","cat":305146},{"id":58,"n":"Filets maquereaux Pêche Océan Arômates et Muscadet 176g","p":1.45,"u":"8,24 €/KG","img":"https://fd6-photos.leclercdrive.fr/image.ashx?id=2476948&use=l&cat=p&typeid=i","cat":303868},{"id":59,"n":"Maquereaux Pêche Océan Moutarde de Dijon - 169g","p":1.65,"u":"9,76 €/KG","img":"https://fd6-photos.leclercdrive.fr/image.ashx?id=2488350&use=l&cat=p&typeid=i","cat":303868},{"id":67,"n":"Terrine de canard Côté Table 180g","p":1.55,"u":"8,61 €/KG","img":"https://fd6-photos.leclercdrive.fr/image.ashx?id=2943091&use=l&cat=p&typeid=i","cat":305149},{"id":68,"n":"Cassoulet Côté Table Saucisses et saucissons - 420g","p":1.15,"u":"2,74 €/KG","img":"https://fd6-photos.leclercdrive.fr/image.ashx?id=2977099&use=l&cat=p&typeid=i","cat":284440},{"id":72,"n":"Lentilles cuisinées Raynal Et Roquelaure - 820g","p":2.03,"u":"2,48 €/KG","img":"https://fd6-photos.leclercdrive.fr/image.ashx?id=2928393&use=l&cat=p&typeid=i","cat":312609},{"id":74,"n":"Choucroute Côté Table garnie 800g","p":2.69,"u":"3,36 €/KG","img":"https://fd6-photos.leclercdrive.fr/image.ashx?id=1847409&use=l&cat=p&typeid=i","cat":284441},{"id":75,"n":"Choucroute Côté Table garnie 400g","p":1.75,"u":"4,38 €/KG","img":"https://fd6-photos.leclercdrive.fr/image.ashx?id=1993170&use=l&cat=p&typeid=i","cat":284441},{"id":76,"n":"Gratin dauphinois Côté Table 850g","p":1.67,"u":"1,96 €/KG","img":"https://fd6-photos.leclercdrive.fr/image.ashx?id=2977117&use=l&cat=p&typeid=i","cat":284441},{"id":77,"n":"Petit salé Côté Table lentilles A l'Auvergnate 840g","p":2.75,"u":"3,27 €/KG","img":"https://fd6-photos.leclercdrive.fr/image.ashx?id=2977108&use=l&cat=p&typeid=i","cat":284441},{"id":78,"n":"Saucisses lentilles Côté Table 840g","p":1.99,"u":"2,37 €/KG","img":"https://fd6-photos.leclercdrive.fr/image.ashx?id=2977102&use=l&cat=p&typeid=i","cat":284441},{"id":79,"n":"Saucisses lentilles Côté Table 420g","p":1.13,"u":"2,69 €/KG","img":"https://fd6-photos.leclercdrive.fr/image.ashx?id=2977105&use=l&cat=p&typeid=i","cat":284441},{"id":80,"n":"Gésiers de canard du Sud-Ouest NRT - 215g","p":6.99,"u":"32,51 €/KG","img":"https://fd6-photos.leclercdrive.fr/image.ashx?id=2723204&use=l&cat=p&typeid=i","cat":284440},{"id":92,"n":"Chips Pom'lisse Nature - 6x30g","p":1.37,"u":"7,61 €/KG","img":"https://fd6-photos.leclercdrive.fr/image.ashx?id=2917317&use=l&cat=p&typeid=i","cat":284447},{"id":97,"n":"Pétales salées Tokapi Soufflés - 75g","p":0.69,"u":"9,20 €/KG","img":"https://fd6-photos.leclercdrive.fr/image.ashx?id=2751874&use=l&cat=p&typeid=i","cat":284449},{"id":104,"n":"Mélange Grillé et salé Tokapi Cacahuètes et noisettes - 120g","p":1.46,"u":"12,17 €/KG","img":"https://fd6-photos.leclercdrive.fr/image.ashx?id=2794100&use=l&cat=p&typeid=i","cat":284448},{"id":105,"n":"Cacahuètes grillées Tokapi Salées - 250g","p":0.85,"u":"3,40 €/KG","img":"https://fd6-photos.leclercdrive.fr/image.ashx?id=2795529&use=l&cat=p&typeid=i","cat":284448},{"id":108,"n":"Noix de cajou grillées Tokapi Salées - 400g","p":4.78,"u":"11,95 €/KG","img":"https://fd6-photos.leclercdrive.fr/image.ashx?id=2793985&use=l&cat=p&typeid=i","cat":284448},{"id":113,"n":"Crackers Tuc Nature Original - 100g","p":0.53,"u":"5,30 €/KG","img":"https://fd6-photos.leclercdrive.fr/image.ashx?id=3002195&use=l&cat=p&typeid=i","cat":297000},{"id":117,"n":"Huile Isio 4 Lesieur 1L","p":3.43,"u":"3,43 €/L","img":"https://fd6-photos.leclercdrive.fr/image.ashx?id=2916018&use=l&cat=p&typeid=i","cat":284453},{"id":118,"n":"Huile d'olive Puget 1L","p":11.5,"u":"11,50 €/L","img":"https://fd6-photos.leclercdrive.fr/image.ashx?id=2917750&use=l&cat=p&typeid=i","cat":284453},{"id":122,"n":"Huile de friture Rustica Sans odeur - 2L","p":4.45,"u":"2,23 €/L","img":"https://fd6-photos.leclercdrive.fr/image.ashx?id=2916662&use=l&cat=p&typeid=i","cat":284453},{"id":123,"n":"Huile végétale  Rustica Mélange 4 huiles  - 1L","p":2.65,"u":"2,65 €/L","img":"https://fd6-photos.leclercdrive.fr/image.ashx?id=2538134&use=l&cat=p&typeid=i","cat":284453},{"id":124,"n":"Huile d'olive Rustica Vierge extra - 1L","p":8.99,"u":"8,99 €/L","img":"https://fd6-photos.leclercdrive.fr/image.ashx?id=2898011&use=l&cat=p&typeid=i","cat":284453},{"id":125,"n":"Huile de tournesol Rustica  1L","p":1.99,"u":"1,99 €/L","img":"https://fd6-photos.leclercdrive.fr/image.ashx?id=2900319&use=l&cat=p&typeid=i","cat":284453},{"id":126,"n":"Huile de tournesol Rustica 3L","p":5.89,"u":"1,96 €/L","img":"https://fd6-photos.leclercdrive.fr/image.ashx?id=2900322&use=l&cat=p&typeid=i","cat":284453},{"id":127,"n":"Huile de colza Rustica  1L","p":1.76,"u":"1,76 €/L","img":"https://fd6-photos.leclercdrive.fr/image.ashx?id=2500797&use=l&cat=p&typeid=i","cat":284453},{"id":128,"n":"Vinaigre de vin Rustica 75cl","p":0.99,"u":"1,32 €/L","img":"https://fd6-photos.leclercdrive.fr/image.ashx?id=1061150&use=l&cat=p&typeid=i","cat":298543},{"id":129,"n":"Vinaigre de cidre Rustica  75cl","p":0.87,"u":"1,16 €/L","img":"https://fd6-photos.leclercdrive.fr/image.ashx?id=2657190&use=l&cat=p&typeid=i","cat":298543},{"id":130,"n":"Vinaigrette Rustica  Moutarde - 50cl","p":0.89,"u":"1,78 €/L","img":"https://fd6-photos.leclercdrive.fr/image.ashx?id=1950144&use=l&cat=p&typeid=i","cat":284456},{"id":131,"n":"Jus de citron Rustica Sicile - 2x125ml - 250ml","p":1.08,"u":"4,32 €/L","img":"https://fd6-photos.leclercdrive.fr/image.ashx?id=2974786&use=l&cat=p&typeid=i","cat":288383},{"id":136,"n":"Sel fin de Camargue NRT 250g","p":1.63,"u":"6,52 €/KG","img":"https://fd6-photos.leclercdrive.fr/image.ashx?id=2644906&use=l&cat=p&typeid=i","cat":284457},{"id":137,"n":"Gros sel de Camargue NRT Sachet -1kg","p":1.2,"u":"1,20 €/KG","img":"https://fd6-photos.leclercdrive.fr/image.ashx?id=2644903&use=l&cat=p&typeid=i","cat":284457},{"id":138,"n":"Sel fin de Guérande IGP NRT 250g","p":1.35,"u":"5,40 €/KG","img":"https://fd6-photos.leclercdrive.fr/image.ashx?id=2644900&use=l&cat=p&typeid=i","cat":284457},{"id":147,"n":"Olives vertes Rustica  Dénoyautées - 160g","p":0.92,"u":"5,75 €/KG","img":"https://fd6-photos.leclercdrive.fr/image.ashx?id=2499070&use=l&cat=p&typeid=i","cat":284458},{"id":156,"n":"Moutarde de Dijon Rustica  Fine et forte Verre whisky-280g","p":1.94,"u":"6,93 €/KG","img":"https://fd6-photos.leclercdrive.fr/image.ashx?id=1921607&use=l&cat=p&typeid=i","cat":288850},{"id":157,"n":"Moutarde de Dijon AMORA Fine & Forte - 265g","p":1.54,"u":"5,81 €/KG","img":"https://fd6-photos.leclercdrive.fr/image.ashx?id=3004870&use=l&cat=p&typeid=i","cat":288850},{"id":160,"n":"Mayonnaise Lesieur Huile de colza - 175g","p":0.77,"u":"4,40 €/KG","img":"https://fd6-photos.leclercdrive.fr/image.ashx?id=2917702&use=l&cat=p&typeid=i","cat":298295},{"id":169,"n":"Sauce Pesto Panzani Basilic - 200g","p":1.64,"u":"8,20 €/KG","img":"https://fd6-photos.leclercdrive.fr/image.ashx?id=2989093&use=l&cat=p&typeid=i","cat":287599},{"id":173,"n":"Pulpe de tomate Notre Jardin En dés - 3x383g","p":2.06,"u":"1,81 €/KG","img":"https://fd6-photos.leclercdrive.fr/image.ashx?id=2826918&use=l&cat=p&typeid=i","cat":288384},{"id":174,"n":"Tomates pelées Notre Jardin Entières - 476g","p":1.4,"u":"2,94 €/KG","img":"https://fd6-photos.leclercdrive.fr/image.ashx?id=2987934&use=l&cat=p&typeid=i","cat":312608},{"id":175,"n":"Sauce bolognaise Turini 420g","p":1.45,"u":"3,45 €/KG","img":"https://fd6-photos.leclercdrive.fr/image.ashx?id=2634860&use=l&cat=p&typeid=i","cat":287599},{"id":177,"n":"Sauce Tomate Turini 2x190g","p":1.39,"u":"3,66 €/KG","img":"https://fd6-photos.leclercdrive.fr/image.ashx?id=2668117&use=l&cat=p&typeid=i","cat":288384},{"id":178,"n":"Sauce Napolitaine Turini 420g","p":0.88,"u":"2,10 €/KG","img":"https://fd6-photos.leclercdrive.fr/image.ashx?id=2441893&use=l&cat=p&typeid=i","cat":287599},{"id":185,"n":"Pâtes Barilla Pipe Rigate - 500g","p":1.0,"u":"2,00 €/KG","img":"https://fd6-photos.leclercdrive.fr/image.ashx?id=2392209&use=l&cat=p&typeid=i","cat":284427},{"id":186,"n":"Pâtes Barilla Penne rigate - 500g","p":0.98,"u":"1,96 €/KG","img":"https://fd6-photos.leclercdrive.fr/image.ashx?id=2392203&use=l&cat=p&typeid=i","cat":284427},{"id":187,"n":"Pâtes Barilla Fusilli - 500g","p":1.01,"u":"2,02 €/KG","img":"https://fd6-photos.leclercdrive.fr/image.ashx?id=2392212&use=l&cat=p&typeid=i","cat":284427},{"id":191,"n":"Pâtes Collezione Barilla Lasagne aux œufs - 500g","p":2.0,"u":"4,00 €/KG","img":"https://fd6-photos.leclercdrive.fr/image.ashx?id=2990997&use=l&cat=p&typeid=i","cat":284427},{"id":192,"n":"Pâtes Barilla Penne rigate - 1kg","p":1.88,"u":"1,88 €/KG","img":"https://fd6-photos.leclercdrive.fr/image.ashx?id=2392191&use=l&cat=p&typeid=i","cat":284427},{"id":193,"n":"Pâtes vermicelles Panzani  500g","p":1.23,"u":"2,46 €/KG","img":"https://fd6-photos.leclercdrive.fr/image.ashx?id=2896072&use=l&cat=p&typeid=i","cat":284427},{"id":194,"n":"Pâtes Coquillettes Panzani 500g","p":0.9,"u":"1,80 €/KG","img":"https://fd6-photos.leclercdrive.fr/image.ashx?id=2870200&use=l&cat=p&typeid=i","cat":284427},{"id":195,"n":"Pâtes macaroni Panzani 500g","p":0.96,"u":"1,92 €/KG","img":"https://fd6-photos.leclercdrive.fr/image.ashx?id=2884297&use=l&cat=p&typeid=i","cat":284427},{"id":196,"n":"Pâtes nouilles fines Panzani 500g","p":1.12,"u":"2,24 €/KG","img":"https://fd6-photos.leclercdrive.fr/image.ashx?id=2876005&use=l&cat=p&typeid=i","cat":284427},{"id":197,"n":"Pâtes Torti Panzani 500g","p":0.77,"u":"1,54 €/KG","img":"https://fd6-photos.leclercdrive.fr/image.ashx?id=2869552&use=l&cat=p&typeid=i","cat":284427},{"id":198,"n":"Pâtes Spaghetti Panzani 500g","p":0.88,"u":"1,76 €/KG","img":"https://fd6-photos.leclercdrive.fr/image.ashx?id=2876023&use=l&cat=p&typeid=i","cat":284427},{"id":199,"n":"Pâtes Tagliatelle Panzani Créatives - 500G","p":1.54,"u":"3,08 €/KG","img":"https://fd6-photos.leclercdrive.fr/image.ashx?id=2902936&use=l&cat=p&typeid=i","cat":284427},{"id":200,"n":"Pâtes lasagnes Turini  500g","p":1.29,"u":"2,58 €/KG","img":"https://fd6-photos.leclercdrive.fr/image.ashx?id=2980779&use=l&cat=p&typeid=i","cat":284427},{"id":201,"n":"Pâtes Etoiles Turini 500g","p":1.05,"u":"2,10 €/KG","img":"https://fd6-photos.leclercdrive.fr/image.ashx?id=2744222&use=l&cat=p&typeid=i","cat":284427},{"id":202,"n":"Pâtes Nouilles Turini 500g","p":0.75,"u":"1,50 €/KG","img":"https://fd6-photos.leclercdrive.fr/image.ashx?id=2980770&use=l&cat=p&typeid=i","cat":284427},{"id":203,"n":"Pâtes Torsades Turini 500g","p":0.65,"u":"1,30 €/KG","img":"https://fd6-photos.leclercdrive.fr/image.ashx?id=2980426&use=l&cat=p&typeid=i","cat":284427},{"id":204,"n":"Pâtes Coquillettes Turini 500g","p":0.75,"u":"1,50 €/KG","img":"https://fd6-photos.leclercdrive.fr/image.ashx?id=2980408&use=l&cat=p&typeid=i","cat":284427},{"id":205,"n":"Pâtes Macaroni Turini 500g","p":0.75,"u":"1,50 €/KG","img":"https://fd6-photos.leclercdrive.fr/image.ashx?id=2980417&use=l&cat=p&typeid=i","cat":284427},{"id":206,"n":"Spaghetti Turini 500g","p":0.69,"u":"1,38 €/KG","img":"https://fd6-photos.leclercdrive.fr/image.ashx?id=2980399&use=l&cat=p&typeid=i","cat":284427},{"id":208,"n":"Pâtes gansettes Turini 500g","p":0.98,"u":"1,96 €/KG","img":"https://fd6-photos.leclercdrive.fr/image.ashx?id=2607422&use=l&cat=p&typeid=i","cat":284427},{"id":210,"n":"Pâtes cheveux d'anges Turini 500g","p":0.85,"u":"1,70 €/KG","img":"https://fd6-photos.leclercdrive.fr/image.ashx?id=2980782&use=l&cat=p&typeid=i","cat":284427},{"id":211,"n":"Pâtes Tagliatelles Turini 500g","p":1.29,"u":"2,58 €/KG","img":"https://fd6-photos.leclercdrive.fr/image.ashx?id=2669693&use=l&cat=p&typeid=i","cat":284427},{"id":217,"n":"Riz Thaï Comptoir du Grain Sélection Riz long - 1kg","p":2.2,"u":"2,20 €/KG","img":"https://fd6-photos.leclercdrive.fr/image.ashx?id=2657084&use=l&cat=p&typeid=i","cat":284428},{"id":218,"n":"Riz Basmati Comptoir du Grain Sélection Riz long - 1kg","p":2.55,"u":"2,55 €/KG","img":"https://fd6-photos.leclercdrive.fr/image.ashx?id=2549373&use=l&cat=p&typeid=i","cat":284428},{"id":219,"n":"Riz long Comptoir du Grain Sachet cuisson rapide x5 - 1kg","p":1.74,"u":"1,74 €/KG","img":"https://fd6-photos.leclercdrive.fr/image.ashx?id=1759876&use=l&cat=p&typeid=i","cat":284428},{"id":220,"n":"Couscous moyen Regia 1kg","p":2.3,"u":"2,30 €/KG","img":"https://fd6-photos.leclercdrive.fr/image.ashx?id=2874856&use=l&cat=p&typeid=i","cat":284429},{"id":221,"n":"Couscous Ferrero fin Graine nature - 1kg","p":2.8,"u":"2,80 €/KG","img":"https://fd6-photos.leclercdrive.fr/image.ashx?id=2862215&use=l&cat=p&typeid=i","cat":284429},{"id":224,"n":"Purée pomme de terre Pom'lisse Nature - 4x125g - 500g","p":1.85,"u":"3,70 €/KG","img":"https://fd6-photos.leclercdrive.fr/image.ashx?id=2949403&use=l&cat=p&typeid=i","cat":284431},{"id":225,"n":"Couscous Comptoir du Grain Grain moyen - 1kg","p":1.44,"u":"1,44 €/KG","img":"https://fd6-photos.leclercdrive.fr/image.ashx?id=3012794&use=l&cat=p&typeid=i","cat":284429},{"id":229,"n":"Blé précuit Comptoir du Grain Cuisson rapide 10 min - 500g","p":1.54,"u":"3,08 €/KG","img":"https://fd6-photos.leclercdrive.fr/image.ashx?id=1986243&use=l&cat=p&typeid=i","cat":284429},{"id":230,"n":"Pois cassés Notre Jardin 500g","p":1.05,"u":"2,10 €/KG","img":"https://fd6-photos.leclercdrive.fr/image.ashx?id=2983772&use=l&cat=p&typeid=i","cat":284430},{"id":231,"n":"Lentilles vertes Notre Jardin 500g","p":1.63,"u":"3,26 €/KG","img":"https://fd6-photos.leclercdrive.fr/image.ashx?id=2983778&use=l&cat=p&typeid=i","cat":284430},{"id":238,"n":"Soupe Velouté Régal Soupe Tomates - 1L","p":1.09,"u":"1,09 €/L","img":"https://fd6-photos.leclercdrive.fr/image.ashx?id=2800234&use=l&cat=p&typeid=i","cat":284462},{"id":239,"n":"Soupe Velouté Régal Soupe 10 légumes - 1L","p":1.19,"u":"1,19 €/L","img":"https://fd6-photos.leclercdrive.fr/image.ashx?id=2983781&use=l&cat=p&typeid=i","cat":284462},{"id":240,"n":"Soupe Régal Soupe Poireaux Pommes de terre - 1L","p":1.19,"u":"1,19 €/L","img":"https://fd6-photos.leclercdrive.fr/image.ashx?id=2983784&use=l&cat=p&typeid=i","cat":284462},{"id":241,"n":"Soupe Mouliné Régal Soupe 10 légumes variés - 1L","p":1.08,"u":"1,08 €/L","img":"https://fd6-photos.leclercdrive.fr/image.ashx?id=2607353&use=l&cat=p&typeid=i","cat":284462},{"id":242,"n":"Soupe Velouté Régal Soupe Potiron - 1L","p":1.35,"u":"1,35 €/L","img":"https://fd6-photos.leclercdrive.fr/image.ashx?id=2983787&use=l&cat=p&typeid=i","cat":284462},{"id":255,"n":"Arôme Saveur Maggi 250g","p":1.86,"u":"7,44 €/KG","img":"https://fd6-photos.leclercdrive.fr/image.ashx?id=2671960&use=l&cat=p&typeid=i","cat":288379},{"id":259,"n":"Assaisonnement Liquide KNORR Viandox - 160ml","p":1.46,"pp":1.02,"u":"6,38 €/L","img":"https://fd6-photos.leclercdrive.fr/image.ashx?id=2705215&use=l&cat=p&typeid=i","cat":288383},{"id":267,"n":"Biscuits Petit Ecolier LU Chocolat au lait - 120g","p":2.1,"u":"17,50 €/KG","img":"https://fd6-photos.leclercdrive.fr/image.ashx?id=3014404&use=l&cat=p&typeid=i","cat":284488},{"id":270,"n":"Biscuits Petit Ecolier LU Chocolat noir - 150g","p":1.75,"u":"11,67 €/KG","img":"https://fd6-photos.leclercdrive.fr/image.ashx?id=2944359&use=l&cat=p&typeid=i","cat":284488},{"id":274,"n":"Biscuits Pocket Prince Chocolat - 400g","p":2.31,"u":"5,78 €/KG","img":"https://fd6-photos.leclercdrive.fr/image.ashx?id=3002207&use=l&cat=p&typeid=i","cat":284488},{"id":278,"n":"Biscuits La Barquette Lulu LU Chocolat noisettes - 2x120g","p":2.0,"u":"8,33 €/KG","img":"https://fd6-photos.leclercdrive.fr/image.ashx?id=2135740&use=l&cat=p&typeid=i","cat":284488},{"id":280,"n":"Biscuits Petits cœurs LU Chocolat - 180g","p":2.4,"u":"13,33 €/KG","img":"https://fd6-photos.leclercdrive.fr/image.ashx?id=3002024&use=l&cat=p&typeid=i","cat":284488},{"id":281,"n":"Gâteaux moelleux Lulu LU Coqueline Chocolat - 165g","p":1.65,"u":"10,00 €/KG","img":"https://fd6-photos.leclercdrive.fr/image.ashx?id=3001946&use=l&cat=p&typeid=i","cat":284495},{"id":283,"n":"Biscuit Petit beurre P'tit Déli Chocolat au lait pocket - 250g","p":2.25,"u":"9,00 €/KG","img":"https://fd6-photos.leclercdrive.fr/image.ashx?id=750519&use=l&cat=p&typeid=i","cat":284488},{"id":284,"n":"Biscuits P'tit Déli ronds Chocolat lait 200g","p":1.2,"u":"6,00 €/KG","img":"https://fd6-photos.leclercdrive.fr/image.ashx?id=2884210&use=l&cat=p&typeid=i","cat":284488},{"id":286,"n":"Biscuits barquette P'tit Déli Chocolat et noisette x18 - 120g","p":0.89,"u":"7,42 €/KG","img":"https://fd6-photos.leclercdrive.fr/image.ashx?id=2705065&use=l&cat=p&typeid=i","cat":284488},{"id":288,"n":"Gaufrettes P'tit Déli  Enrobées chocolat 150g","p":1.59,"u":"10,60 €/KG","img":"https://fd6-photos.leclercdrive.fr/image.ashx?id=2965416&use=l&cat=p&typeid=i","cat":284488},{"id":289,"n":"Mini goûters P'tit Déli Chocolat 168g","p":1.13,"u":"6,73 €/KG","img":"https://fd6-photos.leclercdrive.fr/image.ashx?id=2321941&use=l&cat=p&typeid=i","cat":284488},{"id":290,"n":"Biscuits P'tit Déli Bâtonnets Chocolat 150g","p":1.19,"u":"7,93 €/KG","img":"https://fd6-photos.leclercdrive.fr/image.ashx?id=2470189&use=l&cat=p&typeid=i","cat":284488},{"id":291,"n":"Goûter Moelleux P'tit Déli  Lait et cacao x10 420g","p":2.81,"u":"6,69 €/KG","img":"https://fd6-photos.leclercdrive.fr/image.ashx?id=2610684&use=l&cat=p&typeid=i","cat":284495},{"id":292,"n":"Biscuits fourrés P'tit Déli Coeur fondant chocolat - 225g","p":1.26,"u":"5,60 €/KG","img":"https://fd6-photos.leclercdrive.fr/image.ashx?id=2637634&use=l&cat=p&typeid=i","cat":284488},{"id":296,"n":"Biscuits La Barquette Lulu LU Fraise - 2x120g","p":2.06,"u":"8,58 €/KG","img":"https://fd6-photos.leclercdrive.fr/image.ashx?id=3001952&use=l&cat=p&typeid=i","cat":284489},{"id":298,"n":"Gâteaux moelleux Lulu LU Coqueline Fraise - 165g","p":1.4,"u":"8,48 €/KG","img":"https://fd6-photos.leclercdrive.fr/image.ashx?id=2977252&use=l&cat=p&typeid=i","cat":284495},{"id":304,"n":"Génoises fourrées P'tit Déli - 150g","p":1.39,"u":"9,27 €/KG","img":"https://fd6-photos.leclercdrive.fr/image.ashx?id=2470192&use=l&cat=p&typeid=i","cat":284489},{"id":310,"n":"Biscuits boudoirs P'tit Déli Aux oeufs - 175g","p":1.38,"u":"7,89 €/KG","img":"https://fd6-photos.leclercdrive.fr/image.ashx?id=828485&use=l&cat=p&typeid=i","cat":284487},{"id":313,"n":"Biscuits palmiers P'tit Déli 100g","p":0.59,"u":"5,90 €/KG","img":"https://fd6-photos.leclercdrive.fr/image.ashx?id=2940896&use=l&cat=p&typeid=i","cat":284487},{"id":314,"n":"Biscuits langue chat P'tit Déli 200g","p":1.28,"u":"6,40 €/KG","img":"https://fd6-photos.leclercdrive.fr/image.ashx?id=1875827&use=l&cat=p&typeid=i","cat":284487},{"id":315,"n":"Biscuits cigarettes P'tit Déli Fines 180g","p":0.95,"u":"5,28 €/KG","img":"https://fd6-photos.leclercdrive.fr/image.ashx?id=2907039&use=l&cat=p&typeid=i","cat":284487},{"id":316,"n":"Palets bretons P'tit Déli 125g","p":0.97,"u":"7,76 €/KG","img":"https://fd6-photos.leclercdrive.fr/image.ashx?id=2809650&use=l&cat=p&typeid=i","cat":284487},{"id":322,"n":"Cake anglais Brossard 400g","p":3.07,"u":"7,68 €/KG","img":"https://fd6-photos.leclercdrive.fr/image.ashx?id=2456795&use=l&cat=p&typeid=i","cat":284493},{"id":323,"n":"Gâteaux Mini roulés Pépito Chocolat - 150g","p":1.76,"u":"11,73 €/KG","img":"https://fd6-photos.leclercdrive.fr/image.ashx?id=2331898&use=l&cat=p&typeid=i","cat":284495},{"id":325,"n":"Galettes Bretonnes P'tit Déli Pur beurre - 125g","p":0.73,"u":"5,84 €/KG","img":"https://fd6-photos.leclercdrive.fr/image.ashx?id=2847943&use=l&cat=p&typeid=i","cat":284487},{"id":327,"n":"Biscuits P'tit Déli Cookies Chocolat nougatine 200g","p":1.35,"u":"6,75 €/KG","img":"https://fd6-photos.leclercdrive.fr/image.ashx?id=2900022&use=l&cat=p&typeid=i","cat":325066},{"id":328,"n":"Biscuits Cookies P'tit Déli Chocolat pépite chocolat - 200g","p":1.35,"u":"6,75 €/KG","img":"https://fd6-photos.leclercdrive.fr/image.ashx?id=2900025&use=l&cat=p&typeid=i","cat":325066},{"id":329,"n":"Biscuits Bastogne LU Originale - 260g","p":1.49,"u":"5,73 €/KG","img":"https://fd6-photos.leclercdrive.fr/image.ashx?id=2346765&use=l&cat=p&typeid=i","cat":284487},{"id":332,"n":"Biscuits petit déjeuner Belvita Céréales & Lait - 400g","p":2.68,"u":"6,70 €/KG","img":"https://fd6-photos.leclercdrive.fr/image.ashx?id=2959841&use=l&cat=p&typeid=i","cat":284491},{"id":349,"n":"Pain de mie nature Epi d'Or Classique - 500g","p":1.19,"u":"2,38 €/KG","img":"https://fd6-photos.leclercdrive.fr/image.ashx?id=2615582&use=l&cat=p&typeid=i","cat":284477},{"id":350,"n":"Pain de mie nature Epi d'Or Grandes tranches - 550g","p":1.09,"u":"1,98 €/KG","img":"https://fd6-photos.leclercdrive.fr/image.ashx?id=2860700&use=l&cat=p&typeid=i","cat":284477},{"id":352,"n":"Pain de mie nature Epi d'Or  Extra-moelleux - 500g","p":0.95,"u":"1,90 €/KG","img":"https://fd6-photos.leclercdrive.fr/image.ashx?id=2860697&use=l&cat=p&typeid=i","cat":284477},{"id":360,"n":"Pains au lait Epi d'Or Pépites chocolat - 350g","p":2.29,"u":"6,54 €/KG","img":"https://fd6-photos.leclercdrive.fr/image.ashx?id=2867895&use=l&cat=p&typeid=i","cat":293505},{"id":361,"n":"Brioche tranchée Epi d'Or Nature - 500g","p":1.65,"u":"3,30 €/KG","img":"https://fd6-photos.leclercdrive.fr/image.ashx?id=2860694&use=l&cat=p&typeid=i","cat":284478},{"id":362,"n":"Briochettes Epi d'Or Nature x12 - 480g","p":1.49,"u":"3,10 €/KG","img":"https://fd6-photos.leclercdrive.fr/image.ashx?id=2860709&use=l&cat=p&typeid=i","cat":284478},{"id":363,"n":"Pains au lait Epi d'Or x10 - 350g","p":1.19,"u":"3,40 €/KG","img":"https://fd6-photos.leclercdrive.fr/image.ashx?id=2860688&use=l&cat=p&typeid=i","cat":293505},{"id":364,"n":"Pains au chocolat Epi d'Or x8 - 360g","p":1.89,"u":"5,25 €/KG","img":"https://fd6-photos.leclercdrive.fr/image.ashx?id=2860691&use=l&cat=p&typeid=i","cat":296366},{"id":367,"n":"Barre patissière P'tit Déli 800g","p":2.2,"u":"2,75 €/KG","img":"https://fd6-photos.leclercdrive.fr/image.ashx?id=2074379&use=l&cat=p&typeid=i","cat":294776},{"id":368,"n":"Madeleine P'tit Déli coquilles Sachet 1kg","p":3.4,"u":"3,40 €/KG","img":"https://fd6-photos.leclercdrive.fr/image.ashx?id=2999493&use=l&cat=p&typeid=i","cat":284492},{"id":369,"n":"Marbré P'tit Déli 300g","p":1.89,"u":"6,30 €/KG","img":"https://fd6-photos.leclercdrive.fr/image.ashx?id=2562698&use=l&cat=p&typeid=i","cat":294776},{"id":376,"n":"Biscottes Cracotte LU  Froment - 250g","p":1.48,"u":"5,92 €/KG","img":"https://fd6-photos.leclercdrive.fr/image.ashx?id=3002006&use=l&cat=p&typeid=i","cat":284479},{"id":377,"n":"Biscottes Cracotte LU Gourmande - 250g","p":1.64,"u":"6,56 €/KG","img":"https://fd6-photos.leclercdrive.fr/image.ashx?id=3002009&use=l&cat=p&typeid=i","cat":284479},{"id":378,"n":"Biscottes Cracotte LU  Céréales complètes - 250g","p":1.63,"u":"6,52 €/KG","img":"https://fd6-photos.leclercdrive.fr/image.ashx?id=3002012&use=l&cat=p&typeid=i","cat":284479},{"id":379,"n":"Biscottes fourrées Cracotte Lu Chocolat - 200g","p":1.57,"u":"7,85 €/KG","img":"https://fd6-photos.leclercdrive.fr/image.ashx?id=2849704&use=l&cat=p&typeid=i","cat":284479},{"id":382,"n":"Biscottes Epi d'Or 6 céréales x36 - 300g","p":1.22,"u":"4,07 €/KG","img":"https://fd6-photos.leclercdrive.fr/image.ashx?id=2532832&use=l&cat=p&typeid=i","cat":284479},{"id":384,"n":"Biscottes Epi d'Or froment x36 - 300g","p":1.37,"u":"4,57 €/KG","img":"https://fd6-photos.leclercdrive.fr/image.ashx?id=2634854&use=l&cat=p&typeid=i","cat":284479},{"id":388,"n":"Tartines craquantes Epi d'Or  Froment - 250g","p":1.05,"u":"4,20 €/KG","img":"https://fd6-photos.leclercdrive.fr/image.ashx?id=2856121&use=l&cat=p&typeid=i","cat":284479},{"id":396,"n":"Café Moulu Italien Lavazza  Robusta Il Mattino - 4x250g","p":11.97,"u":"11,97 €/KG","img":"https://fd6-photos.leclercdrive.fr/image.ashx?id=2871163&use=l&cat=p&typeid=i","cat":284750},{"id":399,"n":"Café moulu Plantation Intense et aromatique - 2x250g","p":6.8,"u":"13,60 €/KG","img":"https://fd6-photos.leclercdrive.fr/image.ashx?id=2607398&use=l&cat=p&typeid=i","cat":284750},{"id":400,"n":"Café moulu Plantation  Intense et aromatique - 250g","p":3.5,"u":"14,00 €/KG","img":"https://fd6-photos.leclercdrive.fr/image.ashx?id=2555050&use=l&cat=p&typeid=i","cat":284750},{"id":401,"n":"Café moulu Plantation  Brésil - 2x250g","p":7.19,"u":"14,38 €/KG","img":"https://fd6-photos.leclercdrive.fr/image.ashx?id=2824247&use=l&cat=p&typeid=i","cat":284750},{"id":402,"n":"Café moulu Plantation  Tradition - 4x250g","p":9.69,"u":"9,69 €/KG","img":"https://fd6-photos.leclercdrive.fr/image.ashx?id=2824250&use=l&cat=p&typeid=i","cat":284750},{"id":405,"n":"Café Soluble Nescafé Spécial Filtre Original - 200g","p":7.84,"u":"39,20 €/KG","img":"https://fd6-photos.leclercdrive.fr/image.ashx?id=2837154&use=l&cat=p&typeid=i","cat":284843},{"id":406,"n":"Café soluble Nescafé Capuccino - x10 - 140g","p":2.97,"u":"21,21 €/KG","img":"https://fd6-photos.leclercdrive.fr/image.ashx?id=2729929&use=l&cat=p&typeid=i","cat":284843},{"id":407,"n":"Café et Chicorée Soluble Ricoré Lait - 400g","p":6.11,"u":"15,28 €/KG","img":"https://fd6-photos.leclercdrive.fr/image.ashx?id=2979617&use=l&cat=p&typeid=i","cat":284843},{"id":435,"n":"Infusion Tiséa Tilleul Menthe - x25","p":1.05,"u":"26,25 €/KG","img":"https://fd6-photos.leclercdrive.fr/image.ashx?id=2481748&use=l&cat=p&typeid=i","cat":293234},{"id":436,"n":"Infusion Tiséa Verveine - x25","p":0.92,"u":"23,00 €/KG","img":"https://fd6-photos.leclercdrive.fr/image.ashx?id=2900328&use=l&cat=p&typeid=i","cat":293234},{"id":437,"n":"Infusion Tiséa Verveine Orange - x25","p":1.34,"u":"33,50 €/KG","img":"https://fd6-photos.leclercdrive.fr/image.ashx?id=2757915&use=l&cat=p&typeid=i","cat":293234},{"id":444,"n":"Lait en poudre Régilait Demi écrémé - 300g","p":2.44,"u":"8,13 €/KG","img":"https://fd6-photos.leclercdrive.fr/image.ashx?id=2110077&use=l&cat=p&typeid=i","cat":299162},{"id":446,"n":"Lait en poudre Délisse Ecrémé - 300g","p":2.1,"u":"7,00 €/KG","img":"https://fd6-photos.leclercdrive.fr/image.ashx?id=2545467&use=l&cat=p&typeid=i","cat":299162},{"id":451,"n":"Confiture Bonne Maman Abricots - 370g","p":1.64,"u":"4,43 €/KG","img":"https://fd6-photos.leclercdrive.fr/image.ashx?id=3001275&use=l&cat=p&typeid=i","cat":284480},{"id":453,"n":"Confiture extra figues NRT De Provence - 315g","p":2.64,"u":"8,38 €/KG","img":"https://fd6-photos.leclercdrive.fr/image.ashx?id=2699801&use=l&cat=p&typeid=i","cat":284480},{"id":456,"n":"Céréales Golden Grahams Nestlé 375g","p":2.28,"u":"6,08 €/KG","img":"https://fd6-photos.leclercdrive.fr/image.ashx?id=2979830&use=l&cat=p&typeid=i","cat":309513},{"id":473,"n":"Céréales Lion Nestlé Caramel et Chocolat - 400g","p":2.62,"u":"6,55 €/KG","img":"https://fd6-photos.leclercdrive.fr/image.ashx?id=2927453&use=l&cat=p&typeid=i","cat":309513},{"id":474,"n":"Céréales Cookie Crisp Nestlé 375g","p":2.3,"u":"6,13 €/KG","img":"https://fd6-photos.leclercdrive.fr/image.ashx?id=2926443&use=l&cat=p&typeid=i","cat":309513},{"id":475,"n":"Céréales Chokella Nestlé Choco Noisette - 350g","p":2.37,"u":"6,77 €/KG","img":"https://fd6-photos.leclercdrive.fr/image.ashx?id=2844766&use=l&cat=p&typeid=i","cat":309513},{"id":486,"n":"Sucre en poudre Saint Louis 1kg","p":1.5,"u":"1,50 €/KG","img":"https://fd6-photos.leclercdrive.fr/image.ashx?id=2624239&use=l&cat=p&typeid=i","cat":284502},{"id":487,"n":"Sucre cristal Saint Louis Sachet 5kg","p":9.06,"u":"1,81 €/KG","img":"https://fd6-photos.leclercdrive.fr/image.ashx?id=2624248&use=l&cat=p&typeid=i","cat":284502},{"id":491,"n":"Levure boulangère Francine 30g","p":1.16,"u":"38,67 €/KG","img":"https://fd6-photos.leclercdrive.fr/image.ashx?id=2210083&use=l&cat=p&typeid=i","cat":294686},{"id":492,"n":"Farine fluide Tablier Blanc Sans grumeaux - 1kg","p":0.85,"u":"0,85 €/KG","img":"https://fd6-photos.leclercdrive.fr/image.ashx?id=2487422&use=l&cat=p&typeid=i","cat":284503},{"id":494,"n":"Levure boulangère Alsa Briochin - x5 - 27.5g","p":0.81,"u":"28,93 €/KG","img":"https://fd6-photos.leclercdrive.fr/image.ashx?id=3007906&use=l&cat=p&typeid=i","cat":294686},{"id":495,"n":"Sucre vanilliné Tablier Blanc x10 - 75g","p":0.73,"u":"9,73 €/KG","img":"https://fd6-photos.leclercdrive.fr/image.ashx?id=2487434&use=l&cat=p&typeid=i","cat":284504},{"id":496,"n":"Sucre Vanillé des Isles Alsa x7 - 52.5g","p":2.41,"u":"46,35 €/KG","img":"https://fd6-photos.leclercdrive.fr/image.ashx?id=2965867&use=l&cat=p&typeid=i","cat":294686},{"id":497,"n":"Sucre Vanillé Alsa x12 - 90g","p":2.07,"u":"23,00 €/KG","img":"https://fd6-photos.leclercdrive.fr/image.ashx?id=3004459&use=l&cat=p&typeid=i","cat":294686},{"id":528,"n":"Bonbons Copains Copines Cola acide - 275 g","p":1.53,"u":"5,56 €/KG","img":"https://fd6-photos.leclercdrive.fr/image.ashx?id=2934658&use=l&cat=p&typeid=i","cat":304250},{"id":529,"n":"Bonbons Copains Copines Chocours 200g","p":1.25,"u":"6,25 €/KG","img":"https://fd6-photos.leclercdrive.fr/image.ashx?id=2934649&use=l&cat=p&typeid=i","cat":304250},{"id":546,"n":"Eau minérale naturelle Des Alpes - 6x50cl","p":1.98,"u":"0,66 €/L","img":"https://fd6-photos.leclercdrive.fr/image.ashx?id=2423499&use=l&cat=p&typeid=i","cat":284535},{"id":547,"n":"Eau de source de Montagne 5L","p":0.87,"u":"0,17 €/L","img":"https://fd6-photos.leclercdrive.fr/image.ashx?id=2699420&use=l&cat=p&typeid=i","cat":284535},{"id":556,"n":"Eau minérale naturelle  Des Alpes - 1,5L","p":0.35,"u":"0,23 €/L","img":"https://fd6-photos.leclercdrive.fr/image.ashx?id=2768670&use=l&cat=p&typeid=i","cat":284535},{"id":567,"n":"Eau gazeuse San Pellegrino Minérale naturelle - 6x50cl","p":2.95,"u":"0,98 €/L","img":"https://fd6-photos.leclercdrive.fr/image.ashx?id=2145871&use=l&cat=p&typeid=i","cat":284536},{"id":591,"n":"Sirop Frucci Citron - 75cl","p":1.69,"u":"2,25 €/L","img":"https://fd6-photos.leclercdrive.fr/image.ashx?id=2842214&use=l&cat=p&typeid=i","cat":295020},{"id":592,"n":"Sirop Frucci Grenadine - 75cl","p":1.99,"u":"2,65 €/L","img":"https://fd6-photos.leclercdrive.fr/image.ashx?id=2842220&use=l&cat=p&typeid=i","cat":295020},{"id":593,"n":"Sirop Frucci Pêche - 75cl","p":2.39,"u":"3,19 €/L","img":"https://fd6-photos.leclercdrive.fr/image.ashx?id=2842226&use=l&cat=p&typeid=i","cat":295020},{"id":594,"n":"Sirop Frucci Framboise - 75cl","p":3.52,"u":"4,69 €/L","img":"https://fd6-photos.leclercdrive.fr/image.ashx?id=2909867&use=l&cat=p&typeid=i","cat":295020},{"id":595,"n":"Sirop Frucci Fraise - 75cl","p":2.69,"u":"3,59 €/L","img":"https://fd6-photos.leclercdrive.fr/image.ashx?id=2842232&use=l&cat=p&typeid=i","cat":295020},{"id":596,"n":"Sirop Frucci Cassis - 75cl","p":2.94,"u":"3,92 €/L","img":"https://fd6-photos.leclercdrive.fr/image.ashx?id=2842238&use=l&cat=p&typeid=i","cat":295020},{"id":598,"n":"100% Pur jus de tomate Jafaden bouteille plastique -1L","p":2.05,"u":"2,05 €/L","img":"https://fd6-photos.leclercdrive.fr/image.ashx?id=2860682&use=l&cat=p&typeid=i","cat":284523},{"id":612,"n":"100% Pur jus d'orange Jafaden Sans pulpe - 1L","p":2.22,"u":"2,22 €/L","img":"https://fd6-photos.leclercdrive.fr/image.ashx?id=2955620&use=l&cat=p&typeid=i","cat":284521},{"id":613,"n":"Jus d'orange Jafaden A base de concentré - 6x20cl","p":1.99,"u":"1,66 €/L","img":"https://fd6-photos.leclercdrive.fr/image.ashx?id=2751871&use=l&cat=p&typeid=i","cat":284524},{"id":617,"n":"100% Pur jus d'orange Jafaden  Sans pulpe - 1,5L","p":2.65,"u":"1,77 €/L","img":"https://fd6-photos.leclercdrive.fr/image.ashx?id=2842468&use=l&cat=p&typeid=i","cat":284521},{"id":618,"n":"Nectar d'orange Jafaden Avec pulpe - 1L","p":1.69,"u":"1,69 €/L","img":"https://fd6-photos.leclercdrive.fr/image.ashx?id=2955638&use=l&cat=p&typeid=i","cat":284521},{"id":619,"n":"Nectar orange Jafaden 2L","p":2.52,"u":"1,26 €/L","img":"https://fd6-photos.leclercdrive.fr/image.ashx?id=2955644&use=l&cat=p&typeid=i","cat":284521},{"id":621,"n":"100% Pur jus d'orange Jafaden  Sans pulpe - 2L","p":3.49,"u":"1,75 €/L","img":"https://fd6-photos.leclercdrive.fr/image.ashx?id=2842456&use=l&cat=p&typeid=i","cat":284521},{"id":624,"n":"Pur Jus de pommes NRT De Bretagne - 1L","p":2.53,"u":"2,53 €/L","img":"https://fd6-photos.leclercdrive.fr/image.ashx?id=2590463&use=l&cat=p&typeid=i","cat":284522},{"id":625,"n":"Pur jus raisin Jafaden 1L","p":1.55,"u":"1,55 €/L","img":"https://fd6-photos.leclercdrive.fr/image.ashx?id=2978507&use=l&cat=p&typeid=i","cat":284915},{"id":627,"n":"Jus pamplemousse rose Jafaden A base de concentré - 1L","p":1.55,"u":"1,55 €/L","img":"https://fd6-photos.leclercdrive.fr/image.ashx?id=2917641&use=l&cat=p&typeid=i","cat":284914},{"id":630,"n":"Nectar Jafaden Orange banane - 2L","p":3.19,"u":"1,60 €/L","img":"https://fd6-photos.leclercdrive.fr/image.ashx?id=2955680&use=l&cat=p&typeid=i","cat":284915},{"id":632,"n":"Jus ananas Jafaden A base de concentré 1L","p":1.75,"u":"1,75 €/L","img":"https://fd6-photos.leclercdrive.fr/image.ashx?id=2919592&use=l&cat=p&typeid=i","cat":284916},{"id":633,"n":"Jus d'ananas Jafaden Briquettes - 6x20cl","p":2.7,"u":"2,25 €/L","img":"https://fd6-photos.leclercdrive.fr/image.ashx?id=2869775&use=l&cat=p&typeid=i","cat":284524},{"id":638,"n":"Jus multifruits Jafaden 1L","p":1.89,"u":"1,89 €/L","img":"https://fd6-photos.leclercdrive.fr/image.ashx?id=2916659&use=l&cat=p&typeid=i","cat":285435},{"id":655,"n":"Soda Jean's Cola Bouteille - 1,5L","p":1.09,"u":"0,73 €/L","img":"https://fd6-photos.leclercdrive.fr/image.ashx?id=3007025&use=l&cat=p&typeid=i","cat":284530},{"id":656,"n":"Soda Jean's Cola Canette - 6x33cl","p":2.26,"u":"1,14 €/L","img":"https://fd6-photos.leclercdrive.fr/image.ashx?id=2637829&use=l&cat=p&typeid=i","cat":284530},{"id":657,"n":"Soda Jean's Cola allégé Bouteille - 1,5L","p":0.87,"u":"0,58 €/L","img":"https://fd6-photos.leclercdrive.fr/image.ashx?id=2874681&use=l&cat=p&typeid=i","cat":284530},{"id":668,"n":"Limonade artisanale NRT 1L","p":2.75,"u":"2,75 €/L","img":"https://fd6-photos.leclercdrive.fr/image.ashx?id=2791066&use=l&cat=p&typeid=i","cat":284531},{"id":669,"n":"Limonade des Pyrénées NRT 6x33cl","p":3.35,"u":"1,69 €/L","img":"https://fd6-photos.leclercdrive.fr/image.ashx?id=2771055&use=l&cat=p&typeid=i","cat":284531},{"id":682,"n":"Soda Pulp'Orange Bouteille - 1,5L","p":1.47,"u":"0,98 €/L","img":"https://fd6-photos.leclercdrive.fr/image.ashx?id=2922382&use=l&cat=p&typeid=i","cat":284532},{"id":683,"n":"Soda Pulp'Orange rouge Bouteille - 1,5L","p":1.59,"u":"1,06 €/L","img":"https://fd6-photos.leclercdrive.fr/image.ashx?id=2922394&use=l&cat=p&typeid=i","cat":284532},{"id":689,"n":"Thé glacé Fresh Tea Pêche - Canette -  6x33cl","p":2.49,"u":"1,26 €/L","img":"https://fd6-photos.leclercdrive.fr/image.ashx?id=2622239&use=l&cat=p&typeid=i","cat":295019},{"id":700,"n":"Bière blonde 1664 5,5° - 4x50cl canettes","p":4.72,"u":"2,36 €/L","img":"https://fd6-photos.leclercdrive.fr/image.ashx?id=2793536&use=l&cat=p&typeid=i","cat":334853},{"id":731,"n":"Bière blonde forte Falsbourg Canette - 8%vol. - 50cl","p":0.98,"u":"1,96 €/L","img":"https://fd6-photos.leclercdrive.fr/image.ashx?id=1907450&use=l&cat=p&typeid=i","cat":334853},{"id":737,"n":"Rhum blanc Lagoa 40%vol - 70cl","p":9.99,"u":"14,27 €/L","img":"https://fd6-photos.leclercdrive.fr/image.ashx?id=2966469&use=l&cat=p&typeid=i","cat":284550},{"id":741,"n":"IGP Pays d'Oc Chardonnay Blanc Vieux Carion 13% vol -75 cl","p":2.75,"u":"3,67 €/L","img":"https://fd6-photos.leclercdrive.fr/image.ashx?id=2874690&use=l&cat=p&typeid=i","cat":289557},{"id":742,"n":"AOP Cabernet d'Anjou vin rosé Les Caractères - BIB 3L - 11%","p":13.49,"u":"4,50 €/L","img":"https://fd6-photos.leclercdrive.fr/image.ashx?id=2940902&use=l&cat=p&typeid=i","cat":289560},{"id":744,"n":"Cidre bouché Les Goelleries Breton brut 5%vol. - 75cl","p":1.99,"u":"2,65 €/L","img":"https://fd6-photos.leclercdrive.fr/image.ashx?id=2842184&use=l&cat=p&typeid=i","cat":334880},{"id":749,"n":"Camembert Les Croisés 20%MG - 250g","p":1.53,"u":"6,12 €/KG","img":"https://fd6-photos.leclercdrive.fr/image.ashx?id=2974762&use=l&cat=p&typeid=i","cat":314033},{"id":750,"n":"Camembert de Pays Les Croisés 21% mg - 250 gr","p":1.75,"u":"7,00 €/KG","img":"https://fd6-photos.leclercdrive.fr/image.ashx?id=2974795&use=l&cat=p&typeid=i","cat":314033},{"id":751,"n":"Coulommiers Les Croisés Tendre/Onctueux - 24%mg - 350g","p":2.15,"u":"6,14 €/KG","img":"https://fd6-photos.leclercdrive.fr/image.ashx?id=2974768&use=l&cat=p&typeid=i","cat":314033},{"id":752,"n":"Petit Brie Les Croisés 32% matière grasse - 500g","p":4.31,"u":"8,62 €/KG","img":"https://fd6-photos.leclercdrive.fr/image.ashx?id=2974792&use=l&cat=p&typeid=i","cat":314033},{"id":753,"n":"Pointe de Brie Les Croisés 32% mg - 200g","p":1.45,"u":"7,25 €/KG","img":"https://fd6-photos.leclercdrive.fr/image.ashx?id=2974771&use=l&cat=p&typeid=i","cat":314033},{"id":754,"n":"Fromage Les Croisés Coeur Crème Lait pasteurisé 33%mg - 300g","p":2.29,"u":"7,63 €/KG","img":"https://fd6-photos.leclercdrive.fr/image.ashx?id=2625068&use=l&cat=p&typeid=i","cat":314033},{"id":757,"n":"Fromage Comté Entremont 32 %mg - 350g","p":5.3,"u":"15,14 €/KG","img":"https://fd6-photos.leclercdrive.fr/image.ashx?id=2983147&use=l&cat=p&typeid=i","cat":314034},{"id":760,"n":"Emmental fromage bloc Les Croisés - 250g","p":2.24,"u":"8,96 €/KG","img":"https://fd6-photos.leclercdrive.fr/image.ashx?id=2904550&use=l&cat=p&typeid=i","cat":314034},{"id":764,"n":"Fromage Bleu Les Croisés Lait pasteurisé 31% mg - 250g","p":2.29,"u":"9,16 €/KG","img":"https://fd6-photos.leclercdrive.fr/image.ashx?id=1081023&use=l&cat=p&typeid=i","cat":314032},{"id":769,"n":"Fromage de Brebis Les Croisés -Tranche - 200g","p":2.22,"u":"11,10 €/KG","img":"https://fd6-photos.leclercdrive.fr/image.ashx?id=2237499&use=l&cat=p&typeid=i","cat":314031},{"id":785,"n":"Rondelé ail et fines herbes 125g","p":1.66,"u":"13,28 €/KG","img":"https://fd6-photos.leclercdrive.fr/image.ashx?id=2967756&use=l&cat=p&typeid=i","cat":314029},{"id":786,"n":"Chaussée aux Moines 450g","p":3.99,"u":"8,87 €/KG","img":"https://fd6-photos.leclercdrive.fr/image.ashx?id=2771166&use=l&cat=p&typeid=i","cat":329184},{"id":787,"n":"Fromage L'Ortolan  Fromagerie Milleret - 250g","p":2.49,"u":"9,96 €/KG","img":"https://fd6-photos.leclercdrive.fr/image.ashx?id=2450913&use=l&cat=p&typeid=i","cat":314033},{"id":794,"n":"Rocamadour NRT AOP  Fromage de chèvre - 3x35g","p":2.69,"u":"25,62 €/KG","img":"https://fd6-photos.leclercdrive.fr/image.ashx?id=2954142&use=l&cat=p&typeid=i","cat":314031},{"id":795,"n":"Fromage Brique Les Croisés Lait pasteurisé 60%mg - 200g","p":1.74,"u":"8,70 €/KG","img":"https://fd6-photos.leclercdrive.fr/image.ashx?id=2615804&use=l&cat=p&typeid=i","cat":314033},{"id":796,"n":"Fromage raclette Les Croisés Tranchette lait pasteurisé 400g","p":3.89,"u":"9,73 €/KG","img":"https://fd6-photos.leclercdrive.fr/image.ashx?id=2791704&use=l&cat=p&typeid=i","cat":314037},{"id":800,"n":"Mozzarella Les Croisés - 125g","p":0.93,"u":"7,44 €/KG","img":"https://fd6-photos.leclercdrive.fr/image.ashx?id=2122682&use=l&cat=p&typeid=i","cat":314026},{"id":806,"n":"Emmental fromage rapé Les Croisés - 500g","p":3.99,"u":"7,98 €/KG","img":"https://fd6-photos.leclercdrive.fr/image.ashx?id=2832903&use=l&cat=p&typeid=i","cat":314035},{"id":807,"n":"Emmental fromage rapé Les Croisés - 200g","p":1.65,"u":"8,25 €/KG","img":"https://fd6-photos.leclercdrive.fr/image.ashx?id=2949409&use=l&cat=p&typeid=i","cat":314035},{"id":808,"n":"Emmental fromage rapé Les Croisés - 100g","p":1.1,"u":"11,00 €/KG","img":"https://fd6-photos.leclercdrive.fr/image.ashx?id=2893283&use=l&cat=p&typeid=i","cat":314035},{"id":809,"n":"Râpé Parmigiano Reggiano AOP Les Croisés - 60g","p":1.1,"u":"18,33 €/KG","img":"https://fd6-photos.leclercdrive.fr/image.ashx?id=2903944&use=l&cat=p&typeid=i","cat":314035},{"id":810,"n":"Râpé Grana Padano AOP Les Croisés - 100g","p":1.5,"u":"15,00 €/KG","img":"https://fd6-photos.leclercdrive.fr/image.ashx?id=2903935&use=l&cat=p&typeid=i","cat":314035},{"id":816,"n":"Yaourts Délisse Nature - 16x125g","p":2.25,"u":"1,13 €/KG","img":"https://fd6-photos.leclercdrive.fr/image.ashx?id=2974756&use=l&cat=p&typeid=i","cat":284409},{"id":817,"n":"Yaourts Délisse Nature - 12x125g","p":1.85,"u":"1,23 €/KG","img":"https://fd6-photos.leclercdrive.fr/image.ashx?id=2971867&use=l&cat=p&typeid=i","cat":284409},{"id":818,"n":"Yaourts brassés Délisse  Nature - 8x125g","p":1.65,"u":"1,65 €/KG","img":"https://fd6-photos.leclercdrive.fr/image.ashx?id=2742611&use=l&cat=p&typeid=i","cat":284409},{"id":819,"n":"Yaourts brassés Délisse Nature - 16x125g","p":2.99,"u":"1,50 €/KG","img":"https://fd6-photos.leclercdrive.fr/image.ashx?id=3003049&use=l&cat=p&typeid=i","cat":284409},{"id":821,"n":"Yaourts sucrés Délisse Nature - 16x125g","p":2.69,"u":"1,35 €/KG","img":"https://fd6-photos.leclercdrive.fr/image.ashx?id=2591485&use=l&cat=p&typeid=i","cat":284409},{"id":822,"n":"Yaourts à la Grecque Délisse Nature - 4x150g","p":1.29,"u":"2,15 €/KG","img":"https://fd6-photos.leclercdrive.fr/image.ashx?id=2882999&use=l&cat=p&typeid=i","cat":314999},{"id":834,"n":"Yaourts La Laitière Fruits pâtissiers - 12x125g","p":4.53,"u":"3,02 €/KG","img":"https://fd6-photos.leclercdrive.fr/image.ashx?id=2578684&use=l&cat=p&typeid=i","cat":314999},{"id":839,"n":"Yaourts crémeux Délisse Panaché de fruits - 16x125g","p":4.32,"u":"2,16 €/KG","img":"https://fd6-photos.leclercdrive.fr/image.ashx?id=2799236&use=l&cat=p&typeid=i","cat":284410},{"id":841,"n":"Yaourts brassés Délisse Panaché de fruits - 16x125g","p":3.26,"u":"1,63 €/KG","img":"https://fd6-photos.leclercdrive.fr/image.ashx?id=2494211&use=l&cat=p&typeid=i","cat":284410},{"id":842,"n":"Yaourts aux fruits Délisse Panaché de fruits - 16x125g","p":3.78,"u":"1,89 €/KG","img":"https://fd6-photos.leclercdrive.fr/image.ashx?id=2609544&use=l&cat=p&typeid=i","cat":284410},{"id":843,"n":"Yaourts Crème Délisse Stracciatella - 4x125g","p":2.04,"u":"4,08 €/KG","img":"https://fd6-photos.leclercdrive.fr/image.ashx?id=2117120&use=l&cat=p&typeid=i","cat":314999},{"id":855,"n":"Yaourts brassés Déli'light  Nature - 0% MG - 8x125g","p":2.13,"u":"2,13 €/KG","img":"https://fd6-photos.leclercdrive.fr/image.ashx?id=2865041&use=l&cat=p&typeid=i","cat":315000},{"id":856,"n":"Yaourts Fruits 0% Déli'light Fruits panachés - 16x125g","p":3.82,"u":"1,91 €/KG","img":"https://fd6-photos.leclercdrive.fr/image.ashx?id=2979337&use=l&cat=p&typeid=i","cat":315000},{"id":871,"n":"Yaourts à boire DéliUp' Délisse Nature - 10x100g","p":2.85,"u":"2,85 €/KG","img":"https://fd6-photos.leclercdrive.fr/image.ashx?id=1713612&use=l&cat=p&typeid=i","cat":284415},{"id":872,"n":"Actifidus Delisse Nature - 12x125g","p":2.23,"u":"1,49 €/KG","img":"https://fd6-photos.leclercdrive.fr/image.ashx?id=2452666&use=l&cat=p&typeid=i","cat":315000},{"id":879,"n":"Fromage blanc sous mousse  Gervita nature - 4x100g","p":1.88,"u":"4,70 €/KG","img":"https://fd6-photos.leclercdrive.fr/image.ashx?id=2746157&use=l&cat=p&typeid=i","cat":284409},{"id":887,"n":"Fromage frais Délisse Fruits panachés 22%mg - 12x50g","p":1.51,"u":"2,52 €/KG","img":"https://fd6-photos.leclercdrive.fr/image.ashx?id=2922491&use=l&cat=p&typeid=i","cat":284414},{"id":890,"n":"Fromage frais Délisse Nature 3,8% MG - 12x60g","p":1.64,"u":"2,28 €/KG","img":"https://fd6-photos.leclercdrive.fr/image.ashx?id=799431&use=l&cat=p&typeid=i","cat":284409},{"id":891,"n":"Pot de Faisselle NRT 7% matière grasse 1kg","p":3.35,"u":"3,35 €/KG","img":"https://fd6-photos.leclercdrive.fr/image.ashx?id=1946904&use=l&cat=p&typeid=i","cat":284409},{"id":892,"n":"Fromage frais Duodélisse Nature - 8x100g","p":2.79,"u":"3,49 €/KG","img":"https://fd6-photos.leclercdrive.fr/image.ashx?id=2387316&use=l&cat=p&typeid=i","cat":284409},{"id":894,"n":"Fromage blanc Délisse Nature 0% MG - 8x100g","p":1.79,"u":"2,24 €/KG","img":"https://fd6-photos.leclercdrive.fr/image.ashx?id=2898817&use=l&cat=p&typeid=i","cat":315000},{"id":895,"n":"Fromage blanc Délisse Nature - 3,1% MG - 8x100g","p":1.79,"u":"2,24 €/KG","img":"https://fd6-photos.leclercdrive.fr/image.ashx?id=2923390&use=l&cat=p&typeid=i","cat":284409},{"id":897,"n":"Fromage blanc Délisse Nature 3.1% MG - 1kg","p":1.97,"u":"1,97 €/KG","img":"https://fd6-photos.leclercdrive.fr/image.ashx?id=3012788&use=l&cat=p&typeid=i","cat":284409},{"id":899,"n":"Dessert Enfant Petits Filous Chocolat - 6x100g","p":2.25,"u":"3,75 €/KG","img":"https://fd6-photos.leclercdrive.fr/image.ashx?id=2878828&use=l&cat=p&typeid=i","cat":284414},{"id":909,"n":"Crème dessert Danette Chocolat et lait - 6x70g","p":1.61,"u":"3,83 €/KG","img":"https://fd6-photos.leclercdrive.fr/image.ashx?id=1984855&use=l&cat=p&typeid=i","cat":285041},{"id":918,"n":"Crème dessert Délisse Café - 4x125g","p":0.89,"u":"1,78 €/KG","img":"https://fd6-photos.leclercdrive.fr/image.ashx?id=2441048&use=l&cat=p&typeid=i","cat":285041},{"id":919,"n":"Crème dessert Délisse Caramel - 4x125g","p":0.91,"u":"1,82 €/KG","img":"https://fd6-photos.leclercdrive.fr/image.ashx?id=2854204&use=l&cat=p&typeid=i","cat":285041},{"id":922,"n":"Crème dessert Délisse Praliné - 4x125g","p":0.95,"u":"1,90 €/KG","img":"https://fd6-photos.leclercdrive.fr/image.ashx?id=2441066&use=l&cat=p&typeid=i","cat":285041},{"id":923,"n":"Crème dessert Délisse Panaché - 12x125g","p":2.83,"u":"1,89 €/KG","img":"https://fd6-photos.leclercdrive.fr/image.ashx?id=2465211&use=l&cat=p&typeid=i","cat":285041},{"id":924,"n":"Petit pot de crème Délisse Chocolat - 4x100g","p":1.88,"u":"4,70 €/KG","img":"https://fd6-photos.leclercdrive.fr/image.ashx?id=2544967&use=l&cat=p&typeid=i","cat":285041},{"id":925,"n":"Petit pot de crème Délisse Vanille - 4x100g","p":1.74,"u":"4,35 €/KG","img":"https://fd6-photos.leclercdrive.fr/image.ashx?id=2556508&use=l&cat=p&typeid=i","cat":285041},{"id":927,"n":"Petit pot de crème Délisse Caramel - 4x100g","p":1.85,"u":"4,63 €/KG","img":"https://fd6-photos.leclercdrive.fr/image.ashx?id=2556511&use=l&cat=p&typeid=i","cat":285041},{"id":933,"n":"Dessert Liégeois Délisse Chocolat Café - 8x100g","p":2.19,"u":"2,74 €/KG","img":"https://fd6-photos.leclercdrive.fr/image.ashx?id=1703227&use=l&cat=p&typeid=i","cat":285042},{"id":934,"n":"Dessert Liégeois Délisse Chocolat - 12x100g","p":3.14,"u":"2,62 €/KG","img":"https://fd6-photos.leclercdrive.fr/image.ashx?id=1868857&use=l&cat=p&typeid=i","cat":285042},{"id":935,"n":"Dessert Liégeois Délisse Vanille Caramel - 8x100g","p":1.98,"u":"2,48 €/KG","img":"https://fd6-photos.leclercdrive.fr/image.ashx?id=2636236&use=l&cat=p&typeid=i","cat":285042},{"id":936,"n":"Riz au lait Délisse  Vanille - 4x115g","p":1.35,"u":"2,93 €/KG","img":"https://fd6-photos.leclercdrive.fr/image.ashx?id=2489107&use=l&cat=p&typeid=i","cat":284418},{"id":940,"n":"Gâteaux de riz Délisse 4x100g","p":1.49,"u":"3,73 €/KG","img":"https://fd6-photos.leclercdrive.fr/image.ashx?id=2898820&use=l&cat=p&typeid=i","cat":284418},{"id":941,"n":"Mousse liégeoise Viennois  Chocolat - 8x90g","p":3.11,"u":"4,32 €/KG","img":"https://fd6-photos.leclercdrive.fr/image.ashx?id=2855043&use=l&cat=p&typeid=i","cat":284417},{"id":942,"n":"Mousse à la liégeoise Délisse Vanille - 8x80g","p":2.62,"u":"4,09 €/KG","img":"https://fd6-photos.leclercdrive.fr/image.ashx?id=3009487&use=l&cat=p&typeid=i","cat":284417},{"id":943,"n":"Mousse Délisse Chocolat noir - 4x60g","p":1.15,"u":"4,79 €/KG","img":"https://fd6-photos.leclercdrive.fr/image.ashx?id=3009493&use=l&cat=p&typeid=i","cat":284417},{"id":944,"n":"Mousse au chocolat Délisse Chocolat au lait - 4x60g","p":1.15,"u":"4,79 €/KG","img":"https://fd6-photos.leclercdrive.fr/image.ashx?id=3009496&use=l&cat=p&typeid=i","cat":284417},{"id":945,"n":"Mousse chocolat Délisse Noir et lait coulis - 8x60g","p":2.25,"u":"4,69 €/KG","img":"https://fd6-photos.leclercdrive.fr/image.ashx?id=3009499&use=l&cat=p&typeid=i","cat":284417},{"id":946,"n":"Mousse Délisse Café - 4x60g","p":1.45,"u":"6,04 €/KG","img":"https://fd6-photos.leclercdrive.fr/image.ashx?id=3009505&use=l&cat=p&typeid=i","cat":284417},{"id":955,"n":"Ile flottante Délisse Crème anglaise - 4x100g","p":1.89,"u":"4,73 €/KG","img":"https://fd6-photos.leclercdrive.fr/image.ashx?id=2860706&use=l&cat=p&typeid=i","cat":284419},{"id":959,"n":"Flan Délisse Vanille Caramel - 4x100g","p":0.79,"u":"1,98 €/KG","img":"https://fd6-photos.leclercdrive.fr/image.ashx?id=2851640&use=l&cat=p&typeid=i","cat":284420},{"id":960,"n":"Flan Délisse Vanille Caramel - 16x100g","p":2.52,"u":"1,58 €/KG","img":"https://fd6-photos.leclercdrive.fr/image.ashx?id=2858977&use=l&cat=p&typeid=i","cat":284420},{"id":964,"n":"Lait demi-écrémé Délisse UHT Bouteille -  1L","p":1.05,"u":"1,05 €/L","img":"https://fd6-photos.leclercdrive.fr/image.ashx?id=2981828&use=l&cat=p&typeid=i","cat":284377},{"id":965,"n":"Lait demi-écrémé Délisse UHT Bouteille -  50cl","p":0.79,"u":"1,58 €/L","img":"https://fd6-photos.leclercdrive.fr/image.ashx?id=2981852&use=l&cat=p&typeid=i","cat":284377},{"id":970,"n":"Boisson lactée au cacao Cacolac Bouteilles - 8x20cl","p":5.49,"u":"3,43 €/L","img":"https://fd6-photos.leclercdrive.fr/image.ashx?id=2762085&use=l&cat=p&typeid=i","cat":295246},{"id":972,"n":"Matin Léger de Lactel Bouteille Sans lactose 1.2% mg - 50cl","p":1.19,"u":"2,38 €/L","img":"https://fd6-photos.leclercdrive.fr/image.ashx?id=2883561&use=l&cat=p&typeid=i","cat":317169},{"id":973,"n":"Lait chèvre demi-écrémé Lactel UHT Bouteille - 1L","p":2.51,"u":"2,51 €/L","img":"https://fd6-photos.leclercdrive.fr/image.ashx?id=3005035&use=l&cat=p&typeid=i","cat":295251},{"id":979,"n":"Beurre Mini Elle&Vire  Doux - 82% MG - 16P - 200g","p":2.84,"u":"14,20 €/KG","img":"https://fd6-photos.leclercdrive.fr/image.ashx?id=2528397&use=l&cat=p&typeid=i","cat":284379},{"id":983,"n":"Beurre Tendre Les Croisés Doux - 82% MG - 250g","p":2.59,"u":"10,36 €/KG","img":"https://fd6-photos.leclercdrive.fr/image.ashx?id=2778018&use=l&cat=p&typeid=i","cat":284379},{"id":985,"n":"Beurre de Bretagne Les Croisés Doux - 82% MG - 500g","p":4.89,"u":"9,78 €/KG","img":"https://fd6-photos.leclercdrive.fr/image.ashx?id=2777976&use=l&cat=p&typeid=i","cat":284379},{"id":988,"n":"Beurre Les Croisés 80% MG  Demi-sel Extra fin - 250g","p":2.39,"u":"9,56 €/KG","img":"https://fd6-photos.leclercdrive.fr/image.ashx?id=2777952&use=l&cat=p&typeid=i","cat":284379},{"id":989,"n":"Beurre Tendre Les Croisés Demi-sel - 80% MG - 250g","p":2.62,"u":"10,48 €/KG","img":"https://fd6-photos.leclercdrive.fr/image.ashx?id=2778009&use=l&cat=p&typeid=i","cat":284379},{"id":990,"n":"Beurre Tendre Les Croisés Doux - 82% MG - 250g","p":2.29,"u":"9,16 €/KG","img":"https://fd6-photos.leclercdrive.fr/image.ashx?id=2839887&use=l&cat=p&typeid=i","cat":284379},{"id":991,"n":"Beurre de Bretagne Les Croisés Demi-sel - 80% MG - 500g","p":4.89,"u":"9,78 €/KG","img":"https://fd6-photos.leclercdrive.fr/image.ashx?id=2777970&use=l&cat=p&typeid=i","cat":284379},{"id":1003,"n":"Crème UHT Elle & Vire Fluide Entière - 30% MG - 1L","p":5.25,"u":"5,25 €/L","img":"https://fd6-photos.leclercdrive.fr/image.ashx?id=3008554&use=l&cat=p&typeid=i","cat":284381},{"id":1004,"n":"Crème UHT Elle&Vire Semi-Ep. Si Légère - 4% MG - 3x20cl","p":2.58,"u":"4,30 €/L","img":"https://fd6-photos.leclercdrive.fr/image.ashx?id=2985282&use=l&cat=p&typeid=i","cat":284381},{"id":1005,"n":"Crème Chantilly sucrée Délisse Entière sous pression - 250g","p":1.95,"u":"7,80 €/KG","img":"https://fd6-photos.leclercdrive.fr/image.ashx?id=3002512&use=l&cat=p&typeid=i","cat":284382},{"id":1006,"n":"Crème Chantilly sucrée Délisse Allégée sous pression - 250g","p":1.85,"u":"7,40 €/KG","img":"https://fd6-photos.leclercdrive.fr/image.ashx?id=3002515&use=l&cat=p&typeid=i","cat":284382},{"id":1008,"n":"Crème entière fluide Délisse 30%mg - 3x20cl","p":2.65,"u":"4,42 €/L","img":"https://fd6-photos.leclercdrive.fr/image.ashx?id=2509977&use=l&cat=p&typeid=i","cat":284381},{"id":1009,"n":"Crème légère semi-épaisse   Délisse 18%mg - 3x20cl","p":2.09,"u":"3,48 €/L","img":"https://fd6-photos.leclercdrive.fr/image.ashx?id=3002554&use=l&cat=p&typeid=i","cat":284381},{"id":1010,"n":"Crème entière d'Isigny AOP NRT 40cl","p":2.99,"u":"7,48 €/L","img":"https://fd6-photos.leclercdrive.fr/image.ashx?id=2771022&use=l&cat=p&typeid=i","cat":284381},{"id":1011,"n":"Crème fraîche légère Délisse Epaisse - 15% MG - 20cl","p":0.7,"u":"3,50 €/L","img":"https://fd6-photos.leclercdrive.fr/image.ashx?id=1974248&use=l&cat=p&typeid=i","cat":284381},{"id":1012,"n":"Crème fraîche légère Délisse Epaisse - 15% MG  - 50cl","p":1.55,"u":"3,10 €/L","img":"https://fd6-photos.leclercdrive.fr/image.ashx?id=3002539&use=l&cat=p&typeid=i","cat":284381},{"id":1013,"n":"Crème fraîche entière Délisse Epaisse - 30% MG - 20cl","p":0.84,"u":"4,20 €/L","img":"https://fd6-photos.leclercdrive.fr/image.ashx?id=2013155&use=l&cat=p&typeid=i","cat":284381},{"id":1014,"n":"Crème fraîche entière Délisse Epaisse - 30% MG- 50cl","p":1.95,"u":"3,90 €/L","img":"https://fd6-photos.leclercdrive.fr/image.ashx?id=3002524&use=l&cat=p&typeid=i","cat":284381},{"id":1019,"n":"Jambon Italien Saint Azay x6 - 100g","p":1.75,"u":"17,50 €/KG","img":"https://fd6-photos.leclercdrive.fr/image.ashx?id=2466871&use=l&cat=p&typeid=i","cat":316007},{"id":1021,"n":"Rosette de lyon Saint Azay 10 tranches - 100g","p":2.99,"u":"29,90 €/KG","img":"https://fd6-photos.leclercdrive.fr/image.ashx?id=2114415&use=l&cat=p&typeid=i","cat":316007},{"id":1022,"n":"Bacon Saint Azay x15 - 150g","p":1.79,"u":"11,93 €/KG","img":"https://fd6-photos.leclercdrive.fr/image.ashx?id=2974957&use=l&cat=p&typeid=i","cat":316007},{"id":1026,"n":"Assiette charcuterie Saint Azay 200g","p":5.54,"u":"27,70 €/KG","img":"https://fd6-photos.leclercdrive.fr/image.ashx?id=2257220&use=l&cat=p&typeid=i","cat":316007},{"id":1027,"n":"Plateau charcuteries Alsace NRT 200g","p":2.04,"u":"10,20 €/KG","img":"https://fd6-photos.leclercdrive.fr/image.ashx?id=2991479&use=l&cat=p&typeid=i","cat":316012},{"id":1029,"n":"Mini saucissons secs Saint Azay Nature - 75g","p":1.29,"u":"17,20 €/KG","img":"https://fd6-photos.leclercdrive.fr/image.ashx?id=2943617&use=l&cat=p&typeid=i","cat":316006},{"id":1030,"n":"Mini Saucissons secs Saint Azay Aux noix - 75g","p":1.35,"u":"18,00 €/KG","img":"https://fd6-photos.leclercdrive.fr/image.ashx?id=2943620&use=l&cat=p&typeid=i","cat":316006},{"id":1032,"n":"Saucisse sèche Saint Azay Qualité supérieure - 300g","p":3.46,"u":"11,53 €/KG","img":"https://fd6-photos.leclercdrive.fr/image.ashx?id=2859152&use=l&cat=p&typeid=i","cat":316006},{"id":1033,"n":"Chorizo Doux Saint Azay 225g","p":1.89,"u":"8,40 €/KG","img":"https://fd6-photos.leclercdrive.fr/image.ashx?id=2753460&use=l&cat=p&typeid=i","cat":316006},{"id":1034,"n":"Chorizo Fort Saint Azay 225g","p":1.89,"u":"8,40 €/KG","img":"https://fd6-photos.leclercdrive.fr/image.ashx?id=2753463&use=l&cat=p&typeid=i","cat":316006},{"id":1035,"n":"Chorizo Extra Fort Saint Azay 225g","p":1.89,"u":"8,40 €/KG","img":"https://fd6-photos.leclercdrive.fr/image.ashx?id=2430686&use=l&cat=p&typeid=i","cat":316006},{"id":1039,"n":"Jambon Tranché Fin FleuryMichon à l'italienne x4 - 120g","p":2.76,"u":"23,00 €/KG","img":"https://fd6-photos.leclercdrive.fr/image.ashx?id=2889304&use=l&cat=p&typeid=i","cat":316009},{"id":1058,"n":"Jambon serrano IGP Saint Azay 6 tranches - 100g","p":1.69,"u":"16,90 €/KG","img":"https://fd6-photos.leclercdrive.fr/image.ashx?id=2850422&use=l&cat=p&typeid=i","cat":316007},{"id":1069,"n":"Saucisses de Montbéliard IGP NRT - 250g","p":3.19,"u":"12,76 €/KG","img":"https://fd6-photos.leclercdrive.fr/image.ashx?id=2991470&use=l&cat=p&typeid=i","cat":316012},{"id":1070,"n":"Saucisse de Morteau NRT IGP - 350g","p":5.41,"u":"15,46 €/KG","img":"https://fd6-photos.leclercdrive.fr/image.ashx?id=2991464&use=l&cat=p&typeid=i","cat":316012},{"id":1071,"n":"Coppa italienne Saint Azay 10 tranches 100 g","p":1.98,"u":"19,80 €/KG","img":"https://fd6-photos.leclercdrive.fr/image.ashx?id=2665844&use=l&cat=p&typeid=i","cat":316007},{"id":1081,"n":"Véritables Knacks d'Alsace NRT X4 - 260g","p":2.79,"u":"10,73 €/KG","img":"https://fd6-photos.leclercdrive.fr/image.ashx?id=2991488&use=l&cat=p&typeid=i","cat":316012},{"id":1087,"n":"Pâté en croûte St Azay 450g","p":2.65,"u":"5,89 €/KG","img":"https://fd6-photos.leclercdrive.fr/image.ashx?id=2932396&use=l&cat=p&typeid=i","cat":316003},{"id":1104,"n":"Foie gras canard IGP Périgord Entier NRT - 300g","p":23.9,"u":"79,67 €/KG","img":"https://fd6-photos.leclercdrive.fr/image.ashx?id=2807318&use=l&cat=p&typeid=i","cat":316008},{"id":1105,"n":"Carottes râpées Menu Fraîcheur  Assaisonnées - 500g","p":0.99,"u":"1,98 €/KG","img":"https://fd6-photos.leclercdrive.fr/image.ashx?id=2850811&use=l&cat=p&typeid=i","cat":333657},{"id":1106,"n":"Céleri Menu Fraîcheur  Rémoulade - 300g","p":0.99,"u":"3,30 €/KG","img":"https://fd6-photos.leclercdrive.fr/image.ashx?id=2819929&use=l&cat=p&typeid=i","cat":333657},{"id":1107,"n":"Taboulé Menu Fraîcheur A l'orientale - 300g","p":0.99,"u":"3,30 €/KG","img":"https://fd6-photos.leclercdrive.fr/image.ashx?id=2816546&use=l&cat=p&typeid=i","cat":333657},{"id":1108,"n":"Taboulé Menu Fraîcheur A l'orientale - 500g","p":1.39,"u":"2,78 €/KG","img":"https://fd6-photos.leclercdrive.fr/image.ashx?id=2816549&use=l&cat=p&typeid=i","cat":333657},{"id":1109,"n":"Taboule Menu Fraîcheur Au poulet - 300g","p":1.39,"u":"4,63 €/KG","img":"https://fd6-photos.leclercdrive.fr/image.ashx?id=2901431&use=l&cat=p&typeid=i","cat":333657},{"id":1115,"n":"Croque-monsieur Côté Croc 2x100g","p":1.36,"u":"6,80 €/KG","img":"https://fd6-photos.leclercdrive.fr/image.ashx?id=2873661&use=l&cat=p&typeid=i","cat":333671},{"id":1116,"n":"Croque-monsieur Côté Croc 2x135g","p":1.94,"u":"7,19 €/KG","img":"https://fd6-photos.leclercdrive.fr/image.ashx?id=2885765&use=l&cat=p&typeid=i","cat":333671},{"id":1117,"n":"Manchons de poulet Côté Croc 250g","p":2.49,"u":"9,96 €/KG","img":"https://fd6-photos.leclercdrive.fr/image.ashx?id=2560467&use=l&cat=p&typeid=i","cat":333685},{"id":1118,"n":"Manchons de poulet Côté Croc Méxicaine - 250g","p":2.49,"u":"9,96 €/KG","img":"https://fd6-photos.leclercdrive.fr/image.ashx?id=2570031&use=l&cat=p&typeid=i","cat":333685},{"id":1125,"n":"Cordons bleus Côté Croc Dinde - 200g","p":1.95,"u":"9,75 €/KG","img":"https://fd6-photos.leclercdrive.fr/image.ashx?id=2915113&use=l&cat=p&typeid=i","cat":333683},{"id":1126,"n":"Nuggets de poulet Côté Croc x10 - 200g","p":1.52,"u":"7,60 €/KG","img":"https://fd6-photos.leclercdrive.fr/image.ashx?id=2883312&use=l&cat=p&typeid=i","cat":333684},{"id":1127,"n":"Croque Fromage Père Dodu  x2 - 200g","p":1.79,"u":"8,95 €/KG","img":"https://fd6-photos.leclercdrive.fr/image.ashx?id=2956981&use=l&cat=p&typeid=i","cat":333683},{"id":1131,"n":"Escalope Bolognaise Père Dodu  Poulet x2 - 200g","p":2.62,"u":"13,10 €/KG","img":"https://fd6-photos.leclercdrive.fr/image.ashx?id=2956978&use=l&cat=p&typeid=i","cat":333683},{"id":1133,"n":"Nuggets de Poulet Père Dodu  x10 - 200g","p":2.09,"u":"10,45 €/KG","img":"https://fd6-photos.leclercdrive.fr/image.ashx?id=2956972&use=l&cat=p&typeid=i","cat":333684},{"id":1134,"n":"Nuggets de Fromage Père Dodu  x10 - 180g","p":2.23,"u":"12,39 €/KG","img":"https://fd6-photos.leclercdrive.fr/image.ashx?id=2956990&use=l&cat=p&typeid=i","cat":333684},{"id":1135,"n":"Pizza fraîche Turini Jambon fromage - 450g","p":2.39,"u":"5,31 €/KG","img":"https://fd6-photos.leclercdrive.fr/image.ashx?id=1959034&use=l&cat=p&typeid=i","cat":333679},{"id":1136,"n":"Pizza fraîche Turini 4 fromages - 450g","p":2.49,"u":"5,53 €/KG","img":"https://fd6-photos.leclercdrive.fr/image.ashx?id=2590412&use=l&cat=p&typeid=i","cat":333679},{"id":1137,"n":"Pizza Turini Chèvre lardons - 450g","p":2.58,"u":"5,73 €/KG","img":"https://fd6-photos.leclercdrive.fr/image.ashx?id=2727611&use=l&cat=p&typeid=i","cat":333679},{"id":1142,"n":"Ravioli Lustucru Selection  Boeuf - 300g","p":1.81,"u":"6,03 €/KG","img":"https://fd6-photos.leclercdrive.fr/image.ashx?id=2938659&use=l&cat=p&typeid=i","cat":333682},{"id":1144,"n":"Ravioli jambon Turini 300g","p":2.06,"u":"6,87 €/KG","img":"https://fd6-photos.leclercdrive.fr/image.ashx?id=2777997&use=l&cat=p&typeid=i","cat":333682},{"id":1145,"n":"Ravioli 4 fromages Turini 300g","p":1.49,"u":"4,97 €/KG","img":"https://fd6-photos.leclercdrive.fr/image.ashx?id=813114&use=l&cat=p&typeid=i","cat":333682},{"id":1147,"n":"Kit Pâte à pizza Croustipate 600g","p":3.36,"u":"5,60 €/KG","img":"https://fd6-photos.leclercdrive.fr/image.ashx?id=2161651&use=l&cat=p&typeid=i","cat":333681},{"id":1149,"n":"Pâte à pizza Tablier Blanc 260g","p":1.05,"u":"4,04 €/KG","img":"https://fd6-photos.leclercdrive.fr/image.ashx?id=2041773&use=l&cat=p&typeid=i","cat":333681},{"id":1150,"n":"Pâte sablée Tablier Blanc 230g","p":1.09,"u":"4,74 €/KG","img":"https://fd6-photos.leclercdrive.fr/image.ashx?id=2635898&use=l&cat=p&typeid=i","cat":333681},{"id":1151,"n":"Pâte feuilletée Tablier Blanc Au beurre - 230g","p":1.15,"u":"5,00 €/KG","img":"https://fd6-photos.leclercdrive.fr/image.ashx?id=2635895&use=l&cat=p&typeid=i","cat":333681},{"id":1152,"n":"Pâte feuilletée Tablier Blanc Prête à dérouler - 230g","p":0.74,"u":"3,22 €/KG","img":"https://fd6-photos.leclercdrive.fr/image.ashx?id=2922388&use=l&cat=p&typeid=i","cat":333681},{"id":1154,"n":"Lardons de saumon fumé Ronde des Mers - 90g","p":3.6,"u":"40,00 €/KG","img":"https://fd6-photos.leclercdrive.fr/image.ashx?id=2449975&use=l&cat=p&typeid=i","cat":285188},{"id":1163,"n":"Mini blinis Ronde des Mers x16 - 135g","p":0.99,"u":"7,33 €/KG","img":"https://fd6-photos.leclercdrive.fr/image.ashx?id=751176&use=l&cat=p&typeid=i","cat":285191},{"id":1164,"n":"Bâtonnets surimi Pêche Océan MSC - 400g","p":2.21,"u":"5,53 €/KG","img":"https://fd6-photos.leclercdrive.fr/image.ashx?id=2981840&use=l&cat=p&typeid=i","cat":285189},{"id":1165,"n":"Bâtonnets Surimi Pêche Océan MSC - x30 - 500g","p":2.74,"u":"5,48 €/KG","img":"https://fd6-photos.leclercdrive.fr/image.ashx?id=2833099&use=l&cat=p&typeid=i","cat":285189},{"id":1166,"n":"Miettes de surimi Pêche Océan MSC - 180g","p":1.64,"u":"9,11 €/KG","img":"https://fd6-photos.leclercdrive.fr/image.ashx?id=2981861&use=l&cat=p&typeid=i","cat":285189},{"id":1167,"n":"Oeufs de lompe Ronde des mers Noir - MSC - 100g","p":2.6,"u":"26,00 €/KG","img":"https://fd6-photos.leclercdrive.fr/image.ashx?id=1511089&use=l&cat=p&typeid=i","cat":285191},{"id":1169,"n":"Filets d'anchois Pêche Océan À l'huile d'olive - 105g","p":2.45,"u":"23,33 €/KG","img":"https://fd6-photos.leclercdrive.fr/image.ashx?id=2992504&use=l&cat=p&typeid=i","cat":285190},{"id":1178,"n":"Pizza Cuite sur pierre Volpone  Bolognaise - 400g","p":2.0,"u":"5,00 €/KG","img":"https://fd6-photos.leclercdrive.fr/image.ashx?id=2815208&use=l&cat=p&typeid=i","cat":284256},{"id":1179,"n":"Pizza Royale Turini Cuite au feu de bois - 440g","p":2.15,"u":"4,89 €/KG","img":"https://fd6-photos.leclercdrive.fr/image.ashx?id=2815199&use=l&cat=p&typeid=i","cat":284256},{"id":1180,"n":"Quiche Lorraine Côté Table 400g","p":2.49,"u":"6,23 €/KG","img":"https://fd6-photos.leclercdrive.fr/image.ashx?id=2869778&use=l&cat=p&typeid=i","cat":284257},{"id":1181,"n":"Tarte aux poireaux Côté Table - 400g","p":2.55,"u":"6,38 €/KG","img":"https://fd6-photos.leclercdrive.fr/image.ashx?id=2791710&use=l&cat=p&typeid=i","cat":284257},{"id":1182,"n":"Crêpes Côté Table Jambon fromage x6 - 300g","p":1.99,"u":"6,63 €/KG","img":"https://fd6-photos.leclercdrive.fr/image.ashx?id=2932402&use=l&cat=p&typeid=i","cat":319776},{"id":1183,"n":"Crêpes Côté Table Jambon fromage x20 1kg","p":3.89,"u":"3,89 €/KG","img":"https://fd6-photos.leclercdrive.fr/image.ashx?id=2932405&use=l&cat=p&typeid=i","cat":319776},{"id":1185,"n":"Steaks hachés Charal Pur Bœuf 15% MG 10x100g - 1kg","p":13.94,"u":"13,94 €/KG","img":"https://fd6-photos.leclercdrive.fr/image.ashx?id=2659300&use=l&cat=p&typeid=i","cat":319778},{"id":1186,"n":"Haché Extra Moelleux Charal 10x100g - 1kg","p":11.61,"u":"11,61 €/KG","img":"https://fd6-photos.leclercdrive.fr/image.ashx?id=2731735&use=l&cat=p&typeid=i","cat":319778},{"id":1187,"n":"Haché à l'oignon Charal 10x100g - 1kg","p":8.53,"u":"8,53 €/KG","img":"https://fd6-photos.leclercdrive.fr/image.ashx?id=2741940&use=l&cat=p&typeid=i","cat":319778},{"id":1191,"n":"Poisson Bordelaise Pêche Océan MSC - 400g","p":2.99,"u":"7,48 €/KG","img":"https://fd6-photos.leclercdrive.fr/image.ashx?id=2930081&use=l&cat=p&typeid=i","cat":319788},{"id":1192,"n":"Colin d'Alaska MSC Pêche Océan À l'oseille x2 - 400g","p":3.15,"u":"7,88 €/KG","img":"https://fd6-photos.leclercdrive.fr/image.ashx?id=2930099&use=l&cat=p&typeid=i","cat":319786},{"id":1193,"n":"Pané colin d'Alaska Pêche Océan x15 bâtonnets - MSC - 450g","p":2.27,"u":"5,04 €/KG","img":"https://fd6-photos.leclercdrive.fr/image.ashx?id=1682702&use=l&cat=p&typeid=i","cat":319788},{"id":1194,"n":"Calamars Pêche Océan A la romaine 40/60 - 500g","p":4.45,"u":"8,90 €/KG","img":"https://fd6-photos.leclercdrive.fr/image.ashx?id=2216298&use=l&cat=p&typeid=i","cat":319788},{"id":1196,"n":"Coquilles Saint-Jacques Coté Table - 4x90g","p":4.79,"u":"13,31 €/KG","img":"https://fd6-photos.leclercdrive.fr/image.ashx?id=2625071&use=l&cat=p&typeid=i","cat":319775},{"id":1197,"n":"Paëlla royale Côté Table Fruits de mer poulet 1kg","p":4.07,"u":"4,07 €/KG","img":"https://fd6-photos.leclercdrive.fr/image.ashx?id=2663353&use=l&cat=p&typeid=i","cat":284254},{"id":1200,"n":"Poêlée paysanne Côté Table 900g","p":4.3,"u":"4,78 €/KG","img":"https://fd6-photos.leclercdrive.fr/image.ashx?id=2471670&use=l&cat=p&typeid=i","cat":319823},{"id":1201,"n":"Poêlée campagnarde Côté Table 900g","p":4.64,"u":"5,16 €/KG","img":"https://fd6-photos.leclercdrive.fr/image.ashx?id=2647414&use=l&cat=p&typeid=i","cat":319823},{"id":1202,"n":"Pâtes Carbonara Côté Table 900g","p":4.18,"u":"4,64 €/KG","img":"https://fd6-photos.leclercdrive.fr/image.ashx?id=2900064&use=l&cat=p&typeid=i","cat":284254},{"id":1211,"n":"Choux fleurs Notre Jardin Fleurettes 1kg","p":1.69,"u":"1,69 €/KG","img":"https://fd6-photos.leclercdrive.fr/image.ashx?id=2873021&use=l&cat=p&typeid=i","cat":319805},{"id":1212,"n":"Choux de Bruxelles Notre Jardin 1kg","p":1.95,"u":"1,95 €/KG","img":"https://fd6-photos.leclercdrive.fr/image.ashx?id=2873018&use=l&cat=p&typeid=i","cat":319805},{"id":1214,"n":"Haricots verts Notre jardin Très fins 1kg","p":1.82,"u":"1,82 €/KG","img":"https://fd6-photos.leclercdrive.fr/image.ashx?id=2900040&use=l&cat=p&typeid=i","cat":319805},{"id":1215,"n":"Haricots verts Notre Jardin Extra fins 1kg","p":1.85,"u":"1,85 €/KG","img":"https://fd6-photos.leclercdrive.fr/image.ashx?id=2873051&use=l&cat=p&typeid=i","cat":319805},{"id":1217,"n":"Epinards Notre Jardin Branches - 1kg","p":1.3,"u":"1,30 €/KG","img":"https://fd6-photos.leclercdrive.fr/image.ashx?id=2909870&use=l&cat=p&typeid=i","cat":319805},{"id":1219,"n":"Epinards Notre Jardin Hachés A la crème fraîche - 1kg","p":1.67,"u":"1,67 €/KG","img":"https://fd6-photos.leclercdrive.fr/image.ashx?id=2916656&use=l&cat=p&typeid=i","cat":319805},{"id":1220,"n":"Carottes Notre Jardin En rondelles 1kg","p":1.09,"u":"1,09 €/KG","img":"https://fd6-photos.leclercdrive.fr/image.ashx?id=2873090&use=l&cat=p&typeid=i","cat":319805},{"id":1222,"n":"Petits pois Notre Jardin Extra fins 1kg","p":1.89,"u":"1,89 €/KG","img":"https://fd6-photos.leclercdrive.fr/image.ashx?id=2873063&use=l&cat=p&typeid=i","cat":319805},{"id":1223,"n":"Champignons Paris Notre jardin Emincés 1kg","p":1.95,"u":"1,95 €/KG","img":"https://fd6-photos.leclercdrive.fr/image.ashx?id=2873027&use=l&cat=p&typeid=i","cat":319805},{"id":1225,"n":"Légumes Notre Jardin Pour ratatouille 1kg","p":2.35,"u":"2,35 €/KG","img":"https://fd6-photos.leclercdrive.fr/image.ashx?id=2900058&use=l&cat=p&typeid=i","cat":319823},{"id":1226,"n":"Légumes potage Notre Jardin 1kg","p":1.28,"u":"1,28 €/KG","img":"https://fd6-photos.leclercdrive.fr/image.ashx?id=2916647&use=l&cat=p&typeid=i","cat":319805},{"id":1227,"n":"Poêlée de légumes Notre Jardin Méridionale - 1kg","p":2.95,"u":"2,95 €/KG","img":"https://fd6-photos.leclercdrive.fr/image.ashx?id=2803948&use=l&cat=p&typeid=i","cat":319823},{"id":1228,"n":"Poêlée de légumes Notre jardin Champêtre - 1kg","p":2.99,"u":"2,99 €/KG","img":"https://fd6-photos.leclercdrive.fr/image.ashx?id=2832867&use=l&cat=p&typeid=i","cat":319823},{"id":1229,"n":"Poêlée de légumes Notre Jardin Bretonne - 1kg","p":2.61,"u":"2,61 €/KG","img":"https://fd6-photos.leclercdrive.fr/image.ashx?id=2803951&use=l&cat=p&typeid=i","cat":319823},{"id":1238,"n":"Pommes rissolées Pom'lisse 1kg","p":1.56,"u":"1,56 €/KG","img":"https://fd6-photos.leclercdrive.fr/image.ashx?id=2704597&use=l&cat=p&typeid=i","cat":319792},{"id":1239,"n":"Frites allumettes Pom'lisse 1kg","p":1.85,"u":"1,85 €/KG","img":"https://fd6-photos.leclercdrive.fr/image.ashx?id=2699378&use=l&cat=p&typeid=i","cat":319791},{"id":1240,"n":"Frites Pom'lisse 2.5 kg","p":4.55,"u":"1,82 €/KG","img":"https://fd6-photos.leclercdrive.fr/image.ashx?id=2699393&use=l&cat=p&typeid=i","cat":319791},{"id":1243,"n":"Frites Pom'lisse Au four - 600g","p":1.15,"u":"1,92 €/KG","img":"https://fd6-photos.leclercdrive.fr/image.ashx?id=2770678&use=l&cat=p&typeid=i","cat":319791},{"id":1244,"n":"Potatoes Pom'lisse Finement épicées - 600g","p":1.16,"u":"1,93 €/KG","img":"https://fd6-photos.leclercdrive.fr/image.ashx?id=2699663&use=l&cat=p&typeid=i","cat":319791},{"id":1245,"n":"Pommes noisettes Pom'lisse 1kg","p":1.88,"u":"1,88 €/KG","img":"https://fd6-photos.leclercdrive.fr/image.ashx?id=2958314&use=l&cat=p&typeid=i","cat":319792},{"id":1246,"n":"Pommes dauphine Pom'lisse 500g","p":1.49,"u":"2,98 €/KG","img":"https://fd6-photos.leclercdrive.fr/image.ashx?id=2699657&use=l&cat=p&typeid=i","cat":319792},{"id":1247,"n":"Pom'rustic Pom'Lisse Sachet 750 gr","p":2.55,"u":"3,40 €/KG","img":"https://fd6-photos.leclercdrive.fr/image.ashx?id=2851574&use=l&cat=p&typeid=i","cat":319792},{"id":1248,"n":"Frites Pom'lisse 1kg","p":1.87,"u":"1,87 €/KG","img":"https://fd6-photos.leclercdrive.fr/image.ashx?id=2699654&use=l&cat=p&typeid=i","cat":319791},{"id":1251,"n":"Crème glacée Eskiss Vanille de Madagascar - 494g","p":1.65,"u":"3,34 €/KG","img":"https://fd6-photos.leclercdrive.fr/image.ashx?id=2982592&use=l&cat=p&typeid=i","cat":284263},{"id":1252,"n":"Glace Smicy Vanille fraise chocolat - 345g","p":2.41,"u":"6,99 €/KG","img":"https://fd6-photos.leclercdrive.fr/image.ashx?id=2951113&use=l&cat=p&typeid=i","cat":285250},{"id":1309,"n":"Lessive Epsil gel main express Tube 250ml","p":1.55,"u":"6,20 €/L","img":"https://fd6-photos.leclercdrive.fr/image.ashx?id=2602724&use=l&cat=p&typeid=i","cat":284643},{"id":1335,"n":"Liquide vaisselle Visior Citron - 750ml","p":1.2,"u":"1,60 €/L","img":"https://fd6-photos.leclercdrive.fr/image.ashx?id=2930849&use=l&cat=p&typeid=i","cat":284655},{"id":1336,"n":"Liquide vaisselle Visior Ultra Peaux sensibles 500ml","p":0.64,"u":"1,28 €/L","img":"https://fd6-photos.leclercdrive.fr/image.ashx?id=2951116&use=l&cat=p&typeid=i","cat":284655},{"id":1344,"n":"Gants jetables Mamison latex T6 x10","p":1.33,"img":"https://fd6-photos.leclercdrive.fr/image.ashx?id=554721&use=l&cat=p&typeid=i","cat":284668},{"id":1345,"n":"Gants jetables Mamison latex T8 x10","p":1.33,"img":"https://fd6-photos.leclercdrive.fr/image.ashx?id=2742691&use=l&cat=p&typeid=i","cat":284668},{"id":1346,"n":"Eponges Mamison végétales Super absorbantes x3","p":1.17,"u":"0,39 €/P","img":"https://fd6-photos.leclercdrive.fr/image.ashx?id=2458052&use=l&cat=p&typeid=i","cat":284667},{"id":1358,"n":"Nettoyant Gel avec javel Clair 1L","p":1.09,"u":"1,09 €/L","img":"https://fd6-photos.leclercdrive.fr/image.ashx?id=2705062&use=l&cat=p&typeid=i","cat":284907},{"id":1359,"n":"Pastilles javel Clair x48 - 150g","p":1.65,"u":"11,00 €/KG","img":"https://fd6-photos.leclercdrive.fr/image.ashx?id=2631426&use=l&cat=p&typeid=i","cat":284661},{"id":1360,"n":"Eau de Javel Clair Parfum Eucalyptus - 2L","p":0.72,"u":"0,36 €/L","img":"https://fd6-photos.leclercdrive.fr/image.ashx?id=1654886&use=l&cat=p&typeid=i","cat":284661},{"id":1376,"n":"Lingettes nettoyantes Clair Sols muguet larges x15","p":1.14,"img":"https://fd6-photos.leclercdrive.fr/image.ashx?id=2593815&use=l&cat=p&typeid=i","cat":325364},{"id":1381,"n":"Dépoussiérant Clair meuble Cire 300ml","p":1.33,"u":"4,43 €/L","img":"https://fd6-photos.leclercdrive.fr/image.ashx?id=2531095&use=l&cat=p&typeid=i","cat":325364},{"id":1385,"n":"Spray nettoyant Vitroclen  Vitrocéramique - 250ml","p":2.35,"u":"9,40 €/L","img":"https://fd6-photos.leclercdrive.fr/image.ashx?id=2263727&use=l&cat=p&typeid=i","cat":325363},{"id":1386,"n":"Nettoyant four Clair 500ml","p":1.53,"u":"3,06 €/L","img":"https://fd6-photos.leclercdrive.fr/image.ashx?id=2858824&use=l&cat=p&typeid=i","cat":325363},{"id":1392,"n":"Blocs wc eau bleue Syphon x2 80g","p":1.12,"u":"14,00 €/KG","img":"https://fd6-photos.leclercdrive.fr/image.ashx?id=2302537&use=l&cat=p&typeid=i","cat":284662},{"id":1398,"n":"Recharge diffuseur électrique Insectivor anti-moustiques - x1","p":2.27,"img":"https://fd6-photos.leclercdrive.fr/image.ashx?id=2717105&use=l&cat=p&typeid=i","cat":298368},{"id":1400,"n":"Papier aluminium Elembal 20m","p":2.62,"img":"https://fd6-photos.leclercdrive.fr/image.ashx?id=2756846&use=l&cat=p&typeid=i","cat":334134},{"id":1401,"n":"Barquettes aluminium Elembal x10 0.5L","p":2.56,"img":"https://fd6-photos.leclercdrive.fr/image.ashx?id=1733306&use=l&cat=p&typeid=i","cat":334134},{"id":1402,"n":"Barquettes aluminium Elembal Plates 1L","p":4.4,"img":"https://fd6-photos.leclercdrive.fr/image.ashx?id=2455105&use=l&cat=p&typeid=i","cat":334134},{"id":1403,"n":"Barquettes aluminium Elembal Profondes x10 1L","p":4.3,"img":"https://fd6-photos.leclercdrive.fr/image.ashx?id=1733315&use=l&cat=p&typeid=i","cat":334134},{"id":1404,"n":"Barquettes aluminium Elembal x5 1,5L","p":2.77,"img":"https://fd6-photos.leclercdrive.fr/image.ashx?id=2455096&use=l&cat=p&typeid=i","cat":334134},{"id":1405,"n":"Barquettes aluminium Elembal x5 2L","p":3.46,"img":"https://fd6-photos.leclercdrive.fr/image.ashx?id=2455099&use=l&cat=p&typeid=i","cat":334134},{"id":1407,"n":"Film étirable Elembal 30m","p":1.2,"img":"https://fd6-photos.leclercdrive.fr/image.ashx?id=2431191&use=l&cat=p&typeid=i","cat":334134},{"id":1412,"n":"Sacs congélation Elembal Grand modèle x25","p":1.08,"img":"https://fd6-photos.leclercdrive.fr/image.ashx?id=2169147&use=l&cat=p&typeid=i","cat":334134},{"id":1413,"n":"Sacs congélation Elembal Petit modèle x50","p":1.1,"img":"https://fd6-photos.leclercdrive.fr/image.ashx?id=2158155&use=l&cat=p&typeid=i","cat":334134},{"id":1414,"n":"Sacs poubelle 30L Elembal à liens classiques - x25","p":1.26,"u":"0,05 €/P","img":"https://fd6-photos.leclercdrive.fr/image.ashx?id=2958699&use=l&cat=p&typeid=i","cat":285168},{"id":1415,"n":"Sacs poubelle 130L Elembal à liens classiques - x10","p":4.65,"u":"0,47 €/P","img":"https://fd6-photos.leclercdrive.fr/image.ashx?id=2791743&use=l&cat=p&typeid=i","cat":285168},{"id":1416,"n":"Sacs poubelle 100L Elembal Poignées coulissantes - x10","p":1.62,"u":"0,16 €/P","img":"https://fd6-photos.leclercdrive.fr/image.ashx?id=1959148&use=l&cat=p&typeid=i","cat":285168},{"id":1417,"n":"Sacs poubelle 100L Elembal à liens classiques - x10","p":1.54,"u":"0,15 €/P","img":"https://fd6-photos.leclercdrive.fr/image.ashx?id=1959151&use=l&cat=p&typeid=i","cat":285168},{"id":1418,"n":"Sacs poubelle 50L Elembal à liens classiques - x15","p":2.19,"u":"0,15 €/P","img":"https://fd6-photos.leclercdrive.fr/image.ashx?id=2958693&use=l&cat=p&typeid=i","cat":285168},{"id":1419,"n":"Sacs poubelle Elembal 20L x20","p":1.2,"u":"0,06 €/P","img":"https://fd6-photos.leclercdrive.fr/image.ashx?id=2791728&use=l&cat=p&typeid=i","cat":285168},{"id":1420,"n":"Sacs poubelle Elembal 20L A poignées - x30","p":2.08,"u":"0,07 €/P","img":"https://fd6-photos.leclercdrive.fr/image.ashx?id=2791674&use=l&cat=p&typeid=i","cat":285168},{"id":1421,"n":"Sacs poubelle Elembal 30L A poignées - x20","p":2.49,"u":"0,12 €/P","img":"https://fd6-photos.leclercdrive.fr/image.ashx?id=2791677&use=l&cat=p&typeid=i","cat":285168},{"id":1423,"n":"Sacs poubelle 50L Elembal Poignées coulissantes - x15","p":2.31,"u":"0,15 €/P","img":"https://fd6-photos.leclercdrive.fr/image.ashx?id=2958696&use=l&cat=p&typeid=i","cat":285168},{"id":1427,"n":"Gel douche Manava Pétales d'Orient - 250ml","p":1.15,"u":"4,60 €/L","img":"https://fd6-photos.leclercdrive.fr/image.ashx?id=2494214&use=l&cat=p&typeid=i","cat":284594},{"id":1428,"n":"Lait de douche Manava Coeur de vanille - 250ml","p":0.94,"u":"3,76 €/L","img":"https://fd6-photos.leclercdrive.fr/image.ashx?id=2456141&use=l&cat=p&typeid=i","cat":284594},{"id":1429,"n":"Gel douche Manava Boisé - 250ml","p":1.15,"u":"4,60 €/L","img":"https://fd6-photos.leclercdrive.fr/image.ashx?id=2809653&use=l&cat=p&typeid=i","cat":284594},{"id":1433,"n":"Recharge savon mains Manava Crème perles d'oranger - 250ml","p":0.68,"u":"2,72 €/L","img":"https://fd6-photos.leclercdrive.fr/image.ashx?id=2935483&use=l&cat=p&typeid=i","cat":284597},{"id":1435,"n":"Recharge savon mains Manava Crème Amande - 250ml","p":0.57,"u":"2,28 €/L","img":"https://fd6-photos.leclercdrive.fr/image.ashx?id=2935474&use=l&cat=p&typeid=i","cat":284597},{"id":1436,"n":"Lait de douche Manava Amande douce - 250ml","p":0.94,"u":"3,76 €/L","img":"https://fd6-photos.leclercdrive.fr/image.ashx?id=2771346&use=l&cat=p&typeid=i","cat":284594},{"id":1437,"n":"Lait de douche Manava Lait de coco - 250ml","p":0.94,"u":"3,76 €/L","img":"https://fd6-photos.leclercdrive.fr/image.ashx?id=2443176&use=l&cat=p&typeid=i","cat":284594},{"id":1441,"n":"Cire Chaude au Sucre Pure Veet Vanille 98% naturelle 250ml","p":4.64,"u":"18,56 €/L","img":"https://fd6-photos.leclercdrive.fr/image.ashx?id=2960684&use=l&cat=p&typeid=i","cat":325351},{"id":1449,"n":"Déodorant Manava fraîcheur Vanille glacée spray 200ml","p":1.39,"u":"6,95 €/L","img":"https://fd6-photos.leclercdrive.fr/image.ashx?id=2656445&use=l&cat=p&typeid=i","cat":284595},{"id":1464,"n":"Rasoirs jetables Bic 1 Sensitive - x10","p":1.29,"u":"0,13 €/P","img":"https://fd6-photos.leclercdrive.fr/image.ashx?id=2218035&use=l&cat=p&typeid=i","cat":284616},{"id":1465,"n":"Rasoirs jetables Comfort 2 Bic x10","p":3.43,"u":"0,34 €/P","img":"https://fd6-photos.leclercdrive.fr/image.ashx?id=2984862&use=l&cat=p&typeid=i","cat":284616},{"id":1466,"n":"Rasoirs jetables Bic 3 lames - x8","p":3.25,"u":"0,41 €/P","img":"https://fd6-photos.leclercdrive.fr/image.ashx?id=2789014&use=l&cat=p&typeid=i","cat":284616},{"id":1473,"n":"Gel à raser Carré Homme Hydratant 200ml","p":1.69,"u":"8,45 €/L","img":"https://fd6-photos.leclercdrive.fr/image.ashx?id=2771582&use=l&cat=p&typeid=i","cat":284617},{"id":1474,"n":"Rasoirs jetables Carré Homme 2 lames - x10","p":1.5,"u":"0,15 €/P","img":"https://fd6-photos.leclercdrive.fr/image.ashx?id=2873543&use=l&cat=p&typeid=i","cat":284616},{"id":1481,"n":"Dentifrice Dentamyl Protection caries - 75ml","p":0.73,"u":"9,73 €/L","img":"https://fd6-photos.leclercdrive.fr/image.ashx?id=2699129&use=l&cat=p&typeid=i","cat":284612},{"id":1482,"n":"Dentifrice enfant Dentamyl Fraise - 3-6 ans - 50ml","p":0.89,"u":"17,80 €/L","img":"https://fd6-photos.leclercdrive.fr/image.ashx?id=2075188&use=l&cat=p&typeid=i","cat":288898},{"id":1484,"n":"Brosse à dents junior Dentamyl 1 pièce","p":0.49,"img":"https://fd6-photos.leclercdrive.fr/image.ashx?id=2790901&use=l&cat=p&typeid=i","cat":288897},{"id":1486,"n":"Brosse à dents enfant Dentamyl 2-6 ans x1","p":0.51,"img":"https://fd6-photos.leclercdrive.fr/image.ashx?id=1980485&use=l&cat=p&typeid=i","cat":288897},{"id":1487,"n":"Pansements Primoplast Multi-usages x40","p":1.11,"img":"https://fd6-photos.leclercdrive.fr/image.ashx?id=2891773&use=l&cat=p&typeid=i","cat":284630},{"id":1488,"n":"Mouchoirs blancs 4 plis Caresse Mouchoirs papier Lotion x12","p":2.28,"u":"0,19 €/P","img":"https://fd6-photos.leclercdrive.fr/image.ashx?id=2572993&use=l&cat=p&typeid=i","cat":284638},{"id":1620,"n":"Gel lavant bébé Mots d'Enfants Corps et cheveux - 250ml","p":1.49,"u":"5,96 €/L","img":"https://fd6-photos.leclercdrive.fr/image.ashx?id=3014149&use=l&cat=p&typeid=i","cat":284740},{"id":1627,"n":"Lingettes bébé Mots d'Enfants Ultra-douces - x72","p":1.75,"u":"0,02 €/P","img":"https://fd6-photos.leclercdrive.fr/image.ashx?id=2856447&use=l&cat=p&typeid=i","cat":284738},{"id":1629,"n":"Lingettes bébé Mots d'Enfants Sensitive - x63","p":1.32,"u":"0,02 €/P","img":"https://fd6-photos.leclercdrive.fr/image.ashx?id=2856462&use=l&cat=p&typeid=i","cat":284738},{"id":1637,"n":"Change + 2 slips maille Chorys Anatomiques - Homme/Femme - x20","p":15.94,"u":"0,80 €/P","img":"https://fd6-photos.leclercdrive.fr/image.ashx?id=2623660&use=l&cat=p&typeid=i","cat":284628},{"id":1640,"n":"Protection incontinence Chorys Rectangulaire - x24","p":4.62,"u":"0,19 €/P","img":"https://fd6-photos.leclercdrive.fr/image.ashx?id=2761980&use=l&cat=p&typeid=i","cat":284628},{"id":1654,"n":"Enveloppes adhésives Esquisse x50 11x22cm 80g","p":1.69,"u":"21,13 €/KG","img":"https://fd6-photos.leclercdrive.fr/image.ashx?id=2943181&use=l&cat=p&typeid=i","cat":284697},{"id":1655,"n":"Enveloppes adhésives Esquisse x100 11x22cm 80g","p":2.69,"img":"https://fd6-photos.leclercdrive.fr/image.ashx?id=2943184&use=l&cat=p&typeid=i","cat":284697},{"id":1656,"n":"Pochettes kraft Esquisse Adhésives 22.9x32.4cm x25","p":2.3,"img":"https://fd6-photos.leclercdrive.fr/image.ashx?id=1699690&use=l&cat=p&typeid=i","cat":284697},{"id":1657,"n":"Pochettes kraft Esquisse Adhésives 16.2x22.9cm x25","p":1.99,"img":"https://fd6-photos.leclercdrive.fr/image.ashx?id=1698655&use=l&cat=p&typeid=i","cat":284697},{"id":1658,"n":"Ruban adhésif Esquisse invisible + dévidoir - 25m","p":1.09,"u":"0,04 €/MT","img":"https://fd6-photos.leclercdrive.fr/image.ashx?id=2943199&use=l&cat=p&typeid=i","cat":334133},{"id":1663,"n":"Copies doubles Esquisse 17x22cm - x200","p":1.4,"img":"https://fd6-photos.leclercdrive.fr/image.ashx?id=555359&use=l&cat=p&typeid=i","cat":284697},{"id":1664,"n":"Copies doubles Esquisse Perforées - 21x29.7cm - x200","p":1.79,"img":"https://fd6-photos.leclercdrive.fr/image.ashx?id=1928770&use=l&cat=p&typeid=i","cat":284697},{"id":1665,"n":"Feuilles blanches Esquisse A4 90g - 500 feuilles","p":5.9,"img":"https://fd6-photos.leclercdrive.fr/image.ashx?id=2943193&use=l&cat=p&typeid=i","cat":284697},{"id":1666,"n":"Feuilles blanches Esquisse A4 80g - 500 feuilles","p":4.69,"img":"https://fd6-photos.leclercdrive.fr/image.ashx?id=2943196&use=l&cat=p&typeid=i","cat":284697},{"id":1683,"n":"Piles alcalines Foxter AAA/LR3 1,5V - x4","p":0.98,"img":"https://fd6-photos.leclercdrive.fr/image.ashx?id=2162150&use=l&cat=p&typeid=i","cat":300572},{"id":1684,"n":"Piles Foxter C/LR14 1.5V - x2","p":1.69,"img":"https://fd6-photos.leclercdrive.fr/image.ashx?id=2162168&use=l&cat=p&typeid=i","cat":300572},{"id":1685,"n":"Piles alcalines Foxter D/LR20 - x2","p":1.96,"img":"https://fd6-photos.leclercdrive.fr/image.ashx?id=2162171&use=l&cat=p&typeid=i","cat":300572},{"id":1686,"n":"Pile Foxter 9V/6LR61 - x1","p":1.99,"img":"https://fd6-photos.leclercdrive.fr/image.ashx?id=2162159&use=l&cat=p&typeid=i","cat":300572},{"id":1687,"n":"Pile alcaline Foxter 3LR12 4,5V - x1","p":2.25,"img":"https://fd6-photos.leclercdrive.fr/image.ashx?id=2162177&use=l&cat=p&typeid=i","cat":300572},{"id":1729,"n":"Croquettes chiens Lydog poulet Petit chien - Poulet - 1kg","p":2.92,"u":"2,92 €/KG","img":"https://fd6-photos.leclercdrive.fr/image.ashx?id=2895762&use=l&cat=p&typeid=i","cat":294526},{"id":1730,"n":"Barquette chiens Lydog Au Saumon et Truite - 300g","p":1.49,"u":"4,97 €/KG","img":"https://fd6-photos.leclercdrive.fr/image.ashx?id=2042433&use=l&cat=p&typeid=i","cat":284673},{"id":1735,"n":"Croquettes chiens Tous Mes Amis Spécial Forme - 10kg","p":12.25,"u":"1,23 €/KG","img":"https://fd6-photos.leclercdrive.fr/image.ashx?id=1972608&use=l&cat=p&typeid=i","cat":284672},{"id":1751,"n":"Croquettes chat Purina One Adulte - Saumon/Céréales - 450g","p":2.54,"u":"5,64 €/KG","img":"https://fd6-photos.leclercdrive.fr/image.ashx?id=2683220&use=l&cat=p&typeid=i","cat":284680},{"id":1753,"n":"Croquettes chat Purina One Adulte - Saumon/Céréales -1.5kg","p":6.62,"u":"4,41 €/KG","img":"https://fd6-photos.leclercdrive.fr/image.ashx?id=2902268&use=l&cat=p&typeid=i","cat":284680},{"id":1754,"n":"Croquettes chat Purina One Adulte - Poulet/Céréales - 3kg","p":12.0,"u":"4,00 €/KG","img":"https://fd6-photos.leclercdrive.fr/image.ashx?id=2432007&use=l&cat=p&typeid=i","cat":284680},{"id":1755,"n":"Bouchées chiens Lydog Adulte - Boeuf - 4kg","p":7.49,"u":"1,87 €/KG","img":"https://fd6-photos.leclercdrive.fr/image.ashx?id=1936602&use=l&cat=p&typeid=i","cat":284672},{"id":1756,"n":"Emincés en sauce Tous mes amis pour chats -  800g","p":1.45,"u":"1,81 €/KG","img":"https://fd6-photos.leclercdrive.fr/image.ashx?id=2606798&use=l&cat=p&typeid=i","cat":285601},{"id":1759,"n":"Croquettes chat Tous mes amis Boeuf Poulet Foie - 400g","p":1.2,"u":"3,00 €/KG","img":"https://fd6-photos.leclercdrive.fr/image.ashx?id=2301379&use=l&cat=p&typeid=i","cat":284680},{"id":1761,"n":"Croquettes chat Tous mes amis Saumon thon lég.verts - 400g","p":1.11,"u":"2,78 €/KG","img":"https://fd6-photos.leclercdrive.fr/image.ashx?id=2301382&use=l&cat=p&typeid=i","cat":284680},{"id":1762,"n":"Croquettes chat Tous mes amis Poulet légumes - 4kg","p":5.76,"u":"1,44 €/KG","img":"https://fd6-photos.leclercdrive.fr/image.ashx?id=2301406&use=l&cat=p&typeid=i","cat":284680},{"id":1763,"n":"Croquettes chat Tous mes amis Boeuf Poulet Légumes - 2kg","p":2.79,"u":"1,40 €/KG","img":"https://fd6-photos.leclercdrive.fr/image.ashx?id=2739724&use=l&cat=p&typeid=i","cat":284680},{"id":1764,"n":"Croquettes chat Tous mes amis Poulet dinde canard olive - 2kg","p":3.62,"u":"1,81 €/KG","img":"https://fd6-photos.leclercdrive.fr/image.ashx?id=2301400&use=l&cat=p&typeid=i","cat":284680},{"id":1765,"n":"Croquettes chat Tous mes amis Saumon & Légumes - 2kg","p":2.79,"u":"1,40 €/KG","img":"https://fd6-photos.leclercdrive.fr/image.ashx?id=2301394&use=l&cat=p&typeid=i","cat":284680},{"id":1766,"n":"Croquettes chat Tous mes amis Chaton - 400g","p":1.05,"u":"2,63 €/KG","img":"https://fd6-photos.leclercdrive.fr/image.ashx?id=2503275&use=l&cat=p&typeid=i","cat":284680},{"id":1767,"n":"Barquette chats Tous mes amis au Boeuf - 100g","p":0.61,"u":"6,10 €/KG","img":"https://fd6-photos.leclercdrive.fr/image.ashx?id=2042418&use=l&cat=p&typeid=i","cat":285286},{"id":1768,"n":"Barquette chats Tous mes amis à l'agneau - 100g","p":0.62,"u":"6,20 €/KG","img":"https://fd6-photos.leclercdrive.fr/image.ashx?id=2052760&use=l&cat=p&typeid=i","cat":285286},{"id":1769,"n":"Barquette chats Lycat au Foie et Volaille - 100g","p":0.59,"u":"5,90 €/KG","img":"https://fd6-photos.leclercdrive.fr/image.ashx?id=2042415&use=l&cat=p&typeid=i","cat":285286},{"id":1770,"n":"Barquette chats Tous mes amis au Saumon 100g","p":0.58,"u":"5,80 €/KG","img":"https://fd6-photos.leclercdrive.fr/image.ashx?id=2042412&use=l&cat=p&typeid=i","cat":285286},{"id":1771,"n":"Terrines chats Tous mes amis Délices Multi-viandes - 3x400g","p":2.97,"u":"2,48 €/KG","img":"https://fd6-photos.leclercdrive.fr/image.ashx?id=1671538&use=l&cat=p&typeid=i","cat":285601},{"id":1772,"n":"Sachet repas chat Tous mes amis Poissons en gelée - 12x100g","p":3.65,"u":"3,04 €/KG","img":"https://fd6-photos.leclercdrive.fr/image.ashx?id=2027592&use=l&cat=p&typeid=i","cat":285286},{"id":1775,"n":"Litière minérale Catsan Hygiène plus pour chat - 10L","p":5.19,"u":"0,52 €/L","img":"https://fd6-photos.leclercdrive.fr/image.ashx?id=2692677&use=l&cat=p&typeid=i","cat":284683},{"id":1776,"n":"Litière chats Eco+ 7L","p":1.2,"u":"0,17 €/L","img":"https://fd6-photos.leclercdrive.fr/image.ashx?id=2757509&use=l&cat=p&typeid=i","cat":284683},{"id":1777,"n":"Litière chats Eco+ Parfumée - 7L","p":1.75,"u":"0,25 €/L","img":"https://fd6-photos.leclercdrive.fr/image.ashx?id=2162108&use=l&cat=p&typeid=i","cat":284683},{"id":1786,"n":"Blocs WC Syphon Activ' effect Fraîcheur marine x3","p":1.22,"u":"0,41 €/P","img":"https://fd6-photos.leclercdrive.fr/image.ashx?id=2317294&use=l&cat=p&typeid=i","cat":284662},{"id":1795,"n":"Lingettes nettoyantes Clair Multi-surfaces citron x50","p":1.38,"u":"0,03 €/P","img":"https://fd6-photos.leclercdrive.fr/image.ashx?id=2835193&use=l&cat=p&typeid=i","cat":325358},{"id":1798,"n":"Eponges Multi-usages Mamison grattantes - x3","p":0.89,"u":"0,30 €/P","img":"https://fd6-photos.leclercdrive.fr/image.ashx?id=2202341&use=l&cat=p&typeid=i","cat":284667},{"id":1799,"n":"Haricots verts Notre Jardin Très fins - 3x110g","p":1.83,"u":"5,55 €/KG","img":"https://fd6-photos.leclercdrive.fr/image.ashx?id=2537355&use=l&cat=p&typeid=i","cat":312606},{"id":1800,"n":"Lingettes nettoyantes Clair Muguet x50","p":1.72,"u":"0,03 €/P","img":"https://fd6-photos.leclercdrive.fr/image.ashx?id=2835196&use=l&cat=p&typeid=i","cat":325358},{"id":1801,"n":"Boules inox Mamison x2","p":0.44,"img":"https://fd6-photos.leclercdrive.fr/image.ashx?id=555602&use=l&cat=p&typeid=i","cat":284667},{"id":1802,"n":"Insecticide Insectivor cafards Fourmis araignées 400ml","p":2.49,"u":"6,23 €/L","img":"https://fd6-photos.leclercdrive.fr/image.ashx?id=2843039&use=l&cat=p&typeid=i","cat":298368},{"id":1803,"n":"Spray désodorisant Texil Textile 500ml","p":2.61,"u":"5,22 €/L","img":"https://fd6-photos.leclercdrive.fr/image.ashx?id=2958690&use=l&cat=p&typeid=i","cat":290451},{"id":1804,"n":"Asperges vertes miniatures  Notre Jardin - 100g","p":1.49,"u":"14,90 €/KG","img":"https://fd6-photos.leclercdrive.fr/image.ashx?id=2591515&use=l&cat=p&typeid=i","cat":312611},{"id":1806,"n":"Insecticide Insectivor guêpes Mouches moustiques - 400ml","p":2.22,"u":"5,55 €/L","img":"https://fd6-photos.leclercdrive.fr/image.ashx?id=2835008&use=l&cat=p&typeid=i","cat":298368},{"id":1810,"n":"Gel nettoyant wc Syphon 750ml","p":1.03,"u":"1,37 €/L","img":"https://fd6-photos.leclercdrive.fr/image.ashx?id=2558775&use=l&cat=p&typeid=i","cat":284662},{"id":1812,"n":"Gel nettoyant wc Syphon 750ml","p":0.66,"u":"0,88 €/L","img":"https://fd6-photos.leclercdrive.fr/image.ashx?id=2067935&use=l&cat=p&typeid=i","cat":284662},{"id":1816,"n":"Déboucheur canalisations Syphon Gel 1L","p":1.39,"u":"1,39 €/L","img":"https://fd6-photos.leclercdrive.fr/image.ashx?id=2202347&use=l&cat=p&typeid=i","cat":284908},{"id":1821,"n":"Confiture Bonne Maman Figues violettes - 370g","p":1.91,"u":"5,16 €/KG","img":"https://fd6-photos.leclercdrive.fr/image.ashx?id=2547477&use=l&cat=p&typeid=i","cat":284480},{"id":1822,"n":"Confiture Bonne Maman Myrtilles - 370g","p":3.0,"u":"8,11 €/KG","img":"https://fd6-photos.leclercdrive.fr/image.ashx?id=2132361&use=l&cat=p&typeid=i","cat":284480},{"id":1825,"n":"Confiture Bonne Maman Cerises griottes - 370g","p":2.44,"u":"6,59 €/KG","img":"https://fd6-photos.leclercdrive.fr/image.ashx?id=2474981&use=l&cat=p&typeid=i","cat":284480},{"id":1826,"n":"Confiture Douceur du Verger Abricots - Allégée - 340g","p":1.05,"u":"3,09 €/KG","img":"https://fd6-photos.leclercdrive.fr/image.ashx?id=2965437&use=l&cat=p&typeid=i","cat":284480},{"id":1828,"n":"Confiture Bonne Maman Framboises - 370g","p":2.6,"u":"7,03 €/KG","img":"https://fd6-photos.leclercdrive.fr/image.ashx?id=2544807&use=l&cat=p&typeid=i","cat":284480},{"id":1833,"n":"Confiture Douceur du Verger Fraises - 340g","p":1.05,"u":"3,09 €/KG","img":"https://fd6-photos.leclercdrive.fr/image.ashx?id=2965428&use=l&cat=p&typeid=i","cat":284480},{"id":1835,"n":"Confiture Douceur du Verger Orange 340g","p":0.99,"u":"2,83 €/KG","img":"https://fd6-photos.leclercdrive.fr/image.ashx?id=2965434&use=l&cat=p&typeid=i","cat":284480},{"id":1845,"n":"Barres de céréales Frosties Kellogg's - 6x25g","p":1.8,"u":"12,00 €/KG","img":"https://fd6-photos.leclercdrive.fr/image.ashx?id=2300062&use=l&cat=p&typeid=i","cat":285869},{"id":1846,"n":"Compote Douceur du Verger Gourdes Pomme Fraise - 4x90g","p":1.39,"u":"3,86 €/KG","img":"https://fd6-photos.leclercdrive.fr/image.ashx?id=2837024&use=l&cat=p&typeid=i","cat":284508},{"id":1847,"n":"Barres céréales Fitness Nestlé Chocolat - 6x23.5g","p":1.93,"u":"13,69 €/KG","img":"https://fd6-photos.leclercdrive.fr/image.ashx?id=2947009&use=l&cat=p&typeid=i","cat":285869},{"id":1861,"n":"Levure chimique Tablier Blanc x6 sachets","p":0.26,"u":"3,94 €/KG","img":"https://fd6-photos.leclercdrive.fr/image.ashx?id=2867892&use=l&cat=p&typeid=i","cat":294686},{"id":1863,"n":"Soja cuisine fluide Bio Bjorg - 25cl","p":1.03,"u":"4,12 €/L","img":"https://fd6-photos.leclercdrive.fr/image.ashx?id=2970921&use=l&cat=p&typeid=i","cat":316069},{"id":1867,"n":"Chocolat au lait Tablette d'Or Noisettes entières - 200g","p":2.31,"u":"11,55 €/KG","img":"https://fd6-photos.leclercdrive.fr/image.ashx?id=2580889&use=l&cat=p&typeid=i","cat":284497},{"id":1870,"n":"Tablette de chocolat Equador Noir 85% cacao - 100g","p":1.53,"u":"15,30 €/KG","img":"https://fd6-photos.leclercdrive.fr/image.ashx?id=2840734&use=l&cat=p&typeid=i","cat":284956},{"id":1871,"n":"Céréales mini-pack Kellogg's Multi-variétés - 215g","p":2.83,"u":"13,16 €/KG","img":"https://fd6-photos.leclercdrive.fr/image.ashx?id=3014467&use=l&cat=p&typeid=i","cat":309513},{"id":1872,"n":"Pâte à tartiner Nustikao Gressins 3x60g","p":1.8,"u":"10,00 €/KG","img":"https://fd6-photos.leclercdrive.fr/image.ashx?id=2440703&use=l&cat=p&typeid=i","cat":284488},{"id":1873,"n":"Petits pains grillés Epi d'Or Complet - 225g","p":0.89,"u":"3,96 €/KG","img":"https://fd6-photos.leclercdrive.fr/image.ashx?id=2726491&use=l&cat=p&typeid=i","cat":284479},{"id":1874,"n":"Chocolat Tablette d'Or Noir noisettes entières 200g","p":2.05,"u":"10,25 €/KG","img":"https://fd6-photos.leclercdrive.fr/image.ashx?id=2582516&use=l&cat=p&typeid=i","cat":284956},{"id":1878,"n":"Compote Douceur du Verger Coupelle pomme pêche - 4x100g","p":1.19,"u":"2,98 €/KG","img":"https://fd6-photos.leclercdrive.fr/image.ashx?id=2663464&use=l&cat=p&typeid=i","cat":284508},{"id":1879,"n":"Compote Douceur du Verger Coupelle pomme poire - 4x100g","p":1.17,"u":"2,93 €/KG","img":"https://fd6-photos.leclercdrive.fr/image.ashx?id=2663470&use=l&cat=p&typeid=i","cat":284508},{"id":1883,"n":"Compote Douceur du Verger Gourdes Pomme Banane - 4x90g","p":1.59,"u":"4,42 €/KG","img":"https://fd6-photos.leclercdrive.fr/image.ashx?id=2837027&use=l&cat=p&typeid=i","cat":284508},{"id":1884,"n":"Compote Douceur du Verger Gourdes Pomme - 4x90g","p":0.99,"u":"2,75 €/KG","img":"https://fd6-photos.leclercdrive.fr/image.ashx?id=2837021&use=l&cat=p&typeid=i","cat":284508},{"id":1885,"n":"Haricots verts Notre Jardin Extra fins - 440g","p":2.58,"u":"5,86 €/KG","img":"https://fd6-photos.leclercdrive.fr/image.ashx?id=3005652&use=l&cat=p&typeid=i","cat":312606},{"id":1886,"n":"Petits pois Notre Jardin A l'étuvée - Extra fins - 560g","p":1.29,"u":"2,30 €/KG","img":"https://fd6-photos.leclercdrive.fr/image.ashx?id=2526267&use=l&cat=p&typeid=i","cat":312607},{"id":1887,"n":"Champignons Paris Notre Jardin Pieds et morceaux - 3x115g","p":1.99,"u":"5,77 €/KG","img":"https://fd6-photos.leclercdrive.fr/image.ashx?id=2724693&use=l&cat=p&typeid=i","cat":312610},{"id":1888,"n":"Flageolets verts Notre Jardin Extra fins - 530g","p":1.29,"u":"2,43 €/KG","img":"https://fd6-photos.leclercdrive.fr/image.ashx?id=2468819&use=l&cat=p&typeid=i","cat":312606},{"id":1889,"n":"Macédoine légumes Notre Jardin 3x130g","p":1.75,"u":"4,49 €/KG","img":"https://fd6-photos.leclercdrive.fr/image.ashx?id=2537349&use=l&cat=p&typeid=i","cat":312612},{"id":1890,"n":"Choux Bruxelles Notre Jardin 265g","p":1.29,"u":"4,87 €/KG","img":"https://fd6-photos.leclercdrive.fr/image.ashx?id=2913654&use=l&cat=p&typeid=i","cat":312612},{"id":1895,"n":"Foie de morue Connétable MSC - Fumé - 121g","p":2.12,"u":"17,52 €/KG","img":"https://fd6-photos.leclercdrive.fr/image.ashx?id=2804454&use=l&cat=p&typeid=i","cat":305147},{"id":1897,"n":"Pâté NRT Campagne porc breton - 200g","p":1.91,"u":"9,55 €/KG","img":"https://fd6-photos.leclercdrive.fr/image.ashx?id=2560494&use=l&cat=p&typeid=i","cat":305149},{"id":1898,"n":"Cassoulet Côté Table 840g","p":2.19,"u":"2,61 €/KG","img":"https://fd6-photos.leclercdrive.fr/image.ashx?id=2977096&use=l&cat=p&typeid=i","cat":284440},{"id":1901,"n":"Taboulé Côté Table Etui 730g","p":1.87,"u":"2,56 €/KG","img":"https://fd6-photos.leclercdrive.fr/image.ashx?id=2977093&use=l&cat=p&typeid=i","cat":325094},{"id":1902,"n":"Chips à l'ancienne Pom'Lisse Nature - 150g","p":1.04,"u":"6,93 €/KG","img":"https://fd6-photos.leclercdrive.fr/image.ashx?id=2724829&use=l&cat=p&typeid=i","cat":284447},{"id":1903,"n":"Saucisses cocktail Tokapi  240g","p":1.95,"u":"8,13 €/KG","img":"https://fd6-photos.leclercdrive.fr/image.ashx?id=2943614&use=l&cat=p&typeid=i","cat":284450},{"id":1906,"n":"Huile de tournesol Lesieur  1L","p":2.64,"u":"2,64 €/L","img":"https://fd6-photos.leclercdrive.fr/image.ashx?id=2916839&use=l&cat=p&typeid=i","cat":284453},{"id":1907,"n":"Vinaigre de Xérès AOP Maille 50cl","p":2.78,"u":"5,56 €/L","img":"https://fd6-photos.leclercdrive.fr/image.ashx?id=2769624&use=l&cat=p&typeid=i","cat":298543},{"id":1909,"n":"Olives vertes Rustica Entières - 200g","p":1.24,"u":"6,20 €/KG","img":"https://fd6-photos.leclercdrive.fr/image.ashx?id=2499073&use=l&cat=p&typeid=i","cat":284458},{"id":1913,"n":"Pâtes Barilla Coquillettes - 500g","p":0.97,"u":"1,94 €/KG","img":"https://fd6-photos.leclercdrive.fr/image.ashx?id=2392218&use=l&cat=p&typeid=i","cat":284427},{"id":1920,"n":"Boisson végétale Bio Bjorg Soja Douceur - 1L","p":1.7,"u":"1,70 €/L","img":"https://fd6-photos.leclercdrive.fr/image.ashx?id=2967052&use=l&cat=p&typeid=i","cat":316067},{"id":1925,"n":"Petits beurre P'tit Déli x24 - 200g","p":0.95,"u":"4,75 €/KG","img":"https://fd6-photos.leclercdrive.fr/image.ashx?id=1898886&use=l&cat=p&typeid=i","cat":284487},{"id":1928,"n":"Brioche vendéenne IGP NRT Tressée - 650g","p":4.06,"u":"6,25 €/KG","img":"https://fd6-photos.leclercdrive.fr/image.ashx?id=2679789&use=l&cat=p&typeid=i","cat":284478},{"id":1935,"n":"Café Soluble Nescafé Sélection - 200g","p":6.18,"u":"30,90 €/KG","img":"https://fd6-photos.leclercdrive.fr/image.ashx?id=2968847&use=l&cat=p&typeid=i","cat":284843},{"id":1939,"n":"Infusion Tiséa verveine menthe x25","p":0.92,"u":"23,00 €/KG","img":"https://fd6-photos.leclercdrive.fr/image.ashx?id=2441102&use=l&cat=p&typeid=i","cat":293234},{"id":1943,"n":"Confiture Bonne Maman Fraises - 750g","p":3.51,"u":"4,68 €/KG","img":"https://fd6-photos.leclercdrive.fr/image.ashx?id=2906073&use=l&cat=p&typeid=i","cat":284480},{"id":1944,"n":"Miel Nid d'Abeille A tartiner - 250 g","p":1.91,"u":"7,64 €/KG","img":"https://fd6-photos.leclercdrive.fr/image.ashx?id=2696805&use=l&cat=p&typeid=i","cat":287643},{"id":1955,"n":"Farine de blé T45 Tablier Blanc 1kg","p":0.69,"u":"0,69 €/KG","img":"https://fd6-photos.leclercdrive.fr/image.ashx?id=2487419&use=l&cat=p&typeid=i","cat":284503},{"id":1956,"n":"Compote Douceur du Verger Coupelle pomme banane - 4x100g","p":1.3,"u":"3,25 €/KG","img":"https://fd6-photos.leclercdrive.fr/image.ashx?id=2663461&use=l&cat=p&typeid=i","cat":284508},{"id":1961,"n":"Tablette de chocolat Equador Noir 72% cacao 100g","p":1.39,"u":"13,90 €/KG","img":"https://fd6-photos.leclercdrive.fr/image.ashx?id=2822920&use=l&cat=p&typeid=i","cat":284956},{"id":1972,"n":"Eau minérale gazeuse Perrier  Bouteilles en verre 8x20cl","p":3.34,"u":"2,09 €/L","img":"https://fd6-photos.leclercdrive.fr/image.ashx?id=2587551&use=l&cat=p&typeid=i","cat":284536},{"id":1975,"n":"Sirop Frucci Menthe - 75cl","p":1.85,"u":"2,47 €/L","img":"https://fd6-photos.leclercdrive.fr/image.ashx?id=2842208&use=l&cat=p&typeid=i","cat":295020},{"id":1980,"n":"Pur Jus d'ananas Jafaden Brique élopack 1L","p":2.09,"u":"2,09 €/L","img":"https://fd6-photos.leclercdrive.fr/image.ashx?id=2955683&use=l&cat=p&typeid=i","cat":284916},{"id":1984,"n":"Thé glacé Fresh Tea Pêche - 2L","p":1.64,"u":"0,82 €/L","img":"https://fd6-photos.leclercdrive.fr/image.ashx?id=2715281&use=l&cat=p&typeid=i","cat":295019},{"id":1989,"n":"Whisky Sir Edward's 40%vol - 70cl","p":12.68,"u":"18,11 €/L","img":"https://fd6-photos.leclercdrive.fr/image.ashx?id=2503371&use=l&cat=p&typeid=i","cat":284547},{"id":1990,"n":"Scotch Whisky Label 5 40%vol - 70cl","p":13.07,"u":"18,67 €/L","img":"https://fd6-photos.leclercdrive.fr/image.ashx?id=2639468&use=l&cat=p&typeid=i","cat":284547},{"id":1994,"n":"Whisky J&B Rare 40%vol - 70cl","p":15.58,"u":"22,26 €/L","img":"https://fd6-photos.leclercdrive.fr/image.ashx?id=2301028&use=l&cat=p&typeid=i","cat":284547},{"id":1995,"n":"Whisky Ballantine's Finest Blended Scotch 40% vol - 70cl","p":15.4,"pp":14.4,"u":"20,57 €/L","img":"https://fd6-photos.leclercdrive.fr/image.ashx?id=2981298&use=l&cat=p&typeid=i","cat":284547},{"id":1997,"n":"Whisky Clan Campbell Blended Scotch 40% vol - 70cl","p":14.8,"u":"21,14 €/L","img":"https://fd6-photos.leclercdrive.fr/image.ashx?id=2868365&use=l&cat=p&typeid=i","cat":284547},{"id":1998,"n":"Whiskey Irlandais Jameson  40% vol - 70cl","p":19.9,"pp":16.9,"u":"24,14 €/L","img":"https://fd6-photos.leclercdrive.fr/image.ashx?id=2866025&use=l&cat=p&typeid=i","cat":284547},{"id":2000,"n":"Pastis Duval 45%vol - 1L","p":16.68,"u":"16,68 €/L","img":"https://fd6-photos.leclercdrive.fr/image.ashx?id=2659656&use=l&cat=p&typeid=i","cat":284548},{"id":2001,"n":"Pastis Ricard Anisé 45% vol - 1L","p":19.89,"pp":18.89,"u":"18,89 €/L","img":"https://fd6-photos.leclercdrive.fr/image.ashx?id=2947820&use=l&cat=p&typeid=i","cat":284548},{"id":2002,"n":"Pastis de Marseille Vivalis 45%vol - 1L","p":17.02,"u":"17,02 €/L","img":"https://fd6-photos.leclercdrive.fr/image.ashx?id=2699639&use=l&cat=p&typeid=i","cat":284548},{"id":2003,"n":"Vodka premium Eristoff Original 37,5° - 70cl","p":12.78,"u":"18,26 €/L","img":"https://fd6-photos.leclercdrive.fr/image.ashx?id=2850734&use=l&cat=p&typeid=i","cat":284550},{"id":2005,"n":"Vodka Smirnoff 37.5%vol - 70cl","p":13.3,"pp":10.64,"u":"15,20 €/L","img":"https://fd6-photos.leclercdrive.fr/image.ashx?id=1897294&use=l&cat=p&typeid=i","cat":284550},{"id":2006,"n":"Vodka Novotna  Pure grain 37.5%vol - 70cl","p":10.59,"u":"15,13 €/L","img":"https://fd6-photos.leclercdrive.fr/image.ashx?id=1654441&use=l&cat=p&typeid=i","cat":284550},{"id":2007,"n":"Rhum blanc Bacardi Carta Blanca 37,5° - 70cl","p":14.74,"u":"21,06 €/L","img":"https://fd6-photos.leclercdrive.fr/image.ashx?id=2833933&use=l&cat=p&typeid=i","cat":284550},{"id":2009,"n":"Rhum ambré Negrita 40%vol - 50cl","p":7.55,"u":"15,10 €/L","img":"https://fd6-photos.leclercdrive.fr/image.ashx?id=2785112&use=l&cat=p&typeid=i","cat":284550},{"id":2010,"n":"Rhum blanc Old Nick  40%vol - 70cl","p":10.46,"pp":9.41,"u":"13,44 €/L","img":"https://fd6-photos.leclercdrive.fr/image.ashx?id=2483747&use=l&cat=p&typeid=i","cat":284550},{"id":2012,"n":"Rhum ambré Negrita 40%vol - 1L","p":13.99,"u":"13,99 €/L","img":"https://fd6-photos.leclercdrive.fr/image.ashx?id=2519633&use=l&cat=p&typeid=i","cat":284550},{"id":2014,"n":"Cognac Hennessy v.s 40%vol 70cl","p":39.9,"u":"57,00 €/L","img":"https://fd6-photos.leclercdrive.fr/image.ashx?id=2732449&use=l&cat=p&typeid=i","cat":286032},{"id":2015,"n":"Liqueur The Original Baileys Irish Cream 17%vol - 70cl","p":11.56,"u":"16,51 €/L","img":"https://fd6-photos.leclercdrive.fr/image.ashx?id=2536059&use=l&cat=p&typeid=i","cat":286032},{"id":2018,"n":"Rhum Lagoa 40%vol - 50cl","p":7.0,"u":"14,00 €/L","img":"https://fd6-photos.leclercdrive.fr/image.ashx?id=2966487&use=l&cat=p&typeid=i","cat":284550},{"id":2019,"n":"Sucre de canne Lagoa 70cl","p":1.65,"u":"2,36 €/L","img":"https://fd6-photos.leclercdrive.fr/image.ashx?id=2966475&use=l&cat=p&typeid=i","cat":284551},{"id":2021,"n":"Apéritif Suze L'Originale 15% vol - 1L","p":9.3,"pp":8.3,"u":"8,30 €/L","img":"https://fd6-photos.leclercdrive.fr/image.ashx?id=2914462&use=l&cat=p&typeid=i","cat":284913},{"id":2023,"n":"Muscat Guillaume d'Arria 15.5%vol - 75cl","p":6.99,"u":"9,32 €/L","img":"https://fd6-photos.leclercdrive.fr/image.ashx?id=2974783&use=l&cat=p&typeid=i","cat":284913},{"id":2024,"n":"Rivesaltes ambré G. d'Arria 16%vol - 75cl","p":4.28,"u":"5,71 €/L","img":"https://fd6-photos.leclercdrive.fr/image.ashx?id=2974738&use=l&cat=p&typeid=i","cat":284913},{"id":2025,"n":"Muscat de Rivesaltes G. d'Arria 15.5%vol - 75cl","p":4.99,"u":"6,65 €/L","img":"https://fd6-photos.leclercdrive.fr/image.ashx?id=2974744&use=l&cat=p&typeid=i","cat":284913},{"id":2028,"n":"AOP Bordeaux rouge Baron de Lestac - 75cl","p":3.94,"u":"5,25 €/L","img":"https://fd6-photos.leclercdrive.fr/image.ashx?id=2471148&use=l&cat=p&typeid=i","cat":289556},{"id":2029,"n":"AOP Bordeaux rouge Malesan - 75 cl","p":4.55,"u":"6,07 €/L","img":"https://fd6-photos.leclercdrive.fr/image.ashx?id=2917432&use=l&cat=p&typeid=i","cat":289556},{"id":2044,"n":"IGP Pays d'Oc Merlot vin rouge Vieux Carion 13% vol -75 cl","p":2.25,"u":"3,00 €/L","img":"https://fd6-photos.leclercdrive.fr/image.ashx?id=2568100&use=l&cat=p&typeid=i","cat":289556},{"id":2045,"n":"IGP Pays d'Oc vin rouge Vieux Carion 12.5% vol -75 cl","p":2.25,"u":"3,00 €/L","img":"https://fd6-photos.leclercdrive.fr/image.ashx?id=2800267&use=l&cat=p&typeid=i","cat":289556},{"id":2051,"n":"IGP Pays d'Oc Syrah vin rosé Vieux Carion 12.5% vol -75 cl","p":2.25,"u":"3,00 €/L","img":"https://fd6-photos.leclercdrive.fr/image.ashx?id=2892340&use=l&cat=p&typeid=i","cat":289558},{"id":2058,"n":"IGP Pays d'Oc Sauvignon Blanc Vieux Carion 12% vol -75 cl","p":2.25,"u":"3,00 €/L","img":"https://fd6-photos.leclercdrive.fr/image.ashx?id=2879937&use=l&cat=p&typeid=i","cat":289557},{"id":2072,"n":"AOP Champagne Mumm Cordon Rouge Brut 12% vol - 75cl","p":28.9,"pp":27.9,"u":"37,20 €/L","img":"https://fd6-photos.leclercdrive.fr/image.ashx?id=3011005&use=l&cat=p&typeid=i","cat":284542},{"id":2073,"n":"AOC Champagne brut rosé Pol Carson - 75cl","p":19.95,"u":"26,60 €/L","img":"https://fd6-photos.leclercdrive.fr/image.ashx?id=2909876&use=l&cat=p&typeid=i","cat":284542},{"id":2074,"n":"AOP Champagne demi-sec blanc Pol Carson - 75cl","p":17.99,"u":"23,99 €/L","img":"https://fd6-photos.leclercdrive.fr/image.ashx?id=2909846&use=l&cat=p&typeid=i","cat":284542},{"id":2075,"n":"AOP Champagne brut Pol Carson - 75cl","p":17.99,"u":"23,99 €/L","img":"https://fd6-photos.leclercdrive.fr/image.ashx?id=2909843&use=l&cat=p&typeid=i","cat":284542},{"id":2078,"n":"Pétillant Gibus pomme Sans alcool 75cl","p":2.39,"u":"3,19 €/L","img":"https://fd6-photos.leclercdrive.fr/image.ashx?id=1887586&use=l&cat=p&typeid=i","cat":289460},{"id":2079,"n":"Cidre bouché Les Goelleries Breton doux 2%vol. - 75cl","p":2.12,"u":"2,83 €/L","img":"https://fd6-photos.leclercdrive.fr/image.ashx?id=2842190&use=l&cat=p&typeid=i","cat":334880},{"id":2080,"n":"Pétillant de Listel Raisin - 2.5%vol - 75cl","p":2.85,"u":"3,80 €/L","img":"https://fd6-photos.leclercdrive.fr/image.ashx?id=2522086&use=l&cat=p&typeid=i","cat":284544},{"id":2082,"n":"AOP Crémant d'Alsace brut Rebmann - 75 cl","p":5.95,"u":"7,93 €/L","img":"https://fd6-photos.leclercdrive.fr/image.ashx?id=2888935&use=l&cat=p&typeid=i","cat":284545},{"id":2086,"n":"Mister Cocktail sans alcool Pêche - 75cl","p":3.43,"u":"4,57 €/L","img":"https://fd6-photos.leclercdrive.fr/image.ashx?id=3014464&use=l&cat=p&typeid=i","cat":284549},{"id":2087,"n":"Jus de pomme pétillant Champomy L'Original Pomme - 75cl","p":2.72,"u":"3,63 €/L","img":"https://fd6-photos.leclercdrive.fr/image.ashx?id=2688683&use=l&cat=p&typeid=i","cat":289460},{"id":2090,"n":"Emmental fromage bloc Les Croisés - 500g","p":4.19,"u":"8,38 €/KG","img":"https://fd6-photos.leclercdrive.fr/image.ashx?id=2897775&use=l&cat=p&typeid=i","cat":314034},{"id":2092,"n":"Bûche de chèvre Saint-Maure LEs Croisés 25% MG - 200g","p":2.06,"u":"10,30 €/KG","img":"https://fd6-photos.leclercdrive.fr/image.ashx?id=2894719&use=l&cat=p&typeid=i","cat":314031},{"id":2095,"n":"Emmental Fromage râpé Les Croisés - 3x70g","p":1.89,"u":"9,00 €/KG","img":"https://fd6-photos.leclercdrive.fr/image.ashx?id=2949406&use=l&cat=p&typeid=i","cat":314035},{"id":2104,"n":"Mousse à la liégeoise Délisse Chocolat - 8x80g","p":2.35,"u":"3,67 €/KG","img":"https://fd6-photos.leclercdrive.fr/image.ashx?id=3009490&use=l&cat=p&typeid=i","cat":284417},{"id":2109,"n":"Matin Léger de Lactel Sans lactose 1.2% mg - 1L","p":1.73,"u":"1,73 €/L","img":"https://fd6-photos.leclercdrive.fr/image.ashx?id=2883122&use=l&cat=p&typeid=i","cat":317169},{"id":2111,"n":"Beurre Extra fin Les Croisés Doux - 82% MG - 250g","p":2.35,"u":"9,40 €/KG","img":"https://fd6-photos.leclercdrive.fr/image.ashx?id=2791224&use=l&cat=p&typeid=i","cat":284379},{"id":2112,"n":"Sauce Béchamel Bridélice 3x20cl","p":3.08,"u":"5,13 €/L","img":"https://fd6-photos.leclercdrive.fr/image.ashx?id=2888458&use=l&cat=p&typeid=i","cat":284382},{"id":2114,"n":"Saucisse sèche Saint Azay Qualité supérieure - 250g","p":2.99,"u":"11,96 €/KG","img":"https://fd6-photos.leclercdrive.fr/image.ashx?id=1966346&use=l&cat=p&typeid=i","cat":316006},{"id":2121,"n":"Carottes râpées Menu Fraîcheur  Assaisonnées - 300g","p":0.69,"u":"2,30 €/KG","img":"https://fd6-photos.leclercdrive.fr/image.ashx?id=2552403&use=l&cat=p&typeid=i","cat":333657},{"id":2122,"n":"Sandwich Côté Snack Poulet mayo. allégée - 145g","p":1.12,"u":"7,72 €/KG","img":"https://fd6-photos.leclercdrive.fr/image.ashx?id=2892394&use=l&cat=p&typeid=i","cat":333658},{"id":2125,"n":"Tagliatelle fraîche Turini 350g","p":1.19,"u":"3,40 €/KG","img":"https://fd6-photos.leclercdrive.fr/image.ashx?id=2846514&use=l&cat=p&typeid=i","cat":333682},{"id":2126,"n":"Pâte brisée Tablier Blanc Prête à dérouler - 230g","p":0.65,"u":"2,83 €/KG","img":"https://fd6-photos.leclercdrive.fr/image.ashx?id=2922385&use=l&cat=p&typeid=i","cat":333681},{"id":2128,"n":"Bâtonnets Surimi Pêche Océan MSC - x12 - 200g","p":1.38,"u":"6,90 €/KG","img":"https://fd6-photos.leclercdrive.fr/image.ashx?id=2981837&use=l&cat=p&typeid=i","cat":285189},{"id":2129,"n":"Tarama Ronde des mers  Aux oeufs de cabillaud - 100g","p":0.99,"u":"9,90 €/KG","img":"https://fd6-photos.leclercdrive.fr/image.ashx?id=2824600&use=l&cat=p&typeid=i","cat":315999},{"id":2130,"n":"Filets d'anchois Pêche Océan Huile d'olive - 50g","p":1.36,"u":"27,20 €/KG","img":"https://fd6-photos.leclercdrive.fr/image.ashx?id=1671613&use=l&cat=p&typeid=i","cat":285190},{"id":2139,"n":"Gants jetables Mamison latex T7 x10","p":1.33,"img":"https://fd6-photos.leclercdrive.fr/image.ashx?id=2742688&use=l&cat=p&typeid=i","cat":284668},{"id":2141,"n":"Crème nettoyante Clair 3en1 - 750ml","p":1.15,"u":"1,53 €/L","img":"https://fd6-photos.leclercdrive.fr/image.ashx?id=2868310&use=l&cat=p&typeid=i","cat":325357},{"id":2164,"n":"Enveloppes Esquisse adhésives C6 100x80g","p":2.39,"img":"https://fd6-photos.leclercdrive.fr/image.ashx?id=1928740&use=l&cat=p&typeid=i","cat":284697},{"id":2166,"n":"Piles Foxter AA/LR6 1,5V - x4","p":0.99,"u":"0,25 €/P","img":"https://fd6-photos.leclercdrive.fr/image.ashx?id=2162156&use=l&cat=p&typeid=i","cat":300572},{"id":2179,"n":"Barres céréales Special K  Kellogg's Chocolat - 6x21,5g","p":2.06,"u":"15,97 €/KG","img":"https://fd6-photos.leclercdrive.fr/image.ashx?id=3011113&use=l&cat=p&typeid=i","cat":285869},{"id":2185,"n":"boisson végétale soja  sans sucre bio bjorg nature 1l","p":1.57,"u":"1,57 €/L","img":"https://fd6-photos.leclercdrive.fr/image.ashx?id=2939385&use=l&cat=p&typeid=i","cat":316067},{"id":2187,"n":"Mascarpone Les Croisés - 250g","p":1.78,"u":"7,12 €/KG","img":"https://fd6-photos.leclercdrive.fr/image.ashx?id=2123620&use=l&cat=p&typeid=i","cat":314026},{"id":2192,"n":"Papier aluminium Elembal 50m","p":4.4,"img":"https://fd6-photos.leclercdrive.fr/image.ashx?id=2940899&use=l&cat=p&typeid=i","cat":334134},{"id":2193,"n":"Film étirable Elembal 2en1 20m","p":1.25,"img":"https://fd6-photos.leclercdrive.fr/image.ashx?id=2059962&use=l&cat=p&typeid=i","cat":334134},{"id":2194,"n":"Sacs congélation Elembal Moyen modèle x50","p":1.08,"img":"https://fd6-photos.leclercdrive.fr/image.ashx?id=2257205&use=l&cat=p&typeid=i","cat":334134},{"id":2195,"n":"Sacs poubelle 30L Elembal Poignées coulissantes - x20","p":2.11,"u":"0,11 €/P","img":"https://fd6-photos.leclercdrive.fr/image.ashx?id=1959157&use=l&cat=p&typeid=i","cat":285168},{"id":2198,"n":"Cassoulet La Belle Chaurienne Porc 4/4 840g","p":4.97,"u":"5,92 €/KG","img":"https://fd6-photos.leclercdrive.fr/image.ashx?id=2837355&use=l&cat=p&typeid=i","cat":284440},{"id":2199,"n":"Cassoulet La Belle Chaurienne Canard 4/4 840g","p":5.35,"u":"6,37 €/KG","img":"https://fd6-photos.leclercdrive.fr/image.ashx?id=2837340&use=l&cat=p&typeid=i","cat":284440},{"id":2200,"n":"Muffins nature Epi d'Or x4 - 250g","p":1.51,"u":"6,04 €/KG","img":"https://fd6-photos.leclercdrive.fr/image.ashx?id=2939052&use=l&cat=p&typeid=i","cat":284985},{"id":2201,"n":"Pastis 51 Anisé 45% vol - 1L","p":19.68,"u":"19,68 €/L","img":"https://fd6-photos.leclercdrive.fr/image.ashx?id=2998916&use=l&cat=p&typeid=i","cat":284548},{"id":2203,"n":"Palermo rouge Sans alcool - 1L","p":3.54,"u":"3,54 €/L","img":"https://fd6-photos.leclercdrive.fr/image.ashx?id=1866952&use=l&cat=p&typeid=i","cat":284549},{"id":2217,"n":"Soin dents Polident Anti-bactérien comprimés x108","p":4.11,"u":"0,04 €/P","img":"https://fd6-photos.leclercdrive.fr/image.ashx?id=2557242&use=l&cat=p&typeid=i","cat":285158},{"id":2224,"n":"Boisson lactée Candy'UP Chocolat - 6x20cl","p":2.77,"u":"2,31 €/L","img":"https://fd6-photos.leclercdrive.fr/image.ashx?id=2485635&use=l&cat=p&typeid=i","cat":295246},{"id":2236,"n":"Sucre vanillé Vahiné 10 sachets - 75g","p":1.42,"u":"18,93 €/KG","img":"https://fd6-photos.leclercdrive.fr/image.ashx?id=2490536&use=l&cat=p&typeid=i","cat":294686},{"id":2237,"n":"Arôme Fleur d'oranger Vahiné 200ml","p":1.44,"u":"7,20 €/L","img":"https://fd6-photos.leclercdrive.fr/image.ashx?id=2983231&use=l&cat=p&typeid=i","cat":284504},{"id":2238,"n":"Arôme vanille Vahiné 200ml","p":2.82,"u":"14,10 €/L","img":"https://fd6-photos.leclercdrive.fr/image.ashx?id=2490551&use=l&cat=p&typeid=i","cat":284504},{"id":2239,"n":"Gélatine alimentaire Vahiné 9 feuilles - 17g","p":1.38,"u":"81,18 €/KG","img":"https://fd6-photos.leclercdrive.fr/image.ashx?id=2876305&use=l&cat=p&typeid=i","cat":284504},{"id":2244,"n":"Démaquillant Diadermine Yeux douceur 125 ml","p":2.16,"u":"18,00 €/L","img":"https://fd6-photos.leclercdrive.fr/image.ashx?id=2334935&use=l&cat=p&typeid=i","cat":284603},{"id":2257,"n":"Crème Hydratante Soft Nivea Visage Corps Mains - 75ml","p":1.62,"u":"23,14 €/L","img":"https://fd6-photos.leclercdrive.fr/image.ashx?id=3005215&use=l&cat=p&typeid=i","cat":325350},{"id":2259,"n":"Crème Hydratante Soft Nivea Visage Corps Mains - 200ml","p":3.11,"u":"15,55 €/L","img":"https://fd6-photos.leclercdrive.fr/image.ashx?id=3014608&use=l&cat=p&typeid=i","cat":325350},{"id":2276,"n":"Antiseptique Mercurochrome Incolore spray - 100ml","p":2.77,"u":"27,70 €/L","img":"https://fd6-photos.leclercdrive.fr/image.ashx?id=2662268&use=l&cat=p&typeid=i","cat":284630},{"id":2277,"n":"Gel lubrifiant Intimy Classic - 70ml","p":4.05,"u":"57,86 €/L","img":"https://fd6-photos.leclercdrive.fr/image.ashx?id=2927330&use=l&cat=p&typeid=i","cat":285160},{"id":2280,"n":"Compresses stériles Mercurochrome - x60","p":5.98,"u":"0,10 €/P","img":"https://fd6-photos.leclercdrive.fr/image.ashx?id=2731483&use=l&cat=p&typeid=i","cat":284630},{"id":2281,"n":"Pansements Mercurochrome Famille x50","p":3.53,"u":"0,07 €/P","img":"https://fd6-photos.leclercdrive.fr/image.ashx?id=2731471&use=l&cat=p&typeid=i","cat":284630},{"id":2282,"n":"Bandes à découper Mercurochrome 6cm x10","p":3.16,"img":"https://fd6-photos.leclercdrive.fr/image.ashx?id=2719027&use=l&cat=p&typeid=i","cat":284630},{"id":2305,"n":"Lait Démaquillant Mixa  Anti-dessèchement - 200ml","p":3.01,"u":"15,05 €/L","img":"https://fd6-photos.leclercdrive.fr/image.ashx?id=2285390&use=l&cat=p&typeid=i","cat":284603},{"id":2317,"n":"Mousse Coiffante Franck Provost Cheveux Bouclés - 200ml","p":4.29,"u":"21,45 €/L","img":"https://fd6-photos.leclercdrive.fr/image.ashx?id=2575606&use=l&cat=p&typeid=i","cat":284609},{"id":2322,"n":"Mousse Coiffante Dop Vivelle Extra boucle - 150ml","p":2.94,"u":"19,60 €/L","img":"https://fd6-photos.leclercdrive.fr/image.ashx?id=2574823&use=l&cat=p&typeid=i","cat":284609},{"id":2324,"n":"Eau Micellaire vitaminée Mixa Peaux Sensibles - 200ml","p":2.94,"u":"14,70 €/L","img":"https://fd6-photos.leclercdrive.fr/image.ashx?id=2445334&use=l&cat=p&typeid=i","cat":284603},{"id":2326,"n":"Lait demi-écrémé Lactel Vitamine D Bouteille - 1l","p":1.26,"u":"1,26 €/L","img":"https://fd6-photos.leclercdrive.fr/image.ashx?id=2889421&use=l&cat=p&typeid=i","cat":284377},{"id":2328,"n":"Lait entier Vitamine D Lactel UHT Bouteille - 1l","p":1.73,"u":"1,73 €/L","img":"https://fd6-photos.leclercdrive.fr/image.ashx?id=2889430&use=l&cat=p&typeid=i","cat":285610},{"id":2331,"n":"Lait Bio demi-écrémé Lactel UHT Bouteille - 1l","p":1.57,"u":"1,57 €/L","img":"https://fd6-photos.leclercdrive.fr/image.ashx?id=2886915&use=l&cat=p&typeid=i","cat":284377},{"id":2336,"n":"Baume soin Après-Rasage Mennen Peaux Sensibles - 100ml","p":3.94,"u":"39,40 €/L","img":"https://fd6-photos.leclercdrive.fr/image.ashx?id=2517905&use=l&cat=p&typeid=i","cat":288147},{"id":2338,"n":"Lotion Après-Rasage Mennen Apaisante - 125ml","p":3.84,"u":"30,72 €/L","img":"https://fd6-photos.leclercdrive.fr/image.ashx?id=2469620&use=l&cat=p&typeid=i","cat":288147},{"id":2373,"n":"Activateur biologique Eparcyl  Liquide fosse septique - 500 ml","p":6.52,"u":"13,04 €/L","img":"https://fd6-photos.leclercdrive.fr/image.ashx?id=2144059&use=l&cat=p&typeid=i","cat":284908},{"id":2411,"n":"Gel nettoyant Garnier Pure Tube 150ml","p":3.76,"u":"25,07 €/L","img":"https://fd6-photos.leclercdrive.fr/image.ashx?id=2751651&use=l&cat=p&typeid=i","cat":284603},{"id":2438,"n":"Eponges Spontex grattantes Stop-graisse x2","p":1.28,"u":"0,64 €/P","img":"https://fd6-photos.leclercdrive.fr/image.ashx?id=2973078&use=l&cat=p&typeid=i","cat":284667},{"id":2441,"n":"Préservatifs Durex Love Faciles et rapides à poser x6","p":2.77,"u":"0,46 €/P","img":"https://fd6-photos.leclercdrive.fr/image.ashx?id=2963895&use=l&cat=p&typeid=i","cat":284631},{"id":2450,"n":"Briquets Bic Mini - x4","p":3.72,"u":"0,93 €/P","img":"https://fd6-photos.leclercdrive.fr/image.ashx?id=2293913&use=l&cat=p&typeid=i","cat":300578},{"id":2484,"n":"Dentifrice Signal Haleine Pure 75ml","p":1.32,"u":"17,60 €/L","img":"https://fd6-photos.leclercdrive.fr/image.ashx?id=1984459&use=l&cat=p&typeid=i","cat":284612},{"id":2504,"n":"Levure de bière Gerblé à saupoudrer - 150g","p":2.41,"u":"16,07 €/KG","img":"https://fd6-photos.leclercdrive.fr/image.ashx?id=2575036&use=l&cat=p&typeid=i","cat":288382},{"id":2505,"n":"Crème au chocolat GERLINEA   Repas minceur - 3x210g","p":4.45,"u":"7,06 €/KG","img":"https://fd6-photos.leclercdrive.fr/image.ashx?id=2653450&use=l&cat=p&typeid=i","cat":318652},{"id":2506,"n":"Coupelle crème Gerlinea Vanille caramel -  3x210g","p":4.29,"u":"6,81 €/KG","img":"https://fd6-photos.leclercdrive.fr/image.ashx?id=2653453&use=l&cat=p&typeid=i","cat":318652},{"id":2510,"n":"Biscuits soja figue GERBLE   - 4x4, 270g","p":2.01,"u":"7,44 €/KG","img":"https://fd6-photos.leclercdrive.fr/image.ashx?id=2812720&use=l&cat=p&typeid=i","cat":318651},{"id":2511,"n":"Biscuits diététiques Gerblé Soja Orange - 280g","p":1.48,"u":"5,29 €/KG","img":"https://fd6-photos.leclercdrive.fr/image.ashx?id=2623166&use=l&cat=p&typeid=i","cat":318651},{"id":2523,"n":"Amandes effilées Couleurs Vives 125g","p":1.99,"u":"15,92 €/KG","img":"https://fd6-photos.leclercdrive.fr/image.ashx?id=1540622&use=l&cat=p&typeid=i","cat":284504},{"id":2524,"n":"Amandes Couleurs Vives En poudre - 125g","p":1.97,"u":"15,76 €/KG","img":"https://fd6-photos.leclercdrive.fr/image.ashx?id=2896871&use=l&cat=p&typeid=i","cat":284504},{"id":2525,"n":"Cerneaux noix Couleurs Vives 125g","p":1.78,"u":"14,83 €/KG","img":"https://fd6-photos.leclercdrive.fr/image.ashx?id=2149667&use=l&cat=p&typeid=i","cat":284357},{"id":2530,"n":"Salade Notre Jardin Mâche - 125g","p":0.95,"u":"7,60 €/KG","img":"https://fd6-photos.leclercdrive.fr/image.ashx?id=2739514&use=l&cat=p&typeid=i","cat":284353},{"id":2568,"n":"Laque Cheveux L'Oréal Paris Fixation forte - 150ml","p":3.89,"u":"25,93 €/L","img":"https://fd6-photos.leclercdrive.fr/image.ashx?id=2576157&use=l&cat=p&typeid=i","cat":284609},{"id":2570,"n":"Spray Cheveux L'Oréal Paris Fixation Normale - 150ml","p":4.01,"u":"26,73 €/L","img":"https://fd6-photos.leclercdrive.fr/image.ashx?id=2576160&use=l&cat=p&typeid=i","cat":284609},{"id":2571,"n":"Gel Coiffant L'Oréal Paris Ultra Fixant 24H - 150ml","p":3.49,"u":"23,27 €/L","img":"https://fd6-photos.leclercdrive.fr/image.ashx?id=2576163&use=l&cat=p&typeid=i","cat":284609},{"id":2576,"n":"Soin anti-âge L'Oréal Paris Age Perfect - 50ml","p":7.95,"u":"159,00 €/L","img":"https://fd6-photos.leclercdrive.fr/image.ashx?id=2867356&use=l&cat=p&typeid=i","cat":325345},{"id":2588,"n":"Eau minérale Thonon 6x1.5L","p":2.52,"u":"0,28 €/L","img":"https://fd6-photos.leclercdrive.fr/image.ashx?id=2915557&use=l&cat=p&typeid=i","cat":284535},{"id":2593,"n":"Eau minérale naturelle Contrex 6x50cl","p":2.19,"u":"0,73 €/L","img":"https://fd6-photos.leclercdrive.fr/image.ashx?id=2731714&use=l&cat=p&typeid=i","cat":284535},{"id":2613,"n":"Lait demi-écrémé UHT Délisse Bouteille - 6x1L","p":6.3,"u":"1,05 €/L","img":"https://fd6-photos.leclercdrive.fr/image.ashx?id=2970530&use=l&cat=p&typeid=i","cat":284377},{"id":2614,"n":"Lait demi-écrémé Délisse UHT Bouteille -  6x50cl","p":4.74,"u":"1,58 €/L","img":"https://fd6-photos.leclercdrive.fr/image.ashx?id=2970557&use=l&cat=p&typeid=i","cat":284377},{"id":2617,"n":"Lait Bio demi-écrémé Lactel UHT Bouteille - 6x50cl","p":6.36,"u":"2,12 €/L","img":"https://fd6-photos.leclercdrive.fr/image.ashx?id=2892766&use=l&cat=p&typeid=i","cat":284377},{"id":2618,"n":"Lait chèvre demi-écrémé Lactel UHT Bouteille - 6x1L","p":15.06,"u":"2,51 €/L","img":"https://fd6-photos.leclercdrive.fr/image.ashx?id=2873961&use=l&cat=p&typeid=i","cat":295251},{"id":2623,"n":"Joker Pur Jus Engagé  Multifruits - 1L","p":2.34,"u":"2,34 €/L","img":"https://fd6-photos.leclercdrive.fr/image.ashx?id=3001287&use=l&cat=p&typeid=i","cat":284917},{"id":2638,"n":"Eau minérale Courmayeur 6x1.5L","p":2.58,"u":"0,29 €/L","img":"https://fd6-photos.leclercdrive.fr/image.ashx?id=2964105&use=l&cat=p&typeid=i","cat":284535},{"id":2649,"n":"Eau de source de Montagne 6x1.5L","p":1.68,"u":"0,19 €/L","img":"https://fd6-photos.leclercdrive.fr/image.ashx?id=2727617&use=l&cat=p&typeid=i","cat":284535},{"id":2650,"n":"Whisky William Lawson's Finest Blend 40° - 100cl","p":17.88,"u":"17,88 €/L","img":"https://fd6-photos.leclercdrive.fr/image.ashx?id=2966134&use=l&cat=p&typeid=i","cat":284547},{"id":2722,"n":"Yaourts aromatisés Délisse Vanille - 8x125g","p":2.58,"u":"2,58 €/KG","img":"https://fd6-photos.leclercdrive.fr/image.ashx?id=1541381&use=l&cat=p&typeid=i","cat":286006},{"id":2729,"n":"Pistaches grillées à sec Tokapi 300g","p":3.86,"u":"12,87 €/KG","img":"https://fd6-photos.leclercdrive.fr/image.ashx?id=2795541&use=l&cat=p&typeid=i","cat":284448},{"id":2734,"n":"Eau de source Eco+ 6x 1.5L","p":1.14,"u":"0,13 €/L","img":"https://fd6-photos.leclercdrive.fr/image.ashx?id=2905880&use=l&cat=p&typeid=i","cat":284535},{"id":2737,"n":"Eau minérale Des Alpes  6x1.5L","p":2.1,"u":"0,23 €/L","img":"https://fd6-photos.leclercdrive.fr/image.ashx?id=2768667&use=l&cat=p&typeid=i","cat":284535},{"id":2742,"n":"Eau gazeuse San Pellegrino Minérale naturelle - 6x1L","p":3.77,"u":"0,63 €/L","img":"https://fd6-photos.leclercdrive.fr/image.ashx?id=2740316&use=l&cat=p&typeid=i","cat":284536},{"id":2743,"n":"Eau gazeuse  Badoit verte finement pétillante - 6x50cl","p":2.87,"u":"0,96 €/L","img":"https://fd6-photos.leclercdrive.fr/image.ashx?id=2983081&use=l&cat=p&typeid=i","cat":284536},{"id":2751,"n":"Boisson lactée Candy'UP Chocolat - 6x1L","p":11.7,"u":"1,95 €/L","img":"https://fd6-photos.leclercdrive.fr/image.ashx?id=2675957&use=l&cat=p&typeid=i","cat":295246},{"id":2755,"n":"Lait demi-écrémé Lactel Vitamine D Bouteille - 6x1l","p":7.56,"u":"1,26 €/L","img":"https://fd6-photos.leclercdrive.fr/image.ashx?id=2889424&use=l&cat=p&typeid=i","cat":284377},{"id":2757,"n":"Lait Bio demi-écrémé Lactel  UHT Bouteille - 6x1l","p":9.42,"u":"1,57 €/L","img":"https://fd6-photos.leclercdrive.fr/image.ashx?id=2886918&use=l&cat=p&typeid=i","cat":284377},{"id":2758,"n":"Lait Matin Léger de Lactel Sans lactose 1.2% mg - 6x50cl","p":7.14,"u":"2,38 €/L","img":"https://fd6-photos.leclercdrive.fr/image.ashx?id=2883564&use=l&cat=p&typeid=i","cat":317169},{"id":2759,"n":"Lait Matin Léger de Lactel Sans lactose 1.2% mg - 6x1L","p":10.38,"u":"1,73 €/L","img":"https://fd6-photos.leclercdrive.fr/image.ashx?id=2883125&use=l&cat=p&typeid=i","cat":317169},{"id":2760,"n":"Lait vitaminé Viva Candia  1%MG Brique - 6x1L","p":7.02,"u":"1,17 €/L","img":"https://fd6-photos.leclercdrive.fr/image.ashx?id=2891511&use=l&cat=p&typeid=i","cat":317169},{"id":2776,"n":"Crème Mains Réparatrice Mixa Mains abîmées - 100ml","p":2.16,"u":"21,60 €/L","img":"https://fd6-photos.leclercdrive.fr/image.ashx?id=2276024&use=l&cat=p&typeid=i","cat":325354},{"id":2777,"n":"Crème mains protectrice Mixa Anti-dessèchement - 100ml","p":2.25,"u":"22,50 €/L","img":"https://fd6-photos.leclercdrive.fr/image.ashx?id=2299873&use=l&cat=p&typeid=i","cat":325354},{"id":2779,"n":"Whisky William Lawson's Finest Blend 40° - 70cl","p":13.56,"u":"19,37 €/L","img":"https://fd6-photos.leclercdrive.fr/image.ashx?id=2848340&use=l&cat=p&typeid=i","cat":284547},{"id":2799,"n":"Fromage frais Délisse Fruits panachés - 24x50g","p":2.88,"u":"2,40 €/KG","img":"https://fd6-photos.leclercdrive.fr/image.ashx?id=2922494&use=l&cat=p&typeid=i","cat":284414},{"id":2802,"n":"Flûte pain  400g","p":1.25,"u":"3,13 €/KG","img":"https://fd6-photos.leclercdrive.fr/image.ashx?id=557801&use=l&cat=p&typeid=i","cat":284359},{"id":2803,"n":"Baguette de pain 250g","p":0.28,"u":"1,12 €/KG","img":"https://fd6-photos.leclercdrive.fr/image.ashx?id=2062873&use=l&cat=p&typeid=i","cat":284359},{"id":2813,"n":"Pizza Chèvre Turini Cuite au feu de bois - 420g","p":2.21,"u":"5,26 €/KG","img":"https://fd6-photos.leclercdrive.fr/image.ashx?id=2815214&use=l&cat=p&typeid=i","cat":284256},{"id":2814,"n":"Pizza 4 fromages Turini Cuite au feu de bois - 420g","p":2.23,"u":"5,31 €/KG","img":"https://fd6-photos.leclercdrive.fr/image.ashx?id=2815211&use=l&cat=p&typeid=i","cat":284256},{"id":2822,"n":"Pomme de terre de consommation Lunor entières précuites 500g","p":1.58,"u":"3,16 €/KG","img":"https://fd6-photos.leclercdrive.fr/image.ashx?id=2276768&use=l&cat=p&typeid=i","cat":284352},{"id":2823,"n":"Carottes en lamelles Lunor 500g","p":1.34,"u":"0,27 €/L","img":"https://fd6-photos.leclercdrive.fr/image.ashx?id=2223286&use=l&cat=p&typeid=i","cat":284352},{"id":2872,"n":"Poireau Botte 1kg","p":2.15,"u":"2,15 €/KG","img":"https://fd6-photos.leclercdrive.fr/image.ashx?id=1633169&use=l&cat=p&typeid=i","cat":284352},{"id":2873,"n":"Mélange de poivrons doux  500g","p":2.75,"u":"5,50 €/KG","img":"https://fd6-photos.leclercdrive.fr/image.ashx?id=1633178&use=l&cat=p&typeid=i","cat":284352},{"id":2877,"n":"Chaussons aux pommes  4x1 p","p":3.99,"u":"1,00 €/P","img":"https://fd6-photos.leclercdrive.fr/image.ashx?id=2071013&use=l&cat=p&typeid=i","cat":284984},{"id":2880,"n":"Assortiment gâteaux  4 p","p":5.9,"u":"1,48 €/P","img":"https://fd6-photos.leclercdrive.fr/image.ashx?id=557983&use=l&cat=p&typeid=i","cat":284360},{"id":2882,"n":"Tarte aux pommes 6/8 parts 1p","p":6.5,"img":"https://fd6-photos.leclercdrive.fr/image.ashx?id=557985&use=l&cat=p&typeid=i","cat":284360},{"id":2883,"n":"Tarte aux fraises 6 parts 1p","p":12.5,"img":"https://fd6-photos.leclercdrive.fr/image.ashx?id=557986&use=l&cat=p&typeid=i","cat":284360},{"id":2885,"n":"Tartelettes aux framboises  200g","p":5.99,"u":"29,95 €/KG","img":"https://fd6-photos.leclercdrive.fr/image.ashx?id=557990&use=l&cat=p&typeid=i","cat":284360},{"id":2888,"n":"Eclairs saveur chocolat 2x1p","p":1.99,"u":"1,00 €/P","img":"https://fd6-photos.leclercdrive.fr/image.ashx?id=557993&use=l&cat=p&typeid=i","cat":284360},{"id":2889,"n":"Eclairs saveur café  2x1p","p":1.99,"u":"1,00 €/P","img":"https://fd6-photos.leclercdrive.fr/image.ashx?id=557994&use=l&cat=p&typeid=i","cat":284360},{"id":2929,"n":"Biscuits raisins GERBLE   - 4x4, 270g","p":1.81,"u":"6,70 €/KG","img":"https://fd6-photos.leclercdrive.fr/image.ashx?id=2662298&use=l&cat=p&typeid=i","cat":318651},{"id":2930,"n":"Biscuits pomme noisette GERBLE   4x4 - 230g","p":1.47,"u":"6,39 €/KG","img":"https://fd6-photos.leclercdrive.fr/image.ashx?id=2967753&use=l&cat=p&typeid=i","cat":318651},{"id":2932,"n":"Biscuit miel sésame GERBLE  - 6x3,  162g","p":2.35,"u":"14,51 €/KG","img":"https://fd6-photos.leclercdrive.fr/image.ashx?id=2662277&use=l&cat=p&typeid=i","cat":318651},{"id":2934,"n":"Barres Amande GERBLE   - 6 sachets 150g","p":2.5,"u":"16,67 €/KG","img":"https://fd6-photos.leclercdrive.fr/image.ashx?id=2664088&use=l&cat=p&typeid=i","cat":318652},{"id":2935,"n":"Biscuits écorce confite GERBLE   - 4x5,  360g","p":1.61,"u":"4,47 €/KG","img":"https://fd6-photos.leclercdrive.fr/image.ashx?id=2662907&use=l&cat=p&typeid=i","cat":318651},{"id":2937,"n":"Biscuits goûter chocolat GERBLE  - 3x4,  250g","p":1.62,"u":"6,48 €/KG","img":"https://fd6-photos.leclercdrive.fr/image.ashx?id=2625181&use=l&cat=p&typeid=i","cat":318651},{"id":2938,"n":"Biscuits germe de blé GERBLE   - 5x5, 210g","p":1.28,"u":"6,10 €/KG","img":"https://fd6-photos.leclercdrive.fr/image.ashx?id=2573540&use=l&cat=p&typeid=i","cat":318651},{"id":2950,"n":"Biscuits lait chocolat GERBLE   - 5x4, 230g","p":1.55,"u":"6,74 €/KG","img":"https://fd6-photos.leclercdrive.fr/image.ashx?id=2575030&use=l&cat=p&typeid=i","cat":318651},{"id":2951,"n":"Biscuit chocolat GERLINEA  Encas minceur - 4x4, 200g","p":2.07,"u":"10,35 €/KG","img":"https://fd6-photos.leclercdrive.fr/image.ashx?id=2654770&use=l&cat=p&typeid=i","cat":318652},{"id":2965,"n":"Cereales Country Store Kellogg's - 750g","p":4.5,"u":"6,00 €/KG","img":"https://fd6-photos.leclercdrive.fr/image.ashx?id=2947805&use=l&cat=p&typeid=i","cat":309512},{"id":2969,"n":"Sticks et bretzels Tokapi 300g","p":1.2,"u":"4,00 €/KG","img":"https://fd6-photos.leclercdrive.fr/image.ashx?id=2431104&use=l&cat=p&typeid=i","cat":297000},{"id":2971,"n":"Chips ondulées Pom'Lisse  Nature - 150g","p":0.93,"u":"6,20 €/KG","img":"https://fd6-photos.leclercdrive.fr/image.ashx?id=2657196&use=l&cat=p&typeid=i","cat":284447},{"id":2973,"n":"Chips Pom'Lisse Barbecue - 135g","p":0.89,"u":"6,59 €/KG","img":"https://fd6-photos.leclercdrive.fr/image.ashx?id=2774046&use=l&cat=p&typeid=i","cat":284447},{"id":2975,"n":"Huile arachide Lesieur 1L","p":4.31,"u":"4,31 €/L","img":"https://fd6-photos.leclercdrive.fr/image.ashx?id=2916845&use=l&cat=p&typeid=i","cat":284453},{"id":2988,"n":"Dessert fruits mixés Sojasun Framboise / Passion - 4x100g","p":1.66,"u":"4,15 €/KG","img":"https://fd6-photos.leclercdrive.fr/image.ashx?id=2355671&use=l&cat=p&typeid=i","cat":316071},{"id":2994,"n":"Chicorée soluble Leroux Nature - 200g","p":4.27,"u":"21,35 €/KG","img":"https://fd6-photos.leclercdrive.fr/image.ashx?id=2693512&use=l&cat=p&typeid=i","cat":284843},{"id":3000,"n":"Oeufs frais plein air Bio Bio Village - x6","p":2.09,"u":"0,35 €/P","img":"https://fd6-photos.leclercdrive.fr/image.ashx?id=2724868&use=l&cat=p&typeid=i","cat":284378},{"id":3001,"n":"Boisson soja Sojasun nature 1l","p":1.51,"u":"1,51 €/L","img":"https://fd6-photos.leclercdrive.fr/image.ashx?id=2472867&use=l&cat=p&typeid=i","cat":316067},{"id":3010,"n":"Sauce Mexicaine Tables du Monde Hot - 315g","p":1.49,"u":"4,73 €/KG","img":"https://fd6-photos.leclercdrive.fr/image.ashx?id=2476960&use=l&cat=p&typeid=i","cat":288993},{"id":3011,"n":"Sauce Mexicaine Tables du Monde Medium - 315g","p":1.49,"u":"4,73 €/KG","img":"https://fd6-photos.leclercdrive.fr/image.ashx?id=2476963&use=l&cat=p&typeid=i","cat":288993},{"id":3012,"n":"Sauce Fajitas Tables du Monde 430g","p":1.97,"u":"4,58 €/KG","img":"https://fd6-photos.leclercdrive.fr/image.ashx?id=2470228&use=l&cat=p&typeid=i","cat":288993},{"id":3013,"n":"Pain de mie 7 céréales Epi d'Or Grandes tranches - 550g","p":1.19,"u":"2,16 €/KG","img":"https://fd6-photos.leclercdrive.fr/image.ashx?id=1959532&use=l&cat=p&typeid=i","cat":284477},{"id":3014,"n":"Brioche tressée Epi d'Or Pépites de chocolat - 600g","p":2.36,"u":"3,93 €/KG","img":"https://fd6-photos.leclercdrive.fr/image.ashx?id=2867898&use=l&cat=p&typeid=i","cat":284478},{"id":3028,"n":"Brioche tranchée Epi d'Or Pépites de chocolat 500g","p":2.09,"u":"4,18 €/KG","img":"https://fd6-photos.leclercdrive.fr/image.ashx?id=2867901&use=l&cat=p&typeid=i","cat":284478},{"id":3029,"n":"Gâche vendéenne IGP NRT 400g","p":2.65,"u":"6,63 €/KG","img":"https://fd6-photos.leclercdrive.fr/image.ashx?id=2670404&use=l&cat=p&typeid=i","cat":284478},{"id":3033,"n":"Pâtes fraîches Turini Fettuccini - 350g","p":1.49,"u":"4,26 €/KG","img":"https://fd6-photos.leclercdrive.fr/image.ashx?id=2882313&use=l&cat=p&typeid=i","cat":333682},{"id":3034,"n":"Fromage Parmesan Parmareggio 60g","p":1.46,"u":"24,33 €/KG","img":"https://fd6-photos.leclercdrive.fr/image.ashx?id=2975458&use=l&cat=p&typeid=i","cat":314035},{"id":3040,"n":"Beurre moulé bio Bio Village Doux - 82% MG - 250g","p":2.99,"u":"11,96 €/KG","img":"https://fd6-photos.leclercdrive.fr/image.ashx?id=2437052&use=l&cat=p&typeid=i","cat":284379},{"id":3041,"n":"Beurre moulé bio Bio Village Demi-sel - 80% MG - 250g","p":2.99,"u":"11,96 €/KG","img":"https://fd6-photos.leclercdrive.fr/image.ashx?id=2437055&use=l&cat=p&typeid=i","cat":284379},{"id":3052,"n":"Dentifrice Menthe Fluoryl Gencives Sensibles - 75ml","p":2.1,"u":"28,00 €/L","img":"https://fd6-photos.leclercdrive.fr/image.ashx?id=2473312&use=l&cat=p&typeid=i","cat":284612},{"id":3055,"n":"Gel à raser féminin Siliss Velours abricot - 200ml","p":1.69,"u":"8,45 €/L","img":"https://fd6-photos.leclercdrive.fr/image.ashx?id=2699408&use=l&cat=p&typeid=i","cat":325352},{"id":3066,"n":"Tampons Doulys avec applicateur Normal - x24","p":2.46,"u":"0,10 €/P","img":"https://fd6-photos.leclercdrive.fr/image.ashx?id=2965449&use=l&cat=p&typeid=i","cat":284626},{"id":3070,"n":"Serviette hygiénique Doulys Ultra - Normal+  - x14","p":1.29,"u":"0,09 €/P","img":"https://fd6-photos.leclercdrive.fr/image.ashx?id=2838915&use=l&cat=p&typeid=i","cat":284624},{"id":3072,"n":"Serviette hygiénique Doulys Maxi confort - Super - x16","p":1.45,"u":"0,09 €/P","img":"https://fd6-photos.leclercdrive.fr/image.ashx?id=2838912&use=l&cat=p&typeid=i","cat":284624},{"id":3089,"n":"Sauce Béchamel Elle&Vire au Lait Entier - 33cl","p":1.91,"u":"5,79 €/L","img":"https://fd6-photos.leclercdrive.fr/image.ashx?id=2835992&use=l&cat=p&typeid=i","cat":284382},{"id":3091,"n":"Cordons bleus Maître coq Poulet - 1kg","p":7.33,"u":"7,33 €/KG","img":"https://fd6-photos.leclercdrive.fr/image.ashx?id=2762103&use=l&cat=p&typeid=i","cat":333683},{"id":3093,"n":"Cake fruits P'tit déli Tranché 300g","p":1.66,"u":"5,53 €/KG","img":"https://fd6-photos.leclercdrive.fr/image.ashx?id=2823078&use=l&cat=p&typeid=i","cat":284493},{"id":3099,"n":"Mini cakes P'tit Déli  aux fruits x10","p":2.98,"u":"9,93 €/KG","img":"https://fd6-photos.leclercdrive.fr/image.ashx?id=2047019&use=l&cat=p&typeid=i","cat":284493},{"id":3101,"n":"Biscuits fourrés Chamonix LU Orange - 250g","p":1.56,"u":"6,24 €/KG","img":"https://fd6-photos.leclercdrive.fr/image.ashx?id=2982982&use=l&cat=p&typeid=i","cat":284489},{"id":3104,"n":"Sablés P'tit Déli Fourrés Figue x16 - 165g","p":1.09,"u":"6,61 €/KG","img":"https://fd6-photos.leclercdrive.fr/image.ashx?id=2753372&use=l&cat=p&typeid=i","cat":284489},{"id":3106,"n":"Biscuits Cookies P'tit Déli Noix coco Chocolat - 200g","p":1.39,"u":"6,95 €/KG","img":"https://fd6-photos.leclercdrive.fr/image.ashx?id=2896853&use=l&cat=p&typeid=i","cat":325066},{"id":3107,"n":"Biscuits petit beurre LU Pocket - 300g","p":1.98,"u":"6,60 €/KG","img":"https://fd6-photos.leclercdrive.fr/image.ashx?id=3001940&use=l&cat=p&typeid=i","cat":284487},{"id":3108,"n":"Biscuits petit déjeuner Prince Céréales - 300g","p":1.96,"u":"6,53 €/KG","img":"https://fd6-photos.leclercdrive.fr/image.ashx?id=2346648&use=l&cat=p&typeid=i","cat":284491},{"id":3123,"n":"Plat bébé Blédina 8 mois  Pomme de terre poulet - 2x200g","p":2.63,"u":"6,58 €/KG","img":"https://fd6-photos.leclercdrive.fr/image.ashx?id=2975056&use=l&cat=p&typeid=i","cat":312236},{"id":3142,"n":"Café et Chicorée Soluble Ricoré  Original - 100g","p":2.78,"u":"27,80 €/KG","img":"https://fd6-photos.leclercdrive.fr/image.ashx?id=2951542&use=l&cat=p&typeid=i","cat":284843},{"id":3147,"n":"Madeleines P'tit déli coquilles 500g","p":1.7,"u":"3,40 €/KG","img":"https://fd6-photos.leclercdrive.fr/image.ashx?id=2999484&use=l&cat=p&typeid=i","cat":284492},{"id":3148,"n":"Madeleines longues P'tit déli Marbrées chocolat 250g","p":1.45,"u":"5,80 €/KG","img":"https://fd6-photos.leclercdrive.fr/image.ashx?id=2999490&use=l&cat=p&typeid=i","cat":284492},{"id":3151,"n":"Café moulu Plantation  Tradition - 250g","p":2.52,"u":"10,08 €/KG","img":"https://fd6-photos.leclercdrive.fr/image.ashx?id=2607401&use=l&cat=p&typeid=i","cat":284750},{"id":3152,"n":"Café Plantation  Kenya - 250g","p":3.92,"u":"15,68 €/KG","img":"https://fd6-photos.leclercdrive.fr/image.ashx?id=2607431&use=l&cat=p&typeid=i","cat":284750},{"id":3153,"n":"Café moulu Plantation  Tradition décaféiné - 250g","p":2.95,"u":"11,80 €/KG","img":"https://fd6-photos.leclercdrive.fr/image.ashx?id=2607407&use=l&cat=p&typeid=i","cat":284750},{"id":3158,"n":"Café moulu Plantation  doux - 2x250g","p":6.88,"u":"13,76 €/KG","img":"https://fd6-photos.leclercdrive.fr/image.ashx?id=2607428&use=l&cat=p&typeid=i","cat":284750},{"id":3166,"n":"Dessert fruitier pomme Douceur du Verger 16x100g","p":2.8,"u":"1,75 €/KG","img":"https://fd6-photos.leclercdrive.fr/image.ashx?id=798031&use=l&cat=p&typeid=i","cat":284416},{"id":3169,"n":"Tortellini iTurini Ricotta épinard - 300g","p":1.48,"u":"4,93 €/KG","img":"https://fd6-photos.leclercdrive.fr/image.ashx?id=2869266&use=l&cat=p&typeid=i","cat":333682},{"id":3171,"n":"Tortellini Turini Jambon cru - 250g","p":1.96,"u":"7,84 €/KG","img":"https://fd6-photos.leclercdrive.fr/image.ashx?id=2778039&use=l&cat=p&typeid=i","cat":333682},{"id":3186,"n":"Liquide vaisselle Visior citron 1,5L","p":2.15,"u":"1,43 €/L","img":"https://fd6-photos.leclercdrive.fr/image.ashx?id=2930852&use=l&cat=p&typeid=i","cat":284655},{"id":3192,"n":"Détachant sans javel Textil 2L","p":3.19,"u":"1,60 €/L","img":"https://fd6-photos.leclercdrive.fr/image.ashx?id=2988036&use=l&cat=p&typeid=i","cat":284651},{"id":3193,"n":"Aérosol désodorisant Oust Fraîcheur propre 300ml","p":1.75,"u":"5,83 €/L","img":"https://fd6-photos.leclercdrive.fr/image.ashx?id=1715230&use=l&cat=p&typeid=i","cat":311626},{"id":3195,"n":"Coton Primoplast prédécoupé 100g","p":0.98,"u":"9,80 €/KG","img":"https://fd6-photos.leclercdrive.fr/image.ashx?id=2856453&use=l&cat=p&typeid=i","cat":284630},{"id":3200,"n":"Petits pains grillés Epi d'Or  Froment - 225g","p":0.79,"u":"3,51 €/KG","img":"https://fd6-photos.leclercdrive.fr/image.ashx?id=2496410&use=l&cat=p&typeid=i","cat":284479},{"id":3208,"n":"Confiture Allégée aux Fraises Andros - 350g","p":1.72,"u":"4,91 €/KG","img":"https://fd6-photos.leclercdrive.fr/image.ashx?id=2911229&use=l&cat=p&typeid=i","cat":284480},{"id":3212,"n":"Farine pour pain Francine Multi-céréales - 1,5kg","p":2.69,"u":"1,79 €/KG","img":"https://fd6-photos.leclercdrive.fr/image.ashx?id=2220611&use=l&cat=p&typeid=i","cat":284503},{"id":3215,"n":"Riz long Comptoir du Grain Etuvé - 1kg","p":1.72,"u":"1,72 €/KG","img":"https://fd6-photos.leclercdrive.fr/image.ashx?id=2076640&use=l&cat=p&typeid=i","cat":284428},{"id":3217,"n":"Riz Basmati Comptoir du Grain Sélection Riz long - 500g","p":1.35,"u":"2,70 €/KG","img":"https://fd6-photos.leclercdrive.fr/image.ashx?id=2076643&use=l&cat=p&typeid=i","cat":284428},{"id":3220,"n":"Céréales Tipiak - Blé Maïs Soja Prêt en 4 min - 400g","p":1.58,"u":"3,95 €/KG","img":"https://fd6-photos.leclercdrive.fr/image.ashx?id=2989144&use=l&cat=p&typeid=i","cat":284429},{"id":3221,"n":"Purée pomme de terre Pom'lisse Nature - 8x125g - 1kg","p":3.19,"u":"3,19 €/KG","img":"https://fd6-photos.leclercdrive.fr/image.ashx?id=2954573&use=l&cat=p&typeid=i","cat":284431},{"id":3223,"n":"Pâtes capellini Panzani 500g","p":1.1,"u":"2,20 €/KG","img":"https://fd6-photos.leclercdrive.fr/image.ashx?id=2876038&use=l&cat=p&typeid=i","cat":284427},{"id":3224,"n":"Pâtes Barilla Spaghetti n°5 - 1kg","p":1.81,"u":"1,81 €/KG","img":"https://fd6-photos.leclercdrive.fr/image.ashx?id=2481182&use=l&cat=p&typeid=i","cat":284427},{"id":3225,"n":"Pâtes Lasagnes Panzani - 500G","p":1.8,"u":"3,60 €/KG","img":"https://fd6-photos.leclercdrive.fr/image.ashx?id=2896105&use=l&cat=p&typeid=i","cat":284427},{"id":3226,"n":"Pâtes cannelloni Panzani  A farcir - 250g","p":1.14,"u":"4,56 €/KG","img":"https://fd6-photos.leclercdrive.fr/image.ashx?id=2896108&use=l&cat=p&typeid=i","cat":284427},{"id":3233,"n":"Haricots verts Notre Jardin Extra fins - 220g","p":1.89,"u":"8,59 €/KG","img":"https://fd6-photos.leclercdrive.fr/image.ashx?id=2988018&use=l&cat=p&typeid=i","cat":312606},{"id":3239,"n":"Biscuit Petit beurre P'tit Déli Tablette chocolat noir - 150g","p":1.37,"u":"9,13 €/KG","img":"https://fd6-photos.leclercdrive.fr/image.ashx?id=2949170&use=l&cat=p&typeid=i","cat":284488},{"id":3240,"n":"Biscuit Petit beurre P'tit Déli Tablette lait noisette - 150g","p":1.61,"u":"10,73 €/KG","img":"https://fd6-photos.leclercdrive.fr/image.ashx?id=2523673&use=l&cat=p&typeid=i","cat":284488},{"id":3253,"n":"Escargots Maître Coquille De Bourgogne x48 - 355g","p":12.99,"u":"36,59 €/KG","img":"https://fd6-photos.leclercdrive.fr/image.ashx?id=2978513&use=l&cat=p&typeid=i","cat":319775},{"id":3255,"n":"Bûche glacée Eskiss Fruits exotiques - 570g","p":3.84,"u":"6,74 €/KG","img":"https://fd6-photos.leclercdrive.fr/image.ashx?id=2209846&use=l&cat=p&typeid=i","cat":284266},{"id":3256,"n":"Bûche glacée Eskiss Crème brulée - 527g","p":3.75,"u":"7,12 €/KG","img":"https://fd6-photos.leclercdrive.fr/image.ashx?id=2791257&use=l&cat=p&typeid=i","cat":284266},{"id":3257,"n":"Bûche glacée Eskiss 3 chocolats - 536g","p":3.49,"u":"6,51 €/KG","img":"https://fd6-photos.leclercdrive.fr/image.ashx?id=2791254&use=l&cat=p&typeid=i","cat":284266},{"id":3258,"n":"Champignons Paris Notre Jardin Pieds et morceaux - 460g","p":2.29,"u":"4,98 €/KG","img":"https://fd6-photos.leclercdrive.fr/image.ashx?id=2553893&use=l&cat=p&typeid=i","cat":312610},{"id":3260,"n":"Noix de Saint Jacques NRT de la baie de St-Brieuc - 300g","p":14.99,"u":"49,97 €/KG","img":"https://fd6-photos.leclercdrive.fr/image.ashx?id=2801064&use=l&cat=p&typeid=i","cat":319787},{"id":3262,"n":"Carottes Notre Jardin Extra-fines - 530g","p":1.69,"u":"3,19 €/KG","img":"https://fd6-photos.leclercdrive.fr/image.ashx?id=1993550&use=l&cat=p&typeid=i","cat":312607},{"id":3263,"n":"Champignons Paris Notre Jardin Entiers - 460g","p":2.69,"u":"5,85 €/KG","img":"https://fd6-photos.leclercdrive.fr/image.ashx?id=2553887&use=l&cat=p&typeid=i","cat":312610},{"id":3269,"n":"Coeurs de palmiers Notre Jardin Extra tendres - 220g","p":2.27,"u":"10,32 €/KG","img":"https://fd6-photos.leclercdrive.fr/image.ashx?id=2072701&use=l&cat=p&typeid=i","cat":312611},{"id":3270,"n":"Coeurs de palmiers Notre Jardin Extra tendres - 250g","p":4.74,"u":"18,96 €/KG","img":"https://fd6-photos.leclercdrive.fr/image.ashx?id=2599137&use=l&cat=p&typeid=i","cat":312611},{"id":3271,"n":"Maïs Notre Jardin Tendre - 3x140g","p":1.89,"u":"4,50 €/KG","img":"https://fd6-photos.leclercdrive.fr/image.ashx?id=3005664&use=l&cat=p&typeid=i","cat":312611},{"id":3272,"n":"Asperges blanches grosses Notre Jardin - 320g","p":3.49,"u":"10,91 €/KG","img":"https://fd6-photos.leclercdrive.fr/image.ashx?id=2049016&use=l&cat=p&typeid=i","cat":312611},{"id":3277,"n":"Chips à l'ancienne Pom'lisse Nature - 6x30g","p":1.58,"u":"8,78 €/KG","img":"https://fd6-photos.leclercdrive.fr/image.ashx?id=2657193&use=l&cat=p&typeid=i","cat":284447},{"id":3282,"n":"Moutarde Amora Mi-forte - 230g Divers coloris","p":1.88,"u":"8,17 €/KG","img":"https://fd6-photos.leclercdrive.fr/image.ashx?id=2504473&use=l&cat=p&typeid=i","cat":288850},{"id":3285,"n":"Vinaigre balsamique Rustica 50cl","p":1.57,"u":"3,14 €/L","img":"https://fd6-photos.leclercdrive.fr/image.ashx?id=2765701&use=l&cat=p&typeid=i","cat":298543},{"id":3288,"n":"Chocolats fourrés Mon Chéri  x35 - 368g","p":11.78,"u":"32,01 €/KG","img":"https://fd6-photos.leclercdrive.fr/image.ashx?id=2945002&use=l&cat=p&typeid=i","cat":327601},{"id":3292,"n":"Tomates pelées Notre Jardin Entières - 238g","p":0.85,"u":"3,57 €/KG","img":"https://fd6-photos.leclercdrive.fr/image.ashx?id=2190002&use=l&cat=p&typeid=i","cat":312608},{"id":3305,"n":"Sauce Provençale Turini 420g","p":0.97,"u":"2,31 €/KG","img":"https://fd6-photos.leclercdrive.fr/image.ashx?id=2047010&use=l&cat=p&typeid=i","cat":287599},{"id":3307,"n":"Cidre bouché Les Goelleries Normand brut 5.5%vol. - 75cl","p":1.79,"u":"2,39 €/L","img":"https://fd6-photos.leclercdrive.fr/image.ashx?id=2842196&use=l&cat=p&typeid=i","cat":334880},{"id":3308,"n":"Pur jus de carotte Jafaden - 1L","p":2.29,"u":"2,29 €/L","img":"https://fd6-photos.leclercdrive.fr/image.ashx?id=2860712&use=l&cat=p&typeid=i","cat":284523},{"id":3309,"n":"Pur jus de pomme Jafaden 1L","p":1.34,"u":"1,34 €/L","img":"https://fd6-photos.leclercdrive.fr/image.ashx?id=2955632&use=l&cat=p&typeid=i","cat":284522},{"id":3310,"n":"Pur jus de pomme Bio Village Bio - 1L","p":1.49,"u":"1,49 €/L","img":"https://fd6-photos.leclercdrive.fr/image.ashx?id=2901527&use=l&cat=p&typeid=i","cat":284522},{"id":3316,"n":"Sirop Frucci Grenadine - 1L","p":2.76,"u":"2,76 €/L","img":"https://fd6-photos.leclercdrive.fr/image.ashx?id=2954073&use=l&cat=p&typeid=i","cat":295020},{"id":3320,"n":"Bonbons Werther's Original Mini 42g","p":1.92,"u":"45,71 €/KG","img":"https://fd6-photos.leclercdrive.fr/image.ashx?id=2660167&use=l&cat=p&typeid=i","cat":304252},{"id":3324,"n":"Dentifrice Vademecum Blancheur & plantes 75ml","p":1.62,"u":"21,60 €/L","img":"https://fd6-photos.leclercdrive.fr/image.ashx?id=2438225&use=l&cat=p&typeid=i","cat":284612},{"id":3338,"n":"Protège-slips Doulys Mince - Plié - x30","p":1.25,"u":"0,04 €/P","img":"https://fd6-photos.leclercdrive.fr/image.ashx?id=2824129&use=l&cat=p&typeid=i","cat":284625},{"id":3341,"n":"AOC Vin doux Muscat Dauré  rivesaltes 15.5%vol - 75 cl","p":6.07,"u":"8,09 €/L","img":"https://fd6-photos.leclercdrive.fr/image.ashx?id=2865680&use=l&cat=p&typeid=i","cat":284913},{"id":3343,"n":"Vodka Poliakov 37.5%vol - 70cl","p":11.17,"u":"15,96 €/L","img":"https://fd6-photos.leclercdrive.fr/image.ashx?id=2810759&use=l&cat=p&typeid=i","cat":284550},{"id":3344,"n":"Nectar Jafaden Banane - 1L","p":2.09,"u":"2,09 €/L","img":"https://fd6-photos.leclercdrive.fr/image.ashx?id=2955701&use=l&cat=p&typeid=i","cat":284915},{"id":3345,"n":"Nectar Jafaden Poire - 1L","p":2.49,"u":"2,49 €/L","img":"https://fd6-photos.leclercdrive.fr/image.ashx?id=2955695&use=l&cat=p&typeid=i","cat":284915},{"id":3355,"n":"World Mix Haribo Sachet bonbons - 500g","p":2.91,"u":"5,82 €/KG","img":"https://fd6-photos.leclercdrive.fr/image.ashx?id=2805207&use=l&cat=p&typeid=i","cat":304250},{"id":3356,"n":"Banan's Haribo Sachet bonbons - 300g","p":1.52,"u":"5,07 €/KG","img":"https://fd6-photos.leclercdrive.fr/image.ashx?id=1739936&use=l&cat=p&typeid=i","cat":304250},{"id":3359,"n":"Compote Andros Pomme 750g","p":1.48,"u":"1,97 €/KG","img":"https://fd6-photos.leclercdrive.fr/image.ashx?id=2327716&use=l&cat=p&typeid=i","cat":284508},{"id":3361,"n":"Pâtée chats Gourmet gold Mousselines 4x85g","p":1.97,"u":"5,79 €/KG","img":"https://fd6-photos.leclercdrive.fr/image.ashx?id=2711103&use=l&cat=p&typeid=i","cat":285286},{"id":3364,"n":"Huile de douche Manava Bien être oriental 250ml","p":1.16,"u":"4,64 €/L","img":"https://fd6-photos.leclercdrive.fr/image.ashx?id=2809659&use=l&cat=p&typeid=i","cat":284594},{"id":3365,"n":"Gel douche et shampooing Carré Homme Dynamisante - 250ml","p":1.15,"u":"4,60 €/L","img":"https://fd6-photos.leclercdrive.fr/image.ashx?id=2910329&use=l&cat=p&typeid=i","cat":284619},{"id":3371,"n":"Kit Fajitas Tables du Monde 505g","p":2.79,"u":"5,52 €/KG","img":"https://fd6-photos.leclercdrive.fr/image.ashx?id=2679726&use=l&cat=p&typeid=i","cat":288993},{"id":3372,"n":"Terrines Tous Mes Amis Pour chats  3 saveurs - 3x400g","p":3.29,"u":"2,74 €/KG","img":"https://fd6-photos.leclercdrive.fr/image.ashx?id=2865050&use=l&cat=p&typeid=i","cat":285601},{"id":3373,"n":"Tortillas Tables du Monde Galettes de blé x8 320g","p":1.71,"u":"5,34 €/KG","img":"https://fd6-photos.leclercdrive.fr/image.ashx?id=2679729&use=l&cat=p&typeid=i","cat":288993},{"id":3375,"n":"Lingettes bébé Mots d'Enfants Toilettes fruits rouges - x60","p":1.7,"u":"0,03 €/P","img":"https://fd6-photos.leclercdrive.fr/image.ashx?id=2856465&use=l&cat=p&typeid=i","cat":284738},{"id":3376,"n":"Café moulu Bio Village Bio  Pérou - 250g","p":4.21,"u":"16,84 €/KG","img":"https://fd6-photos.leclercdrive.fr/image.ashx?id=2552436&use=l&cat=p&typeid=i","cat":284750},{"id":3387,"n":"Gel à raser Carré Homme Vitaminé protecteur 200ml","p":1.89,"u":"9,45 €/L","img":"https://fd6-photos.leclercdrive.fr/image.ashx?id=2704642&use=l&cat=p&typeid=i","cat":284617},{"id":3393,"n":"Dentifrice Protection Signal Caries 100ml","p":1.15,"u":"11,50 €/L","img":"https://fd6-photos.leclercdrive.fr/image.ashx?id=2961810&use=l&cat=p&typeid=i","cat":284612},{"id":3395,"n":"Dentifrice Dentamyl Aux plantes 75ml","p":0.94,"u":"12,53 €/L","img":"https://fd6-photos.leclercdrive.fr/image.ashx?id=2489104&use=l&cat=p&typeid=i","cat":284612},{"id":3396,"n":"Dentifrice Dentamyl Haleine fraîche 75ml","p":0.76,"u":"10,13 €/L","img":"https://fd6-photos.leclercdrive.fr/image.ashx?id=2489101&use=l&cat=p&typeid=i","cat":284612},{"id":3401,"n":"Serviette hygiénique Doulys Maxi - Spécial nuit - x12","p":0.95,"u":"0,08 €/P","img":"https://fd6-photos.leclercdrive.fr/image.ashx?id=2838927&use=l&cat=p&typeid=i","cat":284624},{"id":3412,"n":"Soupe de poissons Régal Soupe 1L","p":2.69,"u":"2,69 €/L","img":"https://fd6-photos.leclercdrive.fr/image.ashx?id=745138&use=l&cat=p&typeid=i","cat":287366},{"id":3413,"n":"Asperges blanches Notre Jardin Pointes - 110g","p":2.35,"u":"21,36 €/KG","img":"https://fd6-photos.leclercdrive.fr/image.ashx?id=2049022&use=l&cat=p&typeid=i","cat":312611},{"id":3414,"n":"Asperges vertes Moyennes Notre Jardin - 185g PNE","p":2.08,"u":"11,24 €/KG","img":"https://fd6-photos.leclercdrive.fr/image.ashx?id=2049025&use=l&cat=p&typeid=i","cat":312611},{"id":3415,"n":"Sardines Pêche Océan Huile de tournesol - 3x69g","p":3.18,"u":"15,36 €/KG","img":"https://fd6-photos.leclercdrive.fr/image.ashx?id=2627634&use=l&cat=p&typeid=i","cat":305146},{"id":3416,"n":"Ratatouille Notre Jardin A la provençale - 750g","p":1.29,"u":"1,72 €/KG","img":"https://fd6-photos.leclercdrive.fr/image.ashx?id=2526291&use=l&cat=p&typeid=i","cat":312612},{"id":3421,"n":"Huile Fruit d'Or végétale 1L","p":3.61,"u":"3,61 €/L","img":"https://fd6-photos.leclercdrive.fr/image.ashx?id=2916854&use=l&cat=p&typeid=i","cat":284453},{"id":3424,"n":"Plat moussaka Côté table 850g","p":4.63,"u":"5,45 €/KG","img":"https://fd6-photos.leclercdrive.fr/image.ashx?id=2045175&use=l&cat=p&typeid=i","cat":284254},{"id":3428,"n":"Feuilletés paniers Côté Table St Jacques Fruits de mer 4x100g","p":4.45,"u":"11,13 €/KG","img":"https://fd6-photos.leclercdrive.fr/image.ashx?id=2549379&use=l&cat=p&typeid=i","cat":319776},{"id":3429,"n":"Lasagnes bolognaises Côté table 1kg","p":3.49,"u":"3,49 €/KG","img":"https://fd6-photos.leclercdrive.fr/image.ashx?id=2545628&use=l&cat=p&typeid=i","cat":284254},{"id":3441,"n":"AOP Freixenet Cava Cordon Negro Brut - 75cl","p":5.7,"u":"7,60 €/L","img":"https://fd6-photos.leclercdrive.fr/image.ashx?id=3011929&use=l&cat=p&typeid=i","cat":289461},{"id":3455,"n":"Saumon et torsades Côté Table  Sauce à l'oseille - 300g","p":2.59,"u":"8,63 €/KG","img":"https://fd6-photos.leclercdrive.fr/image.ashx?id=2809075&use=l&cat=p&typeid=i","cat":284953},{"id":3459,"n":"Petit Pois et Carottes Cassegrain 465g","p":2.71,"u":"5,83 €/KG","img":"https://fd6-photos.leclercdrive.fr/image.ashx?id=2912971&use=l&cat=p&typeid=i","cat":312607},{"id":3461,"n":"Maïs Bonduelle Sans Sucres Ajoutés 285g","p":1.0,"u":"3,51 €/KG","img":"https://fd6-photos.leclercdrive.fr/image.ashx?id=2955303&use=l&cat=p&typeid=i","cat":312611},{"id":3462,"n":"Pain précuit Epi d'Or Demi-baguette x2 - 300g","p":0.65,"u":"2,17 €/KG","img":"https://fd6-photos.leclercdrive.fr/image.ashx?id=2684814&use=l&cat=p&typeid=i","cat":325069},{"id":3517,"n":"Bonbons Haribo Réglisse Carensac - 250g","p":1.88,"u":"7,52 €/KG","img":"https://fd6-photos.leclercdrive.fr/image.ashx?id=2982405&use=l&cat=p&typeid=i","cat":304250},{"id":3520,"n":"Boîtes chiens Lydog Terrines Viande volaille - 4x405g","p":3.47,"u":"2,14 €/KG","img":"https://fd6-photos.leclercdrive.fr/image.ashx?id=2815746&use=l&cat=p&typeid=i","cat":288578},{"id":3525,"n":"Crêpes fourrées P'tit déli Chocolat x8 - 256g","p":1.65,"u":"6,45 €/KG","img":"https://fd6-photos.leclercdrive.fr/image.ashx?id=2656335&use=l&cat=p&typeid=i","cat":284494},{"id":3528,"n":"Gel arnica Mercurochrome 75ml","p":3.19,"u":"42,53 €/L","img":"https://fd6-photos.leclercdrive.fr/image.ashx?id=2663989&use=l&cat=p&typeid=i","cat":284630},{"id":3549,"n":"IGP Pays d'Oc rosé J.P. Chenet 12.5% vol - 75cl","p":3.19,"u":"4,25 €/L","img":"https://fd6-photos.leclercdrive.fr/image.ashx?id=2985108&use=l&cat=p&typeid=i","cat":289558},{"id":3550,"n":"AOP Côtes de Provence rosé Billette Bouquet - 75cl","p":5.98,"u":"7,97 €/L","img":"https://fd6-photos.leclercdrive.fr/image.ashx?id=2625433&use=l&cat=p&typeid=i","cat":289558},{"id":3553,"n":"Whisky Chivas Regal 12 ans Blended Scotch 40% vol - 70cl","p":28.9,"pp":26.01,"u":"37,16 €/L","img":"https://fd6-photos.leclercdrive.fr/image.ashx?id=2914444&use=l&cat=p&typeid=i","cat":284547},{"id":3558,"n":"IGP Pays d'Oc rouge J-P Chenet Cabernet-Syrah 13% vol - 75 cl","p":3.23,"u":"4,31 €/L","img":"https://fd6-photos.leclercdrive.fr/image.ashx?id=2810864&use=l&cat=p&typeid=i","cat":289556},{"id":3559,"n":"IGP Pays d'Oc rouge J-P Chenet Merlot HVE - 75 cl","p":3.23,"u":"4,31 €/L","img":"https://fd6-photos.leclercdrive.fr/image.ashx?id=2837157&use=l&cat=p&typeid=i","cat":289556},{"id":3564,"n":"Vin de l'Union Européenne  La Villageoise - 6x25cl","p":4.3,"u":"2,87 €/L","img":"https://fd6-photos.leclercdrive.fr/image.ashx?id=2731651&use=l&cat=p&typeid=i","cat":289557},{"id":3570,"n":"Concentré à diluer Pulco Citron - 70cl","p":2.23,"u":"3,19 €/L","img":"https://fd6-photos.leclercdrive.fr/image.ashx?id=2687845&use=l&cat=p&typeid=i","cat":295020},{"id":3571,"n":"Nectar Jafaden Abricot - 1L","p":2.59,"u":"2,59 €/L","img":"https://fd6-photos.leclercdrive.fr/image.ashx?id=2955713&use=l&cat=p&typeid=i","cat":284915},{"id":3575,"n":"Litière chats Tous mes Amis Végétale - 10L","p":4.39,"u":"0,44 €/L","img":"https://fd6-photos.leclercdrive.fr/image.ashx?id=2055217&use=l&cat=p&typeid=i","cat":284683},{"id":3576,"n":"Litière chats Tous mes Amis Minérale - Hygiénique - 10L","p":4.65,"u":"0,47 €/L","img":"https://fd6-photos.leclercdrive.fr/image.ashx?id=2055211&use=l&cat=p&typeid=i","cat":284683},{"id":3580,"n":"Le Haricot vert Cueilli Main Bonduelle Extra Fin 280g","p":2.54,"u":"9,07 €/KG","img":"https://fd6-photos.leclercdrive.fr/image.ashx?id=2910019&use=l&cat=p&typeid=i","cat":312606},{"id":3584,"n":"Macédoine de Légumes Bonduelle 530g","p":1.63,"u":"3,08 €/KG","img":"https://fd6-photos.leclercdrive.fr/image.ashx?id=2939235&use=l&cat=p&typeid=i","cat":312612},{"id":3587,"n":"AOP Bordeaux rouge Blaissac - 75cl","p":4.01,"u":"5,35 €/L","img":"https://fd6-photos.leclercdrive.fr/image.ashx?id=2917429&use=l&cat=p&typeid=i","cat":289556},{"id":3588,"n":"IGP Pays d'Oc rouge Roche Mazet Cabernet Sauvignon 12.5% 75cl","p":2.72,"u":"3,63 €/L","img":"https://fd6-photos.leclercdrive.fr/image.ashx?id=2333000&use=l&cat=p&typeid=i","cat":289556},{"id":3589,"n":"IGP Pays d'Oc rouge Roche Mazet Merlot - 75cl","p":2.72,"u":"3,63 €/L","img":"https://fd6-photos.leclercdrive.fr/image.ashx?id=2332997&use=l&cat=p&typeid=i","cat":289556},{"id":3593,"n":"Vin d'Italie rouge pétillant Vilaveroni Lambrusco- 75cl","p":3.98,"u":"5,31 €/L","img":"https://fd6-photos.leclercdrive.fr/image.ashx?id=2333021&use=l&cat=p&typeid=i","cat":289556},{"id":3599,"n":"IGP Pays d'Oc rosé Listel Grain De gris 12.5% vol - 75cl","p":3.5,"u":"4,67 €/L","img":"https://fd6-photos.leclercdrive.fr/image.ashx?id=2556135&use=l&cat=p&typeid=i","cat":289558},{"id":3600,"n":"Miel Lune de Miel Tartimiel 250g","p":2.23,"u":"8,92 €/KG","img":"https://fd6-photos.leclercdrive.fr/image.ashx?id=2662610&use=l&cat=p&typeid=i","cat":287643},{"id":3604,"n":"Allume-feu Silex cubes x28 200g","p":1.11,"u":"5,55 €/KG","img":"https://fd6-photos.leclercdrive.fr/image.ashx?id=2558781&use=l&cat=p&typeid=i","cat":300578},{"id":3609,"n":"Petit Pois Cassegrain Tendres et Fondants 495g","p":2.72,"u":"5,49 €/KG","img":"https://fd6-photos.leclercdrive.fr/image.ashx?id=2912962&use=l&cat=p&typeid=i","cat":312607},{"id":3610,"n":"Petits pois Notre Jardin A l'étuvée -Extra fins - 3x140g","p":1.57,"u":"3,74 €/KG","img":"https://fd6-photos.leclercdrive.fr/image.ashx?id=2537343&use=l&cat=p&typeid=i","cat":312607},{"id":3617,"n":"Galettes de riz bio Bio Village Complet x17 - 130g","p":0.91,"u":"7,00 €/KG","img":"https://fd6-photos.leclercdrive.fr/image.ashx?id=2816151&use=l&cat=p&typeid=i","cat":318651},{"id":3622,"n":"Alcool modifié Mercurochrome 90° - 100ml","p":2.67,"u":"26,70 €/L","img":"https://fd6-photos.leclercdrive.fr/image.ashx?id=2663977&use=l&cat=p&typeid=i","cat":284630},{"id":3630,"n":"Filets colin Alaska Pêche océan 4 tranches - MSC - 400g","p":2.49,"u":"6,23 €/KG","img":"https://fd6-photos.leclercdrive.fr/image.ashx?id=2930087&use=l&cat=p&typeid=i","cat":319786},{"id":3633,"n":"Colin d'Alaska Pêche Océan x10 tranches - MSC - 1kg","p":6.25,"u":"6,25 €/KG","img":"https://fd6-photos.leclercdrive.fr/image.ashx?id=2930096&use=l&cat=p&typeid=i","cat":319786},{"id":3638,"n":"Fromage Mini Caprice Des Dieux 3 Portions - 150g","p":2.73,"u":"18,20 €/KG","img":"https://fd6-photos.leclercdrive.fr/image.ashx?id=2217434&use=l&cat=p&typeid=i","cat":314033},{"id":3640,"n":"Fromage Apéritif Apérivrais  Saveurs de Provence - 100g","p":2.08,"u":"20,80 €/KG","img":"https://fd6-photos.leclercdrive.fr/image.ashx?id=2885348&use=l&cat=p&typeid=i","cat":314027},{"id":3641,"n":"Fromage Apéritif Apérivrais  Saveurs d'Italie - 100g","p":2.08,"u":"20,80 €/KG","img":"https://fd6-photos.leclercdrive.fr/image.ashx?id=2944705&use=l&cat=p&typeid=i","cat":314027},{"id":3643,"n":"Scotch Whisky Baird's 40%vol - 70cl","p":10.99,"u":"15,70 €/L","img":"https://fd6-photos.leclercdrive.fr/image.ashx?id=2907159&use=l&cat=p&typeid=i","cat":284547},{"id":3649,"n":"AOP Asti Vilaveroni 75cl","p":6.26,"u":"8,35 €/L","img":"https://fd6-photos.leclercdrive.fr/image.ashx?id=2337558&use=l&cat=p&typeid=i","cat":289461},{"id":3651,"n":"Vin du Portugal rosé Mateus - VSIG - 12% vol 75cl","p":3.72,"u":"4,96 €/L","img":"https://fd6-photos.leclercdrive.fr/image.ashx?id=2794619&use=l&cat=p&typeid=i","cat":289558},{"id":3660,"n":"Fromage tartiflette Les Croisés 27%mg 500g","p":3.89,"u":"7,78 €/KG","img":"https://fd6-photos.leclercdrive.fr/image.ashx?id=2791746&use=l&cat=p&typeid=i","cat":314037},{"id":3663,"n":"Fromage à Raclette RichesMonts  3 saveurs 27 Tranches - 700g","p":10.79,"u":"15,41 €/KG","img":"https://fd6-photos.leclercdrive.fr/image.ashx?id=2766289&use=l&cat=p&typeid=i","cat":314037},{"id":3665,"n":"Beurrier Président Demi-sel - 80% MG - 250g","p":3.23,"u":"12,92 €/KG","img":"https://fd6-photos.leclercdrive.fr/image.ashx?id=2731849&use=l&cat=p&typeid=i","cat":284379},{"id":3681,"n":"Confit canard 4/5 cuisses Nos Régions ont du Talent 745g","p":15.28,"u":"20,51 €/KG","img":"https://fd6-photos.leclercdrive.fr/image.ashx?id=2723210&use=l&cat=p&typeid=i","cat":305149},{"id":3684,"n":"Eau gazeuse Rozana 6x1L","p":2.65,"u":"0,44 €/L","img":"https://fd6-photos.leclercdrive.fr/image.ashx?id=2870602&use=l&cat=p&typeid=i","cat":284536},{"id":3694,"n":"Pâtes Torti Legumes Panzani - 500G","p":1.3,"u":"2,60 €/KG","img":"https://fd6-photos.leclercdrive.fr/image.ashx?id=2876032&use=l&cat=p&typeid=i","cat":284427},{"id":3699,"n":"Café moulu Bio Village Bio Amérique latine - 250g","p":4.99,"u":"19,96 €/KG","img":"https://fd6-photos.leclercdrive.fr/image.ashx?id=2603713&use=l&cat=p&typeid=i","cat":284750},{"id":3710,"n":"Cassoulet La Belle Chaurienne Porc - 420g","p":2.86,"u":"6,81 €/KG","img":"https://fd6-photos.leclercdrive.fr/image.ashx?id=2837358&use=l&cat=p&typeid=i","cat":284440},{"id":3712,"n":"Emincé poulet Côté Table Sauce curry - 300g","p":2.02,"u":"6,73 €/KG","img":"https://fd6-photos.leclercdrive.fr/image.ashx?id=2393857&use=l&cat=p&typeid=i","cat":284953},{"id":3713,"n":"Huile d'olive Rustica Vierge extra - 50cl","p":4.8,"u":"9,60 €/L","img":"https://fd6-photos.leclercdrive.fr/image.ashx?id=2930340&use=l&cat=p&typeid=i","cat":284453},{"id":3714,"n":"Serviette hygiénique Doulys Ultra minces - Normal - x16","p":1.03,"u":"0,06 €/P","img":"https://fd6-photos.leclercdrive.fr/image.ashx?id=2838924&use=l&cat=p&typeid=i","cat":284624},{"id":3715,"n":"Sauce Pizzassimo Del Monte pour pizza aux tomates- 2x400g","p":2.56,"u":"3,20 €/KG","img":"https://fd6-photos.leclercdrive.fr/image.ashx?id=2804457&use=l&cat=p&typeid=i","cat":288384},{"id":3716,"n":"Pizza cuite sur pierre Turini Royale - 400g","p":1.99,"u":"4,98 €/KG","img":"https://fd6-photos.leclercdrive.fr/image.ashx?id=2815205&use=l&cat=p&typeid=i","cat":284256},{"id":3719,"n":"Gomme Coiffante L'Oréal Paris Effet Remodelable - 150ml","p":3.49,"u":"23,27 €/L","img":"https://fd6-photos.leclercdrive.fr/image.ashx?id=2614194&use=l&cat=p&typeid=i","cat":284609},{"id":3736,"n":"Chocolat Pâtissier Menier Tablette Noir - 200g","p":2.29,"u":"11,45 €/KG","img":"https://fd6-photos.leclercdrive.fr/image.ashx?id=2624146&use=l&cat=p&typeid=i","cat":285562},{"id":3741,"n":"Biscottes fourrées Cracotte LU  Fraise - 200g","p":1.71,"u":"8,55 €/KG","img":"https://fd6-photos.leclercdrive.fr/image.ashx?id=3004807&use=l&cat=p&typeid=i","cat":284479},{"id":3742,"n":"Goûter Moelleux P'tit déli   Lait cacao et coco x10 420g","p":2.63,"u":"6,26 €/KG","img":"https://fd6-photos.leclercdrive.fr/image.ashx?id=2523691&use=l&cat=p&typeid=i","cat":284495},{"id":3743,"n":"Mini brownie Brossard Chocolat pépites x8 - 240g","p":2.5,"u":"10,42 €/KG","img":"https://fd6-photos.leclercdrive.fr/image.ashx?id=2965100&use=l&cat=p&typeid=i","cat":294776},{"id":3748,"n":"Soufflés Grignot' Tokapi  Saveur Fromage - 90g","p":0.72,"u":"8,00 €/KG","img":"https://fd6-photos.leclercdrive.fr/image.ashx?id=1956625&use=l&cat=p&typeid=i","cat":284449},{"id":3754,"n":"Crackers Tuc Bacon - 100g","p":0.84,"u":"8,40 €/KG","img":"https://fd6-photos.leclercdrive.fr/image.ashx?id=3002198&use=l&cat=p&typeid=i","cat":297000},{"id":3756,"n":"Mélange Exotique Tokapi  Bananes et papaye - 120g","p":1.47,"u":"12,25 €/KG","img":"https://fd6-photos.leclercdrive.fr/image.ashx?id=2793991&use=l&cat=p&typeid=i","cat":284448},{"id":3758,"n":"Sachet repas chats Gourmet 4 variétés de filets - 4x85g","p":1.9,"u":"5,59 €/KG","img":"https://fd6-photos.leclercdrive.fr/image.ashx?id=2902274&use=l&cat=p&typeid=i","cat":285286},{"id":3759,"n":"Sachet repas chats Gourmet Filets en sachet - 4x85g","p":1.9,"u":"5,59 €/KG","img":"https://fd6-photos.leclercdrive.fr/image.ashx?id=2902337&use=l&cat=p&typeid=i","cat":285286},{"id":3773,"n":"Feuilletés paniers Côté Table Jambon fromage - 4x100g","p":2.15,"u":"5,38 €/KG","img":"https://fd6-photos.leclercdrive.fr/image.ashx?id=2549382&use=l&cat=p&typeid=i","cat":319776},{"id":3775,"n":"Feuilletés paniers Côté Table Fromage de chèvre - 4x100g","p":2.95,"u":"7,38 €/KG","img":"https://fd6-photos.leclercdrive.fr/image.ashx?id=2549385&use=l&cat=p&typeid=i","cat":319776},{"id":3777,"n":"Légumes couscous Notre jardin 1kg","p":1.99,"u":"1,99 €/KG","img":"https://fd6-photos.leclercdrive.fr/image.ashx?id=2900031&use=l&cat=p&typeid=i","cat":319823},{"id":3784,"n":"Coquilles poisson Côté Table Et fruits de mer x6 - 660g","p":5.35,"u":"8,11 €/KG","img":"https://fd6-photos.leclercdrive.fr/image.ashx?id=2990092&use=l&cat=p&typeid=i","cat":319775},{"id":3785,"n":"Cabillaud MSC Pêche Océan Sans arêtes - x4 tranches 400g","p":5.99,"u":"14,98 €/KG","img":"https://fd6-photos.leclercdrive.fr/image.ashx?id=2930084&use=l&cat=p&typeid=i","cat":319786},{"id":3786,"n":"Poisson pané Pêche Océan MSC - x20 - 1kg","p":6.95,"u":"6,95 €/KG","img":"https://fd6-photos.leclercdrive.fr/image.ashx?id=1919342&use=l&cat=p&typeid=i","cat":319788},{"id":3789,"n":"Pavés de saumon Pêche Océan ASC - 2x125g","p":4.99,"u":"19,96 €/KG","img":"https://fd6-photos.leclercdrive.fr/image.ashx?id=2953719&use=l&cat=p&typeid=i","cat":319786},{"id":3794,"n":"Poisson pané Pêche Océan - MSC Colin d'alaska - x8 - 400g","p":2.78,"u":"6,95 €/KG","img":"https://fd6-photos.leclercdrive.fr/image.ashx?id=2176092&use=l&cat=p&typeid=i","cat":319788},{"id":3795,"n":"Poisson pané Pêche Océan Cabillaud - MSC - x8 400g","p":4.45,"u":"11,13 €/KG","img":"https://fd6-photos.leclercdrive.fr/image.ashx?id=1724533&use=l&cat=p&typeid=i","cat":319788},{"id":3796,"n":"Croquettes poisson Pêche Océan MSC - x6 - 300g","p":1.72,"u":"5,73 €/KG","img":"https://fd6-photos.leclercdrive.fr/image.ashx?id=2856157&use=l&cat=p&typeid=i","cat":319788},{"id":3797,"n":"Brandade morue Côté Table 1kg","p":3.99,"u":"3,99 €/KG","img":"https://fd6-photos.leclercdrive.fr/image.ashx?id=2047028&use=l&cat=p&typeid=i","cat":284254},{"id":3810,"n":"Epinards Notre Jardin Branches A la crème fraîche 1kg","p":2.98,"u":"2,98 €/KG","img":"https://fd6-photos.leclercdrive.fr/image.ashx?id=2873081&use=l&cat=p&typeid=i","cat":319805},{"id":3828,"n":"Pansements Mercurochrome Economiques x20","p":2.3,"img":"https://fd6-photos.leclercdrive.fr/image.ashx?id=2748269&use=l&cat=p&typeid=i","cat":284630},{"id":3844,"n":"Sirop érable Maple Joe Du Canada - 250g","p":3.87,"u":"15,48 €/KG","img":"https://fd6-photos.leclercdrive.fr/image.ashx?id=2656559&use=l&cat=p&typeid=i","cat":287643},{"id":3862,"n":"Cacahuètes grillées Tokapi Salées - 500g","p":1.44,"u":"2,88 €/KG","img":"https://fd6-photos.leclercdrive.fr/image.ashx?id=2795532&use=l&cat=p&typeid=i","cat":284448},{"id":3864,"n":"Jus multifruits Jafaden 12 fruits - 1L","p":1.33,"u":"1,33 €/L","img":"https://fd6-photos.leclercdrive.fr/image.ashx?id=2461387&use=l&cat=p&typeid=i","cat":284917},{"id":3871,"n":"Pain grillé Pelletier Blé complet - 500g","p":1.91,"u":"3,82 €/KG","img":"https://fd6-photos.leclercdrive.fr/image.ashx?id=2345376&use=l&cat=p&typeid=i","cat":284479},{"id":3912,"n":"Viande bovine Charal ***  à griller - 280g","p":7.66,"u":"27,36 €/KG","img":"https://fd6-photos.leclercdrive.fr/image.ashx?id=1889162&use=l&cat=p&typeid=i","cat":284328},{"id":3914,"n":"Steak haché Charal 5%mg - 260g","p":6.16,"u":"23,69 €/KG","img":"https://fd6-photos.leclercdrive.fr/image.ashx?id=1889165&use=l&cat=p&typeid=i","cat":284332},{"id":3917,"n":"Viande Bovine Française Charal: Pavé aux 3 poivres x2 - 260g","p":6.59,"u":"25,35 €/KG","img":"https://fd6-photos.leclercdrive.fr/image.ashx?id=2311195&use=l&cat=p&typeid=i","cat":284328},{"id":3925,"n":"Maxi Cheese Charal Viande bovine française - 220g","p":4.36,"u":"19,82 €/KG","img":"https://fd6-photos.leclercdrive.fr/image.ashx?id=2547098&use=l&cat=p&typeid=i","cat":333671},{"id":3944,"n":"Jus multifruits Jafaden Briquettes - 6x20cl","p":1.79,"u":"1,49 €/L","img":"https://fd6-photos.leclercdrive.fr/image.ashx?id=2751880&use=l&cat=p&typeid=i","cat":284524},{"id":3946,"n":"Pâtes Barilla Spaghettoni n°7 - 500g","p":0.98,"u":"1,96 €/KG","img":"https://fd6-photos.leclercdrive.fr/image.ashx?id=2392221&use=l&cat=p&typeid=i","cat":284427},{"id":3948,"n":"Haricots lingots Notre Jardin 500g","p":1.63,"u":"3,26 €/KG","img":"https://fd6-photos.leclercdrive.fr/image.ashx?id=2983775&use=l&cat=p&typeid=i","cat":284430},{"id":3951,"n":"Sucre vanillé Tablier blanc x10 75g","p":0.79,"u":"10,53 €/KG","img":"https://fd6-photos.leclercdrive.fr/image.ashx?id=2982595&use=l&cat=p&typeid=i","cat":294686},{"id":3955,"n":"Ravioli pur bœuf  Panzani - 400g","p":1.61,"u":"4,03 €/KG","img":"https://fd6-photos.leclercdrive.fr/image.ashx?id=2876050&use=l&cat=p&typeid=i","cat":284442},{"id":3956,"n":"Confit canard 2 cuisses NRT 425g","p":9.59,"u":"22,56 €/KG","img":"https://fd6-photos.leclercdrive.fr/image.ashx?id=2723207&use=l&cat=p&typeid=i","cat":284440},{"id":3960,"n":"Haricots Mungo  Notre Jardin 3x90g","p":1.99,"u":"7,37 €/KG","img":"https://fd6-photos.leclercdrive.fr/image.ashx?id=2174678&use=l&cat=p&typeid=i","cat":312611},{"id":3980,"n":"Sauce bolognaise Turini 680g","p":2.44,"u":"3,59 €/KG","img":"https://fd6-photos.leclercdrive.fr/image.ashx?id=2634863&use=l&cat=p&typeid=i","cat":287599},{"id":3981,"n":"Petits pois carottes Extra fins Notre Jardin - 3x130g","p":1.69,"u":"4,33 €/KG","img":"https://fd6-photos.leclercdrive.fr/image.ashx?id=2537346&use=l&cat=p&typeid=i","cat":312607},{"id":3983,"n":"Flageolets verts Notre Jardin Extra fins - 3x130g","p":1.99,"u":"5,10 €/KG","img":"https://fd6-photos.leclercdrive.fr/image.ashx?id=2573199&use=l&cat=p&typeid=i","cat":312606},{"id":3989,"n":"Soda Jean's Cola  2L","p":1.44,"u":"0,72 €/L","img":"https://fd6-photos.leclercdrive.fr/image.ashx?id=2699423&use=l&cat=p&typeid=i","cat":284530},{"id":3991,"n":"Tarte aux 3 fromages Côté Table - 400g","p":2.78,"u":"6,95 €/KG","img":"https://fd6-photos.leclercdrive.fr/image.ashx?id=2791707&use=l&cat=p&typeid=i","cat":284257},{"id":3994,"n":"Tourte Côté Table Champignon jambon - 500g","p":4.99,"u":"9,98 €/KG","img":"https://fd6-photos.leclercdrive.fr/image.ashx?id=2791680&use=l&cat=p&typeid=i","cat":284257},{"id":3997,"n":"Hachis parmentier Côté table 1kg","p":4.83,"u":"4,83 €/KG","img":"https://fd6-photos.leclercdrive.fr/image.ashx?id=2045172&use=l&cat=p&typeid=i","cat":284254},{"id":3998,"n":"Frites allumettes Pom'lisse Au four - 600g","p":1.24,"u":"2,07 €/KG","img":"https://fd6-photos.leclercdrive.fr/image.ashx?id=2699666&use=l&cat=p&typeid=i","cat":319791},{"id":3999,"n":"Crêpes Côté Table Champignons x6 - 300g","p":1.88,"u":"6,27 €/KG","img":"https://fd6-photos.leclercdrive.fr/image.ashx?id=2499352&use=l&cat=p&typeid=i","cat":319776},{"id":4000,"n":"Quiche lorraine Côté Table Mini - 8x100g","p":6.5,"u":"8,13 €/KG","img":"https://fd6-photos.leclercdrive.fr/image.ashx?id=2869787&use=l&cat=p&typeid=i","cat":284257},{"id":4008,"n":"Julienne légumes Notre jardin 600g","p":1.38,"u":"2,30 €/KG","img":"https://fd6-photos.leclercdrive.fr/image.ashx?id=2873105&use=l&cat=p&typeid=i","cat":319823},{"id":4009,"n":"Printanière légumes Notre jardin 1kg","p":1.47,"u":"1,47 €/KG","img":"https://fd6-photos.leclercdrive.fr/image.ashx?id=2873033&use=l&cat=p&typeid=i","cat":319823},{"id":4022,"n":"Fricassée de poulet Côté table Riz et légumes 900g","p":6.51,"u":"7,23 €/KG","img":"https://fd6-photos.leclercdrive.fr/image.ashx?id=2549370&use=l&cat=p&typeid=i","cat":284254},{"id":4024,"n":"Sauce crudité Rustica Nature - 50cl","p":0.88,"u":"1,76 €/L","img":"https://fd6-photos.leclercdrive.fr/image.ashx?id=1972910&use=l&cat=p&typeid=i","cat":284456},{"id":4025,"n":"Pois chiches Notre Jardin 530g","p":1.19,"u":"2,25 €/KG","img":"https://fd6-photos.leclercdrive.fr/image.ashx?id=2988006&use=l&cat=p&typeid=i","cat":312609},{"id":4026,"n":"Cuisses poulet rôti Le gaulois x2 - 350g","p":4.5,"u":"12,86 €/KG","img":"https://fd6-photos.leclercdrive.fr/image.ashx?id=2277122&use=l&cat=p&typeid=i","cat":284336},{"id":4028,"n":"Filets poulet rôti Le gaulois 230g","p":4.95,"u":"21,52 €/KG","img":"https://fd6-photos.leclercdrive.fr/image.ashx?id=2686879&use=l&cat=p&typeid=i","cat":284336},{"id":4063,"n":"Cidre bouché Les Goelleries Normand doux 2%vol. - 75cl","p":1.79,"u":"2,39 €/L","img":"https://fd6-photos.leclercdrive.fr/image.ashx?id=2842202&use=l&cat=p&typeid=i","cat":334880},{"id":4086,"n":"Ecorces Beaux Jours Pin maritime 20/40mm - 50L","p":9.15,"u":"0,18 €/L","img":"https://fd6-photos.leclercdrive.fr/image.ashx?id=2162189&use=l&cat=p&typeid=i","cat":335919},{"id":4089,"n":"Serfouette forgée Jardipro Forme panne langue","p":9.9,"img":"https://fd6-photos.leclercdrive.fr/image.ashx?id=560713&use=l&cat=p&typeid=i","cat":335920},{"id":4090,"n":"Râteau Jardipro 14 dents","p":11.99,"img":"https://fd6-photos.leclercdrive.fr/image.ashx?id=560715&use=l&cat=p&typeid=i","cat":335920},{"id":4097,"n":"Balai gazon Jardipro 20 dents","p":14.99,"img":"https://fd6-photos.leclercdrive.fr/image.ashx?id=560725&use=l&cat=p&typeid=i","cat":335920},{"id":4101,"n":"Pâtes coquillettes Panzani 1kg","p":1.74,"u":"1,74 €/KG","img":"https://fd6-photos.leclercdrive.fr/image.ashx?id=2873823&use=l&cat=p&typeid=i","cat":284427},{"id":4103,"n":"Compotes Andros Pomme Fraise - 8x100g","p":2.79,"u":"3,49 €/KG","img":"https://fd6-photos.leclercdrive.fr/image.ashx?id=2883940&use=l&cat=p&typeid=i","cat":284416},{"id":4120,"n":"Bouchées chocolatées Mon Chéri Liqueur cerise x16 - 168g","p":5.59,"u":"33,27 €/KG","img":"https://fd6-photos.leclercdrive.fr/image.ashx?id=2964018&use=l&cat=p&typeid=i","cat":327601},{"id":4141,"n":"Infusion Tiséa réglisse menthe x25","p":0.9,"u":"22,50 €/KG","img":"https://fd6-photos.leclercdrive.fr/image.ashx?id=2553908&use=l&cat=p&typeid=i","cat":293234},{"id":4242,"n":"Vacherin Eskiss Vanille framboise - 535g","p":4.65,"u":"8,69 €/KG","img":"https://fd6-photos.leclercdrive.fr/image.ashx?id=2119121&use=l&cat=p&typeid=i","cat":284266},{"id":4249,"n":"Crème glacée Eskiss Chocolat noir - 494g","p":2.35,"u":"4,76 €/KG","img":"https://fd6-photos.leclercdrive.fr/image.ashx?id=2698162&use=l&cat=p&typeid=i","cat":284263},{"id":4250,"n":"Crème glacée Eskiss Café - 494g","p":2.14,"u":"4,33 €/KG","img":"https://fd6-photos.leclercdrive.fr/image.ashx?id=3002545&use=l&cat=p&typeid=i","cat":284263},{"id":4255,"n":"Crème glacée Eskiss Rhum raisin - 494g","p":2.45,"u":"4,96 €/KG","img":"https://fd6-photos.leclercdrive.fr/image.ashx?id=2982589&use=l&cat=p&typeid=i","cat":284263},{"id":4257,"n":"Flammekueche d'Alsace surgelé NRT - 2x250g","p":4.99,"u":"9,98 €/KG","img":"https://fd6-photos.leclercdrive.fr/image.ashx?id=2779301&use=l&cat=p&typeid=i","cat":284257},{"id":4258,"n":"Glace Tyrolia Eskiss 320g","p":2.03,"u":"6,34 €/KG","img":"https://fd6-photos.leclercdrive.fr/image.ashx?id=2075663&use=l&cat=p&typeid=i","cat":284266},{"id":4259,"n":"Pâtes spaghetti Panzani 1kg","p":1.72,"u":"1,72 €/KG","img":"https://fd6-photos.leclercdrive.fr/image.ashx?id=2869555&use=l&cat=p&typeid=i","cat":284427},{"id":4260,"n":"Biscuits sablés P'tit Déli Chocolat au lait - 200g","p":1.19,"u":"5,95 €/KG","img":"https://fd6-photos.leclercdrive.fr/image.ashx?id=2768457&use=l&cat=p&typeid=i","cat":284488},{"id":4262,"n":"Thon en tranche  Pêche Océan Naturel - 140g","p":2.05,"u":"14,64 €/KG","img":"https://fd6-photos.leclercdrive.fr/image.ashx?id=2941390&use=l&cat=p&typeid=i","cat":303867},{"id":4288,"n":"Boisson apéritif Voltano Base de vin Bianco 14.4%vol 1L","p":4.99,"u":"4,99 €/L","img":"https://fd6-photos.leclercdrive.fr/image.ashx?id=2843782&use=l&cat=p&typeid=i","cat":284913},{"id":4289,"n":"Boisson apéritif Voltano Base de vin rosso 14.4%vol 1L","p":4.75,"u":"4,75 €/L","img":"https://fd6-photos.leclercdrive.fr/image.ashx?id=2843785&use=l&cat=p&typeid=i","cat":284913},{"id":4290,"n":"Marrons entiers Notre Jardin - 510g","p":5.19,"u":"10,18 €/KG","img":"https://fd6-photos.leclercdrive.fr/image.ashx?id=2263143&use=l&cat=p&typeid=i","cat":312612},{"id":4291,"n":"Viande bovine 3x steak ** à griller - 480g","p":14.32,"u":"29,83 €/KG","img":"https://fd6-photos.leclercdrive.fr/image.ashx?id=659566&use=l&cat=p&typeid=i","cat":284328},{"id":4346,"n":"Crêpes Côté Table Fromage x6 - 300g","p":1.69,"u":"5,63 €/KG","img":"https://fd6-photos.leclercdrive.fr/image.ashx?id=2932399&use=l&cat=p&typeid=i","cat":319776},{"id":4357,"n":"Glace à l'eau Yéti 5 parfums x24 - 1.160kg","p":3.18,"u":"2,74 €/KG","img":"https://fd6-photos.leclercdrive.fr/image.ashx?id=2733796&use=l&cat=p&typeid=i","cat":285250},{"id":4367,"n":"Papier toilette Uni Vert Compact écologique - x4","p":3.29,"u":"0,82 €/P","img":"https://fd6-photos.leclercdrive.fr/image.ashx?id=1957072&use=l&cat=p&typeid=i","cat":284634},{"id":4369,"n":"Gel wc menthe pin Uni Vert 750ml","p":1.62,"u":"2,16 €/L","img":"https://fd6-photos.leclercdrive.fr/image.ashx?id=2965446&use=l&cat=p&typeid=i","cat":284662},{"id":4381,"n":"Safran poudre Rustica 3 doses de 0,1g","p":2.96,"img":"https://fd6-photos.leclercdrive.fr/image.ashx?id=2870014&use=l&cat=p&typeid=i","cat":298297},{"id":4407,"n":"Biscuits duo glacier P'tit Déli 100g","p":1.25,"u":"12,50 €/KG","img":"https://fd6-photos.leclercdrive.fr/image.ashx?id=2874687&use=l&cat=p&typeid=i","cat":284487},{"id":4409,"n":"Saucisses volaille le Gaulois x6 - 300g","p":3.1,"u":"10,33 €/KG","img":"https://fd6-photos.leclercdrive.fr/image.ashx?id=2286762&use=l&cat=p&typeid=i","cat":284716},{"id":4410,"n":"Merguez volaille Le gaulois x6 - 300g","p":4.03,"u":"13,43 €/KG","img":"https://fd6-photos.leclercdrive.fr/image.ashx?id=2286765&use=l&cat=p&typeid=i","cat":284716},{"id":4412,"n":"Boisson énergisante Red Bull 250ml","p":1.08,"u":"4,32 €/L","img":"https://fd6-photos.leclercdrive.fr/image.ashx?id=2340300&use=l&cat=p&typeid=i","cat":284533},{"id":4423,"n":"Sauce béarnaise Charal 120g","p":1.97,"u":"16,42 €/KG","img":"https://fd6-photos.leclercdrive.fr/image.ashx?id=2105011&use=l&cat=p&typeid=i","cat":284382},{"id":4425,"n":"Sauce aux 3 poivres Charal 2 personnes - 120g","p":1.98,"u":"16,50 €/KG","img":"https://fd6-photos.leclercdrive.fr/image.ashx?id=2105014&use=l&cat=p&typeid=i","cat":284382},{"id":4431,"n":"Plumeaux Clair jetables Avec poignée x5","p":3.03,"img":"https://fd6-photos.leclercdrive.fr/image.ashx?id=561719&use=l&cat=p&typeid=i","cat":325364},{"id":4438,"n":"Hot Dog Charal ketchup 120g","p":2.63,"u":"21,92 €/KG","img":"https://fd6-photos.leclercdrive.fr/image.ashx?id=2264734&use=l&cat=p&typeid=i","cat":333671},{"id":4451,"n":"Merguez 1kg","p":15.95,"u":"15,95 €/KG","img":"https://fd6-photos.leclercdrive.fr/image.ashx?id=632153&use=l&cat=p&typeid=i","cat":284334},{"id":4456,"n":"Crème Nourrissante Nivea Visage Corps Mains - 100ml","p":1.9,"u":"19,00 €/L","img":"https://fd6-photos.leclercdrive.fr/image.ashx?id=3014389&use=l&cat=p&typeid=i","cat":325350},{"id":4497,"n":"Gomme Esquisse Caoutchouc","p":0.5,"img":"https://fd6-photos.leclercdrive.fr/image.ashx?id=2943211&use=l&cat=p&typeid=i","cat":334133},{"id":4499,"n":"Surligneur Esquisse 4 couleurs fluos - x4","p":1.99,"img":"https://fd6-photos.leclercdrive.fr/image.ashx?id=2943208&use=l&cat=p&typeid=i","cat":284696},{"id":4511,"n":"Pochettes perforées Eco+ 21x29.7cm - x100","p":1.14,"u":"0,01 €/P","img":"https://fd6-photos.leclercdrive.fr/image.ashx?id=2943124&use=l&cat=p&typeid=i","cat":284745},{"id":4512,"n":"Pur jus orange Jafaden Sans pulpe - 1L","p":2.43,"u":"2,43 €/L","img":"https://fd6-photos.leclercdrive.fr/image.ashx?id=2916668&use=l&cat=p&typeid=i","cat":285435},{"id":4515,"n":"Pansements Primoplast Pré-découpés x100","p":2.97,"img":"https://fd6-photos.leclercdrive.fr/image.ashx?id=2856459&use=l&cat=p&typeid=i","cat":284630},{"id":4518,"n":"Pomme de terre de consommation N.Jardin entières, épluch. 500g","p":1.35,"u":"2,70 €/KG","img":"https://fd6-photos.leclercdrive.fr/image.ashx?id=2670326&use=l&cat=p&typeid=i","cat":284352},{"id":4519,"n":"Bande à découper Primoplast Multi-usages - 10x6cm","p":0.79,"img":"https://fd6-photos.leclercdrive.fr/image.ashx?id=2885560&use=l&cat=p&typeid=i","cat":284630},{"id":4524,"n":"Filtre café Eco+ N°4 - x100","p":0.99,"u":"0,01 €/P","img":"https://fd6-photos.leclercdrive.fr/image.ashx?id=2593806&use=l&cat=p&typeid=i","cat":284751},{"id":4538,"n":"Crème pieds Scholl Réparatrice - 75ml","p":3.7,"u":"49,33 €/L","img":"https://fd6-photos.leclercdrive.fr/image.ashx?id=3011803&use=l&cat=p&typeid=i","cat":325354},{"id":4555,"n":"Aiguillette Poulet Jaune LR  IGP Volailles du Maine  - 180g","p":6.09,"u":"33,83 €/KG","img":"https://fd6-photos.leclercdrive.fr/image.ashx?id=2592546&use=l&cat=p&typeid=i","cat":284336},{"id":4566,"n":"Nuggets de poulet Maître coq 1kg","p":7.4,"u":"7,40 €/KG","img":"https://fd6-photos.leclercdrive.fr/image.ashx?id=2877826&use=l&cat=p&typeid=i","cat":333684},{"id":4567,"n":"Panés de poulet Maître Coq 1kg","p":8.45,"u":"8,45 €/KG","img":"https://fd6-photos.leclercdrive.fr/image.ashx?id=2877823&use=l&cat=p&typeid=i","cat":333684},{"id":4569,"n":"Coq'ailes Maître Coq Mexicain - 250g","p":3.28,"u":"13,12 €/KG","img":"https://fd6-photos.leclercdrive.fr/image.ashx?id=2432034&use=l&cat=p&typeid=i","cat":333685},{"id":4570,"n":"Coq'ailes Maître coq Nature - 250g","p":3.16,"u":"12,64 €/KG","img":"https://fd6-photos.leclercdrive.fr/image.ashx?id=2412591&use=l&cat=p&typeid=i","cat":333685},{"id":4583,"n":"Sucre vanillé Vahiné Madagascar - 5x7,5g","p":1.77,"u":"46,58 €/KG","img":"https://fd6-photos.leclercdrive.fr/image.ashx?id=2489190&use=l&cat=p&typeid=i","cat":294686},{"id":4622,"n":"Betterave Notre Jardin En cubes - 500g","p":0.99,"u":"1,98 €/KG","img":"https://fd6-photos.leclercdrive.fr/image.ashx?id=2551621&use=l&cat=p&typeid=i","cat":284352},{"id":4624,"n":"Dattes Couleurs Vives 500g","p":2.75,"u":"5,50 €/KG","img":"https://fd6-photos.leclercdrive.fr/image.ashx?id=2542926&use=l&cat=p&typeid=i","cat":284357},{"id":4625,"n":"Arachides coques Couleurs Vives Grillées - 500g","p":2.45,"u":"4,90 €/KG","img":"https://fd6-photos.leclercdrive.fr/image.ashx?id=2886439&use=l&cat=p&typeid=i","cat":284448},{"id":4626,"n":"Vinaigrette Rustica Nature - 50cl","p":0.88,"u":"1,76 €/L","img":"https://fd6-photos.leclercdrive.fr/image.ashx?id=1972898&use=l&cat=p&typeid=i","cat":284456},{"id":4627,"n":"Vinaigre de Xérès Rustica 50cl","p":1.99,"u":"3,98 €/L","img":"https://fd6-photos.leclercdrive.fr/image.ashx?id=2603581&use=l&cat=p&typeid=i","cat":298543},{"id":4628,"n":"Moutarde de Dijon Rustica  Fine et forte - 440g","p":1.13,"u":"2,57 €/KG","img":"https://fd6-photos.leclercdrive.fr/image.ashx?id=2954340&use=l&cat=p&typeid=i","cat":288850},{"id":4629,"n":"Moutarde à l'ancienne Rustica Vinaigre - 350g","p":1.12,"u":"3,20 €/KG","img":"https://fd6-photos.leclercdrive.fr/image.ashx?id=2954343&use=l&cat=p&typeid=i","cat":288850},{"id":4630,"n":"Pâté piment d'Espelette NRT Label Rouge - 180g","p":2.39,"u":"13,28 €/KG","img":"https://fd6-photos.leclercdrive.fr/image.ashx?id=2991485&use=l&cat=p&typeid=i","cat":305149},{"id":4640,"n":"Petits pois carottes Notre Jard Extra fins - 420g","p":1.35,"u":"3,21 €/KG","img":"https://fd6-photos.leclercdrive.fr/image.ashx?id=2987943&use=l&cat=p&typeid=i","cat":312607},{"id":4641,"n":"Croquettes chaton Purina One Junior - Poulet/Céréales - 450g","p":2.63,"u":"5,84 €/KG","img":"https://fd6-photos.leclercdrive.fr/image.ashx?id=2499883&use=l&cat=p&typeid=i","cat":284680},{"id":4667,"n":"Yaourts Mamie Nova Ananas passion - 2x150g","p":1.4,"u":"4,67 €/KG","img":"https://fd6-photos.leclercdrive.fr/image.ashx?id=2886960&use=l&cat=p&typeid=i","cat":284410},{"id":4679,"n":"Gel WC nettoyant Syphon Javel eucalyptus - 750ml","p":0.87,"u":"1,16 €/L","img":"https://fd6-photos.leclercdrive.fr/image.ashx?id=2663359&use=l&cat=p&typeid=i","cat":284662},{"id":4682,"n":"Petits pois Notre Jardin A l'étuvée - Extra fins - 445g","p":1.28,"u":"2,88 €/KG","img":"https://fd6-photos.leclercdrive.fr/image.ashx?id=2987940&use=l&cat=p&typeid=i","cat":312607},{"id":4688,"n":"Pâtes Blé complet Barilla Penne Rigate Integrale - 500g","p":1.14,"u":"2,28 €/KG","img":"https://fd6-photos.leclercdrive.fr/image.ashx?id=2986954&use=l&cat=p&typeid=i","cat":284427},{"id":4727,"n":"Chocolat au lait Tablette d'Or Raisins secs & Noisettes - 200g","p":2.19,"u":"10,95 €/KG","img":"https://fd6-photos.leclercdrive.fr/image.ashx?id=2578629&use=l&cat=p&typeid=i","cat":284497},{"id":4766,"n":"Gazpacho Notre Jardin 1L","p":2.57,"u":"2,57 €/L","img":"https://fd6-photos.leclercdrive.fr/image.ashx?id=2794832&use=l&cat=p&typeid=i","cat":284355},{"id":4844,"n":"Pochettes perforées Esquisse x50","p":1.69,"img":"https://fd6-photos.leclercdrive.fr/image.ashx?id=2943157&use=l&cat=p&typeid=i","cat":284745},{"id":4852,"n":"Thon blanc Petit Navire Au naturel - 140g","p":3.44,"u":"24,57 €/KG","img":"https://fd6-photos.leclercdrive.fr/image.ashx?id=2570996&use=l&cat=p&typeid=i","cat":303867},{"id":4863,"n":"Tampons Doulys Digitaux Normal - x24","p":1.24,"u":"0,05 €/P","img":"https://fd6-photos.leclercdrive.fr/image.ashx?id=2965401&use=l&cat=p&typeid=i","cat":284626},{"id":4876,"n":"Petits pots bébé NATURNES Carottes 4M+ - 2x130g","p":1.04,"u":"4,00 €/KG","img":"https://fd6-photos.leclercdrive.fr/image.ashx?id=2522398&use=l&cat=p&typeid=i","cat":312234},{"id":4877,"n":"Petits pots bébé NATURNES Haricots Verts 4M+ - 2x130g","p":1.01,"u":"3,88 €/KG","img":"https://fd6-photos.leclercdrive.fr/image.ashx?id=2522401&use=l&cat=p&typeid=i","cat":312234},{"id":4878,"n":"Petits pots bébé NATURNES Petits Pois 4M+ - 2x130g","p":1.08,"u":"4,15 €/KG","img":"https://fd6-photos.leclercdrive.fr/image.ashx?id=2536182&use=l&cat=p&typeid=i","cat":312234},{"id":4879,"n":"Petits pots bébé NATURNES Courgettes 4M+ - 2x130g","p":1.01,"u":"3,88 €/KG","img":"https://fd6-photos.leclercdrive.fr/image.ashx?id=2532249&use=l&cat=p&typeid=i","cat":312234},{"id":4881,"n":"Petits pots bébé NATURNES Potiron 4M+ - 2x130g","p":1.03,"u":"3,96 €/KG","img":"https://fd6-photos.leclercdrive.fr/image.ashx?id=2532252&use=l&cat=p&typeid=i","cat":312234},{"id":4902,"n":"Purée de fruit NATURNES Pomme coing 4M+ - 4x130g","p":2.27,"u":"4,37 €/KG","img":"https://fd6-photos.leclercdrive.fr/image.ashx?id=2478375&use=l&cat=p&typeid=i","cat":312387},{"id":4903,"n":"Purée de fruit NATURNES Pommes Pruneaux 4M+ - 4x130g","p":2.23,"u":"4,29 €/KG","img":"https://fd6-photos.leclercdrive.fr/image.ashx?id=2571770&use=l&cat=p&typeid=i","cat":312387},{"id":4905,"n":"Purée de fruit NATURNES Pomme banane 4M+ - 4x130g","p":2.19,"u":"4,21 €/KG","img":"https://fd6-photos.leclercdrive.fr/image.ashx?id=2599937&use=l&cat=p&typeid=i","cat":312387},{"id":4906,"n":"Purée de fruit NATURNES Pommes Poires 4M+ - 4x130g","p":2.3,"u":"4,42 €/KG","img":"https://fd6-photos.leclercdrive.fr/image.ashx?id=2672551&use=l&cat=p&typeid=i","cat":312387},{"id":4909,"n":"Purée de fruit NATURNES Fruits du soleil 8M+ - 4x130g","p":2.21,"u":"4,25 €/KG","img":"https://fd6-photos.leclercdrive.fr/image.ashx?id=2629647&use=l&cat=p&typeid=i","cat":312388},{"id":4910,"n":"Purée de fruit NATURNES 6M+ Pomme Fraise Myrtilles - 4x130g","p":2.25,"u":"4,33 €/KG","img":"https://fd6-photos.leclercdrive.fr/image.ashx?id=2478399&use=l&cat=p&typeid=i","cat":312388},{"id":4971,"n":"Fromage Spécialité Port Salut - 320g","p":2.77,"u":"8,66 €/KG","img":"https://fd6-photos.leclercdrive.fr/image.ashx?id=2143762&use=l&cat=p&typeid=i","cat":329184},{"id":4988,"n":"Beurre Moulé Paysan Breton Doux - 82%MG - 500g","p":6.12,"u":"12,24 €/KG","img":"https://fd6-photos.leclercdrive.fr/image.ashx?id=2774496&use=l&cat=p&typeid=i","cat":284379},{"id":4996,"n":"Cordon bleu Le Gaulois Dinde - 200g","p":1.98,"u":"9,90 €/KG","img":"https://fd6-photos.leclercdrive.fr/image.ashx?id=2860220&use=l&cat=p&typeid=i","cat":333683},{"id":5015,"n":"Yaourts Les Zaros Délisse Fruits panachés - 16x125g","p":2.48,"u":"1,24 €/KG","img":"https://fd6-photos.leclercdrive.fr/image.ashx?id=2970444&use=l&cat=p&typeid=i","cat":284414},{"id":5016,"n":"Yaourts nature Déli'light 0% MG - 12x125g","p":1.91,"u":"1,27 €/KG","img":"https://fd6-photos.leclercdrive.fr/image.ashx?id=2922482&use=l&cat=p&typeid=i","cat":315000},{"id":5017,"n":"Betterave rouge Notre Jardin Entière cuite sous vide - 500g","p":0.72,"u":"1,44 €/KG","img":"https://fd6-photos.leclercdrive.fr/image.ashx?id=2885116&use=l&cat=p&typeid=i","cat":284352},{"id":5018,"n":"Yaourts Délisse Nature - 4x125g","p":0.65,"u":"1,30 €/KG","img":"https://fd6-photos.leclercdrive.fr/image.ashx?id=3003052&use=l&cat=p&typeid=i","cat":284409},{"id":5021,"n":"Crottin de chèvre Les Croisés 23%mg - 2x60g","p":1.78,"u":"14,83 €/KG","img":"https://fd6-photos.leclercdrive.fr/image.ashx?id=2891878&use=l&cat=p&typeid=i","cat":314031},{"id":5022,"n":"Graisse à frire Rustica végétale - 1kg","p":5.77,"u":"5,77 €/KG","img":"https://fd6-photos.leclercdrive.fr/image.ashx?id=2881226&use=l&cat=p&typeid=i","cat":315229},{"id":5023,"n":"Salade composée Notre Jardin Mélée gourmande - 200g","p":0.99,"u":"4,95 €/KG","img":"https://fd6-photos.leclercdrive.fr/image.ashx?id=2680827&use=l&cat=p&typeid=i","cat":284353},{"id":5024,"n":"Viande des grisons Saint Azay 10 tranches - 80g","p":4.09,"u":"51,13 €/KG","img":"https://fd6-photos.leclercdrive.fr/image.ashx?id=2848490&use=l&cat=p&typeid=i","cat":316007},{"id":5026,"n":"Ravioli Turini Boeuf aux oignons - 300g","p":1.53,"u":"5,10 €/KG","img":"https://fd6-photos.leclercdrive.fr/image.ashx?id=2778036&use=l&cat=p&typeid=i","cat":333682},{"id":5028,"n":"Piémontaise Menu Fraîcheur Au jambon - 500g","p":2.2,"u":"4,40 €/KG","img":"https://fd6-photos.leclercdrive.fr/image.ashx?id=2901428&use=l&cat=p&typeid=i","cat":333657},{"id":5031,"n":"Petits chèvres doux Les Croisés 200g","p":2.02,"u":"10,10 €/KG","img":"https://fd6-photos.leclercdrive.fr/image.ashx?id=2033141&use=l&cat=p&typeid=i","cat":314031},{"id":5032,"n":"Pizza Turini Chorizo - 450g","p":2.69,"u":"5,98 €/KG","img":"https://fd6-photos.leclercdrive.fr/image.ashx?id=2422168&use=l&cat=p&typeid=i","cat":333679},{"id":5037,"n":"Gésiers de volaille Volandrie 300g","p":2.49,"u":"8,30 €/KG","img":"https://fd6-photos.leclercdrive.fr/image.ashx?id=2814860&use=l&cat=p&typeid=i","cat":284715},{"id":5039,"n":"Crème caramel Délisse 8x100g","p":2.98,"u":"3,73 €/KG","img":"https://fd6-photos.leclercdrive.fr/image.ashx?id=2466069&use=l&cat=p&typeid=i","cat":284419},{"id":5040,"n":"Yaourts aromatisés 0% Délisse 4 saveurs - 12x125g","p":2.64,"u":"1,76 €/KG","img":"https://fd6-photos.leclercdrive.fr/image.ashx?id=2898829&use=l&cat=p&typeid=i","cat":315000},{"id":5041,"n":"Fromage blanc Déli'light Nature 0% MG - 1kg","p":1.79,"u":"1,79 €/KG","img":"https://fd6-photos.leclercdrive.fr/image.ashx?id=2834238&use=l&cat=p&typeid=i","cat":315000},{"id":5044,"n":"Fromage à tartiner Les Croisés  Ail et fines herbes 25%mg 150g","p":1.29,"u":"8,60 €/KG","img":"https://fd6-photos.leclercdrive.fr/image.ashx?id=2476122&use=l&cat=p&typeid=i","cat":314029},{"id":5045,"n":"Riz au lait Délisse Vanille - 8x115g","p":2.08,"u":"2,26 €/KG","img":"https://fd6-photos.leclercdrive.fr/image.ashx?id=2489116&use=l&cat=p&typeid=i","cat":284418},{"id":5046,"n":"Roquefort NRT AOP  Fromage de brebis -150g","p":2.99,"u":"19,93 €/KG","img":"https://fd6-photos.leclercdrive.fr/image.ashx?id=2771046&use=l&cat=p&typeid=i","cat":314032},{"id":5047,"n":"Gratte éponge Spontex Sans rinçage x3","p":1.36,"u":"0,45 €/P","img":"https://fd6-photos.leclercdrive.fr/image.ashx?id=2975783&use=l&cat=p&typeid=i","cat":284667},{"id":5049,"n":"Whisky Sir Edward's 40%vol - 1L","p":16.89,"pp":15.2,"u":"15,20 €/L","img":"https://fd6-photos.leclercdrive.fr/image.ashx?id=2510747&use=l&cat=p&typeid=i","cat":284547},{"id":5050,"n":"Sucre de canne Canadou 70cl","p":2.61,"u":"3,73 €/L","img":"https://fd6-photos.leclercdrive.fr/image.ashx?id=2534587&use=l&cat=p&typeid=i","cat":284551},{"id":5054,"n":"Olives Vertes Dénoyautées  100g","p":0.78,"u":"7,80 €/KG","img":"https://fd6-photos.leclercdrive.fr/image.ashx?id=2923432&use=l&cat=p&typeid=i","cat":284450},{"id":5070,"n":"Whisky Jack Daniel's Old N°7 70cL","p":20.65,"u":"29,50 €/L","img":"https://fd6-photos.leclercdrive.fr/image.ashx?id=2789763&use=l&cat=p&typeid=i","cat":284547},{"id":5078,"n":"Sucres morceaux Béghin Say n°4 1kg","p":1.87,"u":"1,87 €/KG","img":"https://fd6-photos.leclercdrive.fr/image.ashx?id=2860172&use=l&cat=p&typeid=i","cat":284502},{"id":5079,"n":"Sucre cristal Béghin Say 1kg","p":1.88,"u":"1,88 €/KG","img":"https://fd6-photos.leclercdrive.fr/image.ashx?id=2866343&use=l&cat=p&typeid=i","cat":284502},{"id":5080,"n":"Sucre poudre Béghin Say Etui 1kg","p":1.79,"u":"1,79 €/KG","img":"https://fd6-photos.leclercdrive.fr/image.ashx?id=2866346&use=l&cat=p&typeid=i","cat":284502},{"id":5081,"n":"Sucre poudre Béghin Say 1kg","p":1.45,"u":"1,45 €/KG","img":"https://fd6-photos.leclercdrive.fr/image.ashx?id=2866349&use=l&cat=p&typeid=i","cat":284502},{"id":5083,"n":"Sucre canne Blonvilliers Béghin Say morceaux 1kg","p":2.55,"u":"2,55 €/KG","img":"https://fd6-photos.leclercdrive.fr/image.ashx?id=2962281&use=l&cat=p&typeid=i","cat":284502},{"id":5090,"n":"Pepites de chocolat noir Vahiné - 100g","p":1.79,"u":"17,90 €/KG","img":"https://fd6-photos.leclercdrive.fr/image.ashx?id=2529282&use=l&cat=p&typeid=i","cat":284504},{"id":5098,"n":"Colle Super Glue 3 Loctite Power gel - 3g","p":3.18,"img":"https://fd6-photos.leclercdrive.fr/image.ashx?id=2020278&use=l&cat=p&typeid=i","cat":300576},{"id":5099,"n":"Huile touche d'olive Isio 4 1L","p":4.93,"u":"4,93 €/L","img":"https://fd6-photos.leclercdrive.fr/image.ashx?id=2918724&use=l&cat=p&typeid=i","cat":284453},{"id":5102,"n":"Cacahuètes Maître Prunille Chouchou sucrées - 500g","p":5.02,"u":"10,04 €/KG","img":"https://fd6-photos.leclercdrive.fr/image.ashx?id=2234018&use=l&cat=p&typeid=i","cat":284357},{"id":5103,"n":"Biscuits Maître Prunille Japonais - 250g","p":3.78,"u":"15,12 €/KG","img":"https://fd6-photos.leclercdrive.fr/image.ashx?id=2234021&use=l&cat=p&typeid=i","cat":316002},{"id":5107,"n":"Huile d'arachide Rustica  1L","p":3.55,"u":"3,55 €/L","img":"https://fd6-photos.leclercdrive.fr/image.ashx?id=3002509&use=l&cat=p&typeid=i","cat":284453},{"id":5110,"n":"Pâtes Coquillettes Turini  1kg","p":1.35,"u":"1,35 €/KG","img":"https://fd6-photos.leclercdrive.fr/image.ashx?id=2980441&use=l&cat=p&typeid=i","cat":284427},{"id":5111,"n":"Couscous Comptoir du grain Grain fin - 500g","p":1.27,"u":"2,54 €/KG","img":"https://fd6-photos.leclercdrive.fr/image.ashx?id=3012806&use=l&cat=p&typeid=i","cat":284429},{"id":5115,"n":"Biscuits Croustillants Tokapi Bacon-  85g","p":0.99,"u":"11,65 €/KG","img":"https://fd6-photos.leclercdrive.fr/image.ashx?id=2632837&use=l&cat=p&typeid=i","cat":297000},{"id":5116,"n":"Crème de pêche Auguste Muniot 15%vol. - 50cl","p":4.99,"u":"9,98 €/L","img":"https://fd6-photos.leclercdrive.fr/image.ashx?id=2753360&use=l&cat=p&typeid=i","cat":286032},{"id":5117,"n":"Café soluble Plantation Qualité filtre - 200g","p":4.4,"u":"22,00 €/KG","img":"https://fd6-photos.leclercdrive.fr/image.ashx?id=2834269&use=l&cat=p&typeid=i","cat":284843},{"id":5121,"n":"Café moulu Plantation Ethiopie - 250g","p":3.89,"u":"15,56 €/KG","img":"https://fd6-photos.leclercdrive.fr/image.ashx?id=2607434&use=l&cat=p&typeid=i","cat":284750},{"id":5125,"n":"Farine de blé bio T65 Bio Village - 1kg","p":0.99,"u":"0,99 €/KG","img":"https://fd6-photos.leclercdrive.fr/image.ashx?id=2448418&use=l&cat=p&typeid=i","cat":284503},{"id":5126,"n":"Riz long Comptoir du Grain Cuisson rapide 10min - 1kg","p":1.69,"u":"1,69 €/KG","img":"https://fd6-photos.leclercdrive.fr/image.ashx?id=2764137&use=l&cat=p&typeid=i","cat":284428},{"id":5128,"n":"Chips Pom'lisse Bolognaise - 135g","p":1.29,"u":"9,56 €/KG","img":"https://fd6-photos.leclercdrive.fr/image.ashx?id=2919604&use=l&cat=p&typeid=i","cat":284447},{"id":5132,"n":"Croûtons Epi d'Or Nature - 2x90g","p":0.99,"u":"5,50 €/KG","img":"https://fd6-photos.leclercdrive.fr/image.ashx?id=2606037&use=l&cat=p&typeid=i","cat":284464},{"id":5143,"n":"Chemises carton Esquisse A4 - lot de 3","p":1.65,"img":"https://fd6-photos.leclercdrive.fr/image.ashx?id=2943154&use=l&cat=p&typeid=i","cat":284745},{"id":5147,"n":"Crayons de couleur Esquisse x12","p":0.99,"img":"https://fd6-photos.leclercdrive.fr/image.ashx?id=2943163&use=l&cat=p&typeid=i","cat":284696},{"id":5155,"n":"Mini Gomme Esquisse Plastique x2","p":0.59,"u":"0,30 €/P","img":"https://fd6-photos.leclercdrive.fr/image.ashx?id=2943220&use=l&cat=p&typeid=i","cat":334133},{"id":5158,"n":"Déodorant Bille Femme Nivea Dry Confort 72H - 50ml","p":2.31,"u":"46,20 €/L","img":"https://fd6-photos.leclercdrive.fr/image.ashx?id=2871058&use=l&cat=p&typeid=i","cat":284595},{"id":5160,"n":"Pur jus de fruits Tropicana Réveil fruité - 1,5L","p":3.63,"u":"2,42 €/L","img":"https://fd6-photos.leclercdrive.fr/image.ashx?id=2606400&use=l&cat=p&typeid=i","cat":284521},{"id":5166,"n":"Sucettes Chupa Chups The Best x16 192g","p":1.83,"u":"9,53 €/KG","img":"https://fd6-photos.leclercdrive.fr/image.ashx?id=2647654&use=l&cat=p&typeid=i","cat":304250},{"id":5176,"n":"Pâtes Alphabet Panzani 500g","p":1.27,"u":"2,54 €/KG","img":"https://fd6-photos.leclercdrive.fr/image.ashx?id=2896063&use=l&cat=p&typeid=i","cat":284427},{"id":5187,"n":"Poires Conférence  1kg","p":3.05,"u":"3,05 €/KG","img":"https://fd6-photos.leclercdrive.fr/image.ashx?id=1636335&use=l&cat=p&typeid=i","cat":284356},{"id":5192,"n":"Croissants pur beurre 5x1p","p":2.5,"u":"0,50 €/P","img":"https://fd6-photos.leclercdrive.fr/image.ashx?id=565278&use=l&cat=p&typeid=i","cat":284984},{"id":5194,"n":"Pains au chocolat pur beurre  5x1p","p":3.25,"u":"0,65 €/P","img":"https://fd6-photos.leclercdrive.fr/image.ashx?id=2070956&use=l&cat=p&typeid=i","cat":284984},{"id":5195,"n":"Pains au chocolat pur beurre  10x1 p","p":5.75,"u":"0,58 €/P","img":"https://fd6-photos.leclercdrive.fr/image.ashx?id=2070959&use=l&cat=p&typeid=i","cat":284984},{"id":5197,"n":"Mini viennoiseries 15p","p":3.5,"u":"0,23 €/P","img":"https://fd6-photos.leclercdrive.fr/image.ashx?id=565291&use=l&cat=p&typeid=i","cat":284984},{"id":5211,"n":"Navet 500g","p":1.45,"u":"2,90 €/KG","img":"https://fd6-photos.leclercdrive.fr/image.ashx?id=1632545&use=l&cat=p&typeid=i","cat":284352},{"id":5218,"n":"Brocolis 500g","p":1.69,"u":"3,38 €/KG","img":"https://fd6-photos.leclercdrive.fr/image.ashx?id=565332&use=l&cat=p&typeid=i","cat":284352},{"id":5227,"n":"Pâtes Lustucru coquillettes Oeufs frais - 250g","p":0.94,"u":"3,76 €/KG","img":"https://fd6-photos.leclercdrive.fr/image.ashx?id=2519474&use=l&cat=p&typeid=i","cat":284427},{"id":5228,"n":"Pâtes Lustucru spaghetti courts Oeufs frais - 250g","p":0.94,"u":"3,76 €/KG","img":"https://fd6-photos.leclercdrive.fr/image.ashx?id=2519477&use=l&cat=p&typeid=i","cat":284427},{"id":5229,"n":"Torsades Lustucru  Aux œufs - 250g","p":1.01,"u":"4,04 €/KG","img":"https://fd6-photos.leclercdrive.fr/image.ashx?id=2503945&use=l&cat=p&typeid=i","cat":284427},{"id":5248,"n":"Yaourts aux fruits Délisse Panaché de fruits - 12x125g","p":3.39,"u":"2,26 €/KG","img":"https://fd6-photos.leclercdrive.fr/image.ashx?id=2658575&use=l&cat=p&typeid=i","cat":284410},{"id":5249,"n":"Spécialité laitière Délisse 0% Morceaux - 6 saveurs - 8x125g","p":2.39,"u":"2,39 €/KG","img":"https://fd6-photos.leclercdrive.fr/image.ashx?id=2946448&use=l&cat=p&typeid=i","cat":315000},{"id":5250,"n":"Crème glacée Eskiss Pistache avec éclats - 494g","p":2.51,"u":"5,08 €/KG","img":"https://fd6-photos.leclercdrive.fr/image.ashx?id=2982586&use=l&cat=p&typeid=i","cat":284263},{"id":5252,"n":"Pansements Primoplast Spécial articulations 10 bandes","p":1.99,"img":"https://fd6-photos.leclercdrive.fr/image.ashx?id=2856420&use=l&cat=p&typeid=i","cat":284630},{"id":5253,"n":"Pansements Primoplast Spécial Articulations x30","p":1.59,"img":"https://fd6-photos.leclercdrive.fr/image.ashx?id=2832912&use=l&cat=p&typeid=i","cat":284630},{"id":5254,"n":"Croc's jambon Côté Croc Dinde x2 - 100g","p":1.72,"u":"8,60 €/KG","img":"https://fd6-photos.leclercdrive.fr/image.ashx?id=2449760&use=l&cat=p&typeid=i","cat":333683},{"id":5255,"n":"Croc Côté Croc Poulet Fromage x2 - 200g","p":1.54,"u":"7,70 €/KG","img":"https://fd6-photos.leclercdrive.fr/image.ashx?id=2967549&use=l&cat=p&typeid=i","cat":333683},{"id":5256,"n":"Bonbons Copains Copines Assortiment - 750g","p":3.85,"u":"5,13 €/KG","img":"https://fd6-photos.leclercdrive.fr/image.ashx?id=2934652&use=l&cat=p&typeid=i","cat":304250},{"id":5261,"n":"Fromage blanc Délisse Nature 7.8% MG - 8x100g","p":2.89,"u":"3,61 €/KG","img":"https://fd6-photos.leclercdrive.fr/image.ashx?id=3012812&use=l&cat=p&typeid=i","cat":284409},{"id":5264,"n":"Crème glacée Eskiss Fraise avec morceaux - 494g","p":2.84,"u":"5,75 €/KG","img":"https://fd6-photos.leclercdrive.fr/image.ashx?id=2982598&use=l&cat=p&typeid=i","cat":284263},{"id":5265,"n":"Piémontaise Menu Fraîcheur  Au jambon - 300g","p":1.59,"u":"5,30 €/KG","img":"https://fd6-photos.leclercdrive.fr/image.ashx?id=2901425&use=l&cat=p&typeid=i","cat":333657},{"id":5271,"n":"Betteraves Menu Fraîcheur  Rouge en dés - 300g","p":1.19,"u":"3,97 €/KG","img":"https://fd6-photos.leclercdrive.fr/image.ashx?id=2552418&use=l&cat=p&typeid=i","cat":333657},{"id":5274,"n":"Quiche lorraine Coté Table 2x130g","p":1.99,"u":"7,65 €/KG","img":"https://fd6-photos.leclercdrive.fr/image.ashx?id=2149546&use=l&cat=p&typeid=i","cat":333680},{"id":5277,"n":"Yaourts Pâtissiers Délisse Spécialités gourmandes-12x125g","p":3.17,"u":"2,11 €/KG","img":"https://fd6-photos.leclercdrive.fr/image.ashx?id=2501667&use=l&cat=p&typeid=i","cat":314999},{"id":5279,"n":"Actifidus Delisse Nature - 4x125g","p":0.85,"u":"1,70 €/KG","img":"https://fd6-photos.leclercdrive.fr/image.ashx?id=2431107&use=l&cat=p&typeid=i","cat":315000},{"id":5281,"n":"Yaourts Petits Délis Chocolat - 6x100g","p":1.91,"u":"3,18 €/KG","img":"https://fd6-photos.leclercdrive.fr/image.ashx?id=2865188&use=l&cat=p&typeid=i","cat":284414},{"id":5285,"n":"Escalope Normande Côté Croc x2 - 200g","p":1.78,"u":"8,90 €/KG","img":"https://fd6-photos.leclercdrive.fr/image.ashx?id=2488353&use=l&cat=p&typeid=i","cat":333683},{"id":5288,"n":"Crème dessert Petits Délis Chocolat et lait - 6x70g","p":1.3,"u":"3,10 €/KG","img":"https://fd6-photos.leclercdrive.fr/image.ashx?id=2572061&use=l&cat=p&typeid=i","cat":285041},{"id":5289,"n":"Torti au surimi Menu Fraîcheur 300g","p":1.7,"u":"5,67 €/KG","img":"https://fd6-photos.leclercdrive.fr/image.ashx?id=2965443&use=l&cat=p&typeid=i","cat":333657},{"id":5291,"n":"Cordon bleu Côté Croc Dinde - 400g","p":3.67,"u":"9,18 €/KG","img":"https://fd6-photos.leclercdrive.fr/image.ashx?id=2915116&use=l&cat=p&typeid=i","cat":333683},{"id":5294,"n":"Yaourts brassés Délisse Nature - 4x125g","p":1.05,"u":"2,10 €/KG","img":"https://fd6-photos.leclercdrive.fr/image.ashx?id=2982892&use=l&cat=p&typeid=i","cat":284409},{"id":5296,"n":"Crème dessert Délisse Chocolat blanc - 4x125g","p":1.36,"u":"2,72 €/KG","img":"https://fd6-photos.leclercdrive.fr/image.ashx?id=2753475&use=l&cat=p&typeid=i","cat":285041},{"id":5308,"n":"Biscuits Mini Rollos Pépito Chocolat au lait - 225g","p":1.84,"u":"8,18 €/KG","img":"https://fd6-photos.leclercdrive.fr/image.ashx?id=3014407&use=l&cat=p&typeid=i","cat":284488},{"id":5310,"n":"Petits pois d'aucy  Extra-fins - 560g","p":1.59,"u":"2,84 €/KG","img":"https://fd6-photos.leclercdrive.fr/image.ashx?id=2426361&use=l&cat=p&typeid=i","cat":312607},{"id":5311,"n":"Petits pois carottes d'Aucy A l'étuvée - Extra fins - 530g","p":1.62,"u":"3,06 €/KG","img":"https://fd6-photos.leclercdrive.fr/image.ashx?id=2426364&use=l&cat=p&typeid=i","cat":312607},{"id":5317,"n":"Lentilles cuisinées Raynal Et Roquelaure - 410g","p":1.26,"u":"3,07 €/KG","img":"https://fd6-photos.leclercdrive.fr/image.ashx?id=2928396&use=l&cat=p&typeid=i","cat":312609},{"id":5318,"n":"Biscuits galettes St Michel 130g","p":0.9,"u":"6,92 €/KG","img":"https://fd6-photos.leclercdrive.fr/image.ashx?id=2986149&use=l&cat=p&typeid=i","cat":284487},{"id":5321,"n":"Chocolat poudre Benco 400g","p":2.3,"u":"5,75 €/KG","img":"https://fd6-photos.leclercdrive.fr/image.ashx?id=2871805&use=l&cat=p&typeid=i","cat":293235},{"id":5325,"n":"Confiture Bonne Maman Fraise - 370g","p":1.7,"u":"4,59 €/KG","img":"https://fd6-photos.leclercdrive.fr/image.ashx?id=2474984&use=l&cat=p&typeid=i","cat":284480},{"id":5329,"n":"Saucisses aux lentilles William Saurin - 420g","p":2.14,"u":"5,10 €/KG","img":"https://fd6-photos.leclercdrive.fr/image.ashx?id=2890067&use=l&cat=p&typeid=i","cat":284441},{"id":5339,"n":"Fruits au sirop St Mamet Cocktail - 500g","p":3.81,"u":"7,62 €/KG","img":"https://fd6-photos.leclercdrive.fr/image.ashx?id=2412435&use=l&cat=p&typeid=i","cat":284507},{"id":5342,"n":"Soda Canada Dry Ginger Ale 1,5L","p":1.84,"u":"1,23 €/L","img":"https://fd6-photos.leclercdrive.fr/image.ashx?id=2654674&use=l&cat=p&typeid=i","cat":284531},{"id":5362,"n":"Vin mousseux Charles Volner Brut - 12%vol. - 75cl","p":3.13,"u":"4,17 €/L","img":"https://fd6-photos.leclercdrive.fr/image.ashx?id=1592052&use=l&cat=p&typeid=i","cat":284544},{"id":5364,"n":"Fromage blanc Délisse Nature 7% MG - 1kg","p":2.39,"u":"2,39 €/KG","img":"https://fd6-photos.leclercdrive.fr/image.ashx?id=2834999&use=l&cat=p&typeid=i","cat":284409},{"id":5366,"n":"Cire Dépilatoire Siliss Méthode orientale - 250ml","p":3.89,"u":"15,56 €/L","img":"https://fd6-photos.leclercdrive.fr/image.ashx?id=2699396&use=l&cat=p&typeid=i","cat":325351},{"id":5367,"n":"Biscuits tuiles P'tit Déli 100g","p":1.17,"u":"11,70 €/KG","img":"https://fd6-photos.leclercdrive.fr/image.ashx?id=1898889&use=l&cat=p&typeid=i","cat":284487},{"id":5368,"n":"Biscuits Croustillants Tokapi Gouda - 85g","p":0.99,"u":"11,65 €/KG","img":"https://fd6-photos.leclercdrive.fr/image.ashx?id=2507685&use=l&cat=p&typeid=i","cat":297000},{"id":5369,"n":"Légumes couscous Notre Jardin 800g","p":1.49,"u":"1,86 €/KG","img":"https://fd6-photos.leclercdrive.fr/image.ashx?id=2854213&use=l&cat=p&typeid=i","cat":312612},{"id":5381,"n":"Dentifrice Dentamyl Haleine fraîche 75ml","p":1.39,"u":"18,53 €/L","img":"https://fd6-photos.leclercdrive.fr/image.ashx?id=2613828&use=l&cat=p&typeid=i","cat":284612},{"id":5385,"n":"Lait coco Tables du Monde 200ml","p":0.86,"u":"4,30 €/L","img":"https://fd6-photos.leclercdrive.fr/image.ashx?id=2920172&use=l&cat=p&typeid=i","cat":288992},{"id":5386,"n":"Biscuit Petit beurre P'tit Déli Tablette chocolat lait - 150g","p":1.29,"u":"8,60 €/KG","img":"https://fd6-photos.leclercdrive.fr/image.ashx?id=886984&use=l&cat=p&typeid=i","cat":284488},{"id":5387,"n":"Boisson soja Calcium Végé 1L Végé - 200g","p":0.93,"u":"0,93 €/L","img":"https://fd6-photos.leclercdrive.fr/image.ashx?id=2859155&use=l&cat=p&typeid=i","cat":316067},{"id":5390,"n":"Crème anglaise Délisse 50cl","p":1.28,"u":"2,56 €/L","img":"https://fd6-photos.leclercdrive.fr/image.ashx?id=3002569&use=l&cat=p&typeid=i","cat":284382},{"id":5391,"n":"Yaourts à boire Délisse 3 parfums - 6x180g","p":2.39,"u":"2,21 €/KG","img":"https://fd6-photos.leclercdrive.fr/image.ashx?id=2757924&use=l&cat=p&typeid=i","cat":284415},{"id":5393,"n":"Fromage blanc Délisse Framboise 5.5% MG - 500g","p":2.39,"u":"4,78 €/KG","img":"https://fd6-photos.leclercdrive.fr/image.ashx?id=3012821&use=l&cat=p&typeid=i","cat":284409},{"id":5396,"n":"Bain de bouche Dentamyl Multi Protection - 500ml","p":1.89,"u":"3,78 €/L","img":"https://fd6-photos.leclercdrive.fr/image.ashx?id=2500806&use=l&cat=p&typeid=i","cat":284613},{"id":5399,"n":"Pur jus d'orange Bio Village Bio sans pulpe - 1L","p":2.45,"u":"2,45 €/L","img":"https://fd6-photos.leclercdrive.fr/image.ashx?id=2901521&use=l&cat=p&typeid=i","cat":284521},{"id":5400,"n":"Nouilles bouclées d'Alsace NRT 250g","p":1.39,"u":"5,56 €/KG","img":"https://fd6-photos.leclercdrive.fr/image.ashx?id=2839965&use=l&cat=p&typeid=i","cat":284427},{"id":5403,"n":"Plumes d'Alsace NRT 250g","p":1.39,"u":"5,56 €/KG","img":"https://fd6-photos.leclercdrive.fr/image.ashx?id=2839971&use=l&cat=p&typeid=i","cat":284427},{"id":5404,"n":"IGP Coquilles d'Alsace NRT 250g","p":1.39,"u":"5,56 €/KG","img":"https://fd6-photos.leclercdrive.fr/image.ashx?id=2839974&use=l&cat=p&typeid=i","cat":284427},{"id":5405,"n":"Saucisse sèche d'Auvergne  NRT - 300g","p":5.74,"u":"19,13 €/KG","img":"https://fd6-photos.leclercdrive.fr/image.ashx?id=2991473&use=l&cat=p&typeid=i","cat":316006},{"id":5406,"n":"Saucisson sec d'Auvergne IGP Nos Régions ont du Talent 300g","p":5.54,"u":"18,47 €/KG","img":"https://fd6-photos.leclercdrive.fr/image.ashx?id=2991476&use=l&cat=p&typeid=i","cat":316006},{"id":5407,"n":"Coquillettes d'Alsace NRT 250g","p":1.39,"u":"5,56 €/KG","img":"https://fd6-photos.leclercdrive.fr/image.ashx?id=2839977&use=l&cat=p&typeid=i","cat":284427},{"id":5449,"n":"Boîte chat Whiskas Terrine du marché - 4x400g","p":4.63,"u":"2,89 €/KG","img":"https://fd6-photos.leclercdrive.fr/image.ashx?id=2759619&use=l&cat=p&typeid=i","cat":285601},{"id":5465,"n":"Eau de source de Montagne 6x50cl","p":1.67,"u":"0,56 €/L","img":"https://fd6-photos.leclercdrive.fr/image.ashx?id=2727614&use=l&cat=p&typeid=i","cat":284535},{"id":5468,"n":"Papier toilette Parfumé Mimosa Soleil d'été - x6","p":2.99,"u":"0,50 €/P","img":"https://fd6-photos.leclercdrive.fr/image.ashx?id=2836316&use=l&cat=p&typeid=i","cat":284634},{"id":5472,"n":"Biscuits barquettes P'tit Déli Fraise - 2x120g","p":1.66,"u":"6,92 €/KG","img":"https://fd6-photos.leclercdrive.fr/image.ashx?id=2691168&use=l&cat=p&typeid=i","cat":284489},{"id":5497,"n":"Gelée Bonne Maman Cassis - 370g","p":1.84,"u":"4,97 €/KG","img":"https://fd6-photos.leclercdrive.fr/image.ashx?id=2901662&use=l&cat=p&typeid=i","cat":284480},{"id":5498,"n":"Comté des terroirs Entremont 200g","p":3.62,"u":"18,10 €/KG","img":"https://fd6-photos.leclercdrive.fr/image.ashx?id=2474245&use=l&cat=p&typeid=i","cat":314034},{"id":5501,"n":"Sel La Baleine  Fin iodé 125g","p":0.35,"u":"2,80 €/KG","img":"https://fd6-photos.leclercdrive.fr/image.ashx?id=2019879&use=l&cat=p&typeid=i","cat":284457},{"id":5509,"n":"Pâtes Torsades Turini 1kg","p":1.29,"u":"1,29 €/KG","img":"https://fd6-photos.leclercdrive.fr/image.ashx?id=2980767&use=l&cat=p&typeid=i","cat":284427},{"id":5511,"n":"Sparadrap Primoplast Peaux délicates 5mx2.5cm","p":1.48,"img":"https://fd6-photos.leclercdrive.fr/image.ashx?id=2856426&use=l&cat=p&typeid=i","cat":284630},{"id":5512,"n":"Sparadrap Primoplast résistant 5mx2.5cm","p":1.49,"img":"https://fd6-photos.leclercdrive.fr/image.ashx?id=2856435&use=l&cat=p&typeid=i","cat":284630},{"id":5513,"n":"Miel Nid d'Abeille Crémeux - 1 kg","p":6.39,"u":"6,39 €/KG","img":"https://fd6-photos.leclercdrive.fr/image.ashx?id=760210&use=l&cat=p&typeid=i","cat":287643},{"id":5514,"n":"Bande strapping Primoplast Adhésive 2.5mx6cm","p":3.39,"img":"https://fd6-photos.leclercdrive.fr/image.ashx?id=2856441&use=l&cat=p&typeid=i","cat":284630},{"id":5515,"n":"Vin mousseux d'Union Européenne  brut  -75cl","p":2.99,"u":"3,99 €/L","img":"https://fd6-photos.leclercdrive.fr/image.ashx?id=2807279&use=l&cat=p&typeid=i","cat":284544},{"id":5517,"n":"Canapés toasts Epi d'Or Nature - 280g","p":1.12,"u":"4,00 €/KG","img":"https://fd6-photos.leclercdrive.fr/image.ashx?id=1859140&use=l&cat=p&typeid=i","cat":285454},{"id":5526,"n":"Fromage Bleu d'Auvergne NRT  AOP - 125g","p":1.39,"u":"11,12 €/KG","img":"https://fd6-photos.leclercdrive.fr/image.ashx?id=2771040&use=l&cat=p&typeid=i","cat":314032},{"id":5529,"n":"Croquettes petits chiens Ultima  Poulet - Yorkshire - 800g","p":3.12,"u":"3,90 €/KG","img":"https://fd6-photos.leclercdrive.fr/image.ashx?id=2922224&use=l&cat=p&typeid=i","cat":294526},{"id":5534,"n":"Copies doubles Esquisse Perforées  21x29.7cm- 300 pages","p":2.49,"img":"https://fd6-photos.leclercdrive.fr/image.ashx?id=2943202&use=l&cat=p&typeid=i","cat":284697},{"id":5536,"n":"Biscuits Pockitos Pépito Chocolat au lait - 295g","p":3.39,"u":"11,49 €/KG","img":"https://fd6-photos.leclercdrive.fr/image.ashx?id=3001955&use=l&cat=p&typeid=i","cat":284488},{"id":5545,"n":"Garniture Bouchées à la reine Petit Jean - 400g","p":2.21,"u":"5,53 €/KG","img":"https://fd6-photos.leclercdrive.fr/image.ashx?id=2677240&use=l&cat=p&typeid=i","cat":284441},{"id":5546,"n":"Pâté de foie William Saurin - 3x78g","p":2.29,"u":"9,79 €/KG","img":"https://fd6-photos.leclercdrive.fr/image.ashx?id=2392756&use=l&cat=p&typeid=i","cat":305149},{"id":5560,"n":"Tampons Doulys Digitaux Mini - x24","p":1.62,"u":"0,07 €/P","img":"https://fd6-photos.leclercdrive.fr/image.ashx?id=2965407&use=l&cat=p&typeid=i","cat":284626},{"id":5561,"n":"Tampons Doulys Digitaux Super - x24","p":1.26,"u":"0,05 €/P","img":"https://fd6-photos.leclercdrive.fr/image.ashx?id=2965413&use=l&cat=p&typeid=i","cat":284626},{"id":5563,"n":"Biscuits P'tit Déli Délimousse 175g","p":1.51,"u":"8,63 €/KG","img":"https://fd6-photos.leclercdrive.fr/image.ashx?id=2540936&use=l&cat=p&typeid=i","cat":284495},{"id":5564,"n":"Lingettes nettoyantes Clair Vitres 3en1 x20","p":0.87,"u":"0,04 €/P","img":"https://fd6-photos.leclercdrive.fr/image.ashx?id=2858827&use=l&cat=p&typeid=i","cat":325363},{"id":5573,"n":"Quenelles Côté Table volaille Sauce champignons 400g","p":1.75,"u":"4,38 €/KG","img":"https://fd6-photos.leclercdrive.fr/image.ashx?id=2977135&use=l&cat=p&typeid=i","cat":284441},{"id":5574,"n":"Quenelles Côté Table saumon Sauce crevette 400g","p":1.8,"u":"4,50 €/KG","img":"https://fd6-photos.leclercdrive.fr/image.ashx?id=2977138&use=l&cat=p&typeid=i","cat":284441},{"id":5575,"n":"Compote Douceur du Verger Gourdes Pomme - 12x90g","p":2.7,"u":"2,50 €/KG","img":"https://fd6-photos.leclercdrive.fr/image.ashx?id=2837030&use=l&cat=p&typeid=i","cat":284508},{"id":5576,"n":"Biscuits choco barre P'tit Déli Chocolat lait 295g","p":2.64,"u":"8,95 €/KG","img":"https://fd6-photos.leclercdrive.fr/image.ashx?id=2618229&use=l&cat=p&typeid=i","cat":284488},{"id":5578,"n":"Cuillers à pâtisserie  P'tit Déli 300g","p":2.49,"u":"8,30 €/KG","img":"https://fd6-photos.leclercdrive.fr/image.ashx?id=2046352&use=l&cat=p&typeid=i","cat":284487},{"id":5581,"n":"Chewing-gum sans sucre Freedent Menthe verte 5x10 dragées 70g","p":2.14,"img":"https://fd6-photos.leclercdrive.fr/image.ashx?id=2325482&use=l&cat=p&typeid=i","cat":304251},{"id":5582,"n":"Chewing-gum Freedent white Fruits sans sucre x50 - 70g","p":2.13,"u":"30,43 €/KG","img":"https://fd6-photos.leclercdrive.fr/image.ashx?id=2237283&use=l&cat=p&typeid=i","cat":304251},{"id":5600,"n":"Pâté Hénaff 78g","p":1.24,"u":"15,90 €/KG","img":"https://fd6-photos.leclercdrive.fr/image.ashx?id=2280516&use=l&cat=p&typeid=i","cat":305149},{"id":5612,"n":"Eau de source Cristaline 6x1,5L","p":1.11,"u":"0,12 €/L","img":"https://fd6-photos.leclercdrive.fr/image.ashx?id=2389449&use=l&cat=p&typeid=i","cat":284535},{"id":5619,"n":"Oeufs de lompe Ronde des Mers Rouge - MSC - 100g","p":2.6,"u":"26,00 €/KG","img":"https://fd6-photos.leclercdrive.fr/image.ashx?id=2822720&use=l&cat=p&typeid=i","cat":285191},{"id":5621,"n":"Chips crevette Tokapi 50g","p":0.65,"u":"13,00 €/KG","img":"https://fd6-photos.leclercdrive.fr/image.ashx?id=3013573&use=l&cat=p&typeid=i","cat":288992},{"id":5622,"n":"Croquettes chiens Lydog Spécial Forme - Volaille - 4kg","p":4.99,"u":"1,25 €/KG","img":"https://fd6-photos.leclercdrive.fr/image.ashx?id=2191117&use=l&cat=p&typeid=i","cat":284672},{"id":5624,"n":"Croquettes chiens Lydog Junior - Volaille - 4kg","p":7.98,"u":"2,00 €/KG","img":"https://fd6-photos.leclercdrive.fr/image.ashx?id=1937477&use=l&cat=p&typeid=i","cat":284672},{"id":5626,"n":"Bonbons Copains Copines Frites acides - 275 g","p":1.71,"u":"6,22 €/KG","img":"https://fd6-photos.leclercdrive.fr/image.ashx?id=2934655&use=l&cat=p&typeid=i","cat":304250},{"id":5627,"n":"Lasagnes bolognaise Côté Table 1kg","p":4.14,"u":"4,14 €/KG","img":"https://fd6-photos.leclercdrive.fr/image.ashx?id=2570915&use=l&cat=p&typeid=i","cat":333666},{"id":5630,"n":"Papier toilette blanc Mimosa Ultra doux maxi rouleau - x12","p":5.4,"u":"0,45 €/P","img":"https://fd6-photos.leclercdrive.fr/image.ashx?id=2777848&use=l&cat=p&typeid=i","cat":284634},{"id":5633,"n":"Soufflés Grignot' Tokapi Cacahuète - 90g","p":0.7,"u":"7,78 €/KG","img":"https://fd6-photos.leclercdrive.fr/image.ashx?id=2049223&use=l&cat=p&typeid=i","cat":284449},{"id":5718,"n":"Tampons Doulys avec applicateur Super - x24","p":2.47,"u":"0,10 €/P","img":"https://fd6-photos.leclercdrive.fr/image.ashx?id=2965455&use=l&cat=p&typeid=i","cat":284626},{"id":5736,"n":"Sel adoucisseur Axal Pastilles - 10kg","p":4.87,"u":"0,49 €/KG","img":"https://fd6-photos.leclercdrive.fr/image.ashx?id=2504482&use=l&cat=p&typeid=i","cat":335918},{"id":5737,"n":"Sel adoucisseur Pastilles - 25kg","p":8.95,"u":"0,36 €/KG","img":"https://fd6-photos.leclercdrive.fr/image.ashx?id=2504479&use=l&cat=p&typeid=i","cat":335918},{"id":5772,"n":"Biscuits tartelette Bonne Maman Citron 125g","p":1.32,"u":"10,56 €/KG","img":"https://fd6-photos.leclercdrive.fr/image.ashx?id=2962296&use=l&cat=p&typeid=i","cat":284489},{"id":5802,"n":"Lait entier Vitamine D Lactel UHT Bouteille - 6x1l","p":10.38,"u":"1,73 €/L","img":"https://fd6-photos.leclercdrive.fr/image.ashx?id=2889427&use=l&cat=p&typeid=i","cat":285610},{"id":5816,"n":"Rillettes de thon Cap Océan MSC 150g","p":1.88,"u":"12,53 €/KG","img":"https://fd6-photos.leclercdrive.fr/image.ashx?id=2668440&use=l&cat=p&typeid=i","cat":285191},{"id":5817,"n":"Rillettes de saumon Cap ocean 150g","p":1.88,"u":"12,53 €/KG","img":"https://fd6-photos.leclercdrive.fr/image.ashx?id=2985147&use=l&cat=p&typeid=i","cat":285191},{"id":5823,"n":"Lait demi-écrémé Lactel Vitamine D Bouteille - 6x50cl","p":5.88,"u":"1,96 €/L","img":"https://fd6-photos.leclercdrive.fr/image.ashx?id=2993403&use=l&cat=p&typeid=i","cat":284377},{"id":5831,"n":"Ketchup Rustica Epicé - 560g","p":1.59,"u":"2,84 €/KG","img":"https://fd6-photos.leclercdrive.fr/image.ashx?id=887111&use=l&cat=p&typeid=i","cat":284455},{"id":5833,"n":"Biscuits Cuillers P'tit Déli Dégustation x20 - 200g","p":2.49,"u":"12,45 €/KG","img":"https://fd6-photos.leclercdrive.fr/image.ashx?id=1856164&use=l&cat=p&typeid=i","cat":284487},{"id":5834,"n":"Saumon fumé Rondes des Mers ASC Norvège x8T - 300g","p":12.09,"u":"40,30 €/KG","img":"https://fd6-photos.leclercdrive.fr/image.ashx?id=2833093&use=l&cat=p&typeid=i","cat":285188},{"id":5838,"n":"Petit salé Côté Table lentilles A l'auvergnate 420g","p":2.27,"u":"5,40 €/KG","img":"https://fd6-photos.leclercdrive.fr/image.ashx?id=2977123&use=l&cat=p&typeid=i","cat":284441},{"id":5839,"n":"Tarama Rondes des mers Au saumon fumé - 100g","p":1.33,"u":"13,30 €/P","img":"https://fd6-photos.leclercdrive.fr/image.ashx?id=2824609&use=l&cat=p&typeid=i","cat":315999},{"id":5840,"n":"Filets anchois Rondes des mers 105g","p":2.73,"u":"26,00 €/KG","img":"https://fd6-photos.leclercdrive.fr/image.ashx?id=1671616&use=l&cat=p&typeid=i","cat":285190},{"id":5841,"n":"Allume-feu Silex gel 1L","p":4.52,"u":"4,52 €/L","img":"https://fd6-photos.leclercdrive.fr/image.ashx?id=2753363&use=l&cat=p&typeid=i","cat":300578},{"id":5842,"n":"Mélange exotique Couleurs Vives 250g","p":2.23,"u":"8,92 €/KG","img":"https://fd6-photos.leclercdrive.fr/image.ashx?id=2691102&use=l&cat=p&typeid=i","cat":284448},{"id":5844,"n":"Saumon Ronde des Mers Tranches pour toasts - 80g","p":4.59,"u":"57,38 €/KG","img":"https://fd6-photos.leclercdrive.fr/image.ashx?id=2449972&use=l&cat=p&typeid=i","cat":285188},{"id":5846,"n":"Saumon fumé Ronde des Mers Ecosse x8T - 300g","p":12.37,"u":"41,23 €/KG","img":"https://fd6-photos.leclercdrive.fr/image.ashx?id=2822726&use=l&cat=p&typeid=i","cat":285188},{"id":5850,"n":"Couscous Côté Table Poulet merguez 450g","p":2.7,"u":"6,00 €/KG","img":"https://fd6-photos.leclercdrive.fr/image.ashx?id=1936608&use=l&cat=p&typeid=i","cat":333665},{"id":5855,"n":"Lasagnes bolognaise Côté Table 350g","p":2.85,"u":"8,14 €/KG","img":"https://fd6-photos.leclercdrive.fr/image.ashx?id=1701331&use=l&cat=p&typeid=i","cat":333665},{"id":5857,"n":"Hachis parmentier Côté Table 300g","p":2.19,"u":"7,30 €/KG","img":"https://fd6-photos.leclercdrive.fr/image.ashx?id=2616733&use=l&cat=p&typeid=i","cat":333665},{"id":5859,"n":"Guacamole Tables du Monde 200g","p":2.29,"u":"13,09 €/KG","img":"https://fd6-photos.leclercdrive.fr/image.ashx?id=2872252&use=l&cat=p&typeid=i","cat":315999},{"id":5860,"n":"Petit pot de crème Délisse Pistache - 4x100g","p":1.85,"u":"4,63 €/KG","img":"https://fd6-photos.leclercdrive.fr/image.ashx?id=2550378&use=l&cat=p&typeid=i","cat":285041},{"id":5861,"n":"Tagliatelle Côté Table Carbonara 330g","p":2.35,"u":"7,12 €/KG","img":"https://fd6-photos.leclercdrive.fr/image.ashx?id=2797775&use=l&cat=p&typeid=i","cat":333665},{"id":5865,"n":"Actifidus Délisse Noix de coco - 4x125g","p":1.38,"u":"2,76 €/KG","img":"https://fd6-photos.leclercdrive.fr/image.ashx?id=2421039&use=l&cat=p&typeid=i","cat":315000},{"id":5866,"n":"Actifidus Délisse Vanille - 12x125g","p":2.58,"u":"1,72 €/KG","img":"https://fd6-photos.leclercdrive.fr/image.ashx?id=2751877&use=l&cat=p&typeid=i","cat":315000},{"id":5868,"n":"Spécialité au soja Nat & Vie Vanille - 4x100g","p":1.37,"u":"3,43 €/KG","img":"https://fd6-photos.leclercdrive.fr/image.ashx?id=2901434&use=l&cat=p&typeid=i","cat":316071},{"id":5869,"n":"Spécialité au soja Nat & Vie Chocolat - 4x100g","p":1.34,"u":"3,35 €/KG","img":"https://fd6-photos.leclercdrive.fr/image.ashx?id=2901437&use=l&cat=p&typeid=i","cat":316071},{"id":5870,"n":"Boisson soja nature Végé 1L Végé - 200g","p":0.85,"u":"0,85 €/L","img":"https://fd6-photos.leclercdrive.fr/image.ashx?id=2861413&use=l&cat=p&typeid=i","cat":316067},{"id":5871,"n":"Yaourts à boire DéliUp' Délisse Fraise - 10x100g","p":2.87,"u":"2,87 €/KG","img":"https://fd6-photos.leclercdrive.fr/image.ashx?id=1871092&use=l&cat=p&typeid=i","cat":284415},{"id":5873,"n":"Beignets crevettes Tables du Monde x6 140g","p":2.06,"u":"14,71 €/KG","img":"https://fd6-photos.leclercdrive.fr/image.ashx?id=2865053&use=l&cat=p&typeid=i","cat":333673},{"id":5876,"n":"Court-bouillon Rustica 150g","p":1.25,"u":"8,33 €/KG","img":"https://fd6-photos.leclercdrive.fr/image.ashx?id=1743584&use=l&cat=p&typeid=i","cat":288379},{"id":5877,"n":"Petit pot de crème Délisse Chocolat - 8x100g","p":3.57,"u":"4,46 €/KG","img":"https://fd6-photos.leclercdrive.fr/image.ashx?id=2544970&use=l&cat=p&typeid=i","cat":285041},{"id":5878,"n":"Jus 3 agrumes Jafaden 1L","p":2.75,"u":"2,75 €/L","img":"https://fd6-photos.leclercdrive.fr/image.ashx?id=2916665&use=l&cat=p&typeid=i","cat":285435},{"id":5880,"n":"Yaourts mousse Petits Délis Fruits - 6x74g","p":1.77,"u":"3,99 €/KG","img":"https://fd6-photos.leclercdrive.fr/image.ashx?id=2907057&use=l&cat=p&typeid=i","cat":284414},{"id":5891,"n":"Tzatziki Tables du Monde 200g","p":1.59,"u":"7,95 €/KG","img":"https://fd6-photos.leclercdrive.fr/image.ashx?id=2872255&use=l&cat=p&typeid=i","cat":315999},{"id":5895,"n":"Tripes mode de caen NRT 600g","p":3.99,"u":"6,65 €/KG","img":"https://fd6-photos.leclercdrive.fr/image.ashx?id=2723198&use=l&cat=p&typeid=i","cat":284441},{"id":5896,"n":"Litière rongeurs P'tit Ami 15L","p":1.32,"u":"0,09 €/L","img":"https://fd6-photos.leclercdrive.fr/image.ashx?id=2162198&use=l&cat=p&typeid=i","cat":284677},{"id":5898,"n":"Litière rongeurs P'tit Ami 60L","p":4.2,"u":"0,07 €/L","img":"https://fd6-photos.leclercdrive.fr/image.ashx?id=2162204&use=l&cat=p&typeid=i","cat":284677},{"id":5901,"n":"Filtre à café Melitta 1x4 Original - x40","p":0.99,"u":"0,02 €/P","img":"https://fd6-photos.leclercdrive.fr/image.ashx?id=2882053&use=l&cat=p&typeid=i","cat":284751},{"id":5907,"n":"Haricots beurre d'aucy Extra-fins - 440g","p":1.91,"u":"4,34 €/KG","img":"https://fd6-photos.leclercdrive.fr/image.ashx?id=2431536&use=l&cat=p&typeid=i","cat":312606},{"id":5909,"n":"Mini gâches briochettes NRT Pur beurre x8 - 360g","p":2.07,"u":"5,75 €/KG","img":"https://fd6-photos.leclercdrive.fr/image.ashx?id=2670416&use=l&cat=p&typeid=i","cat":284478},{"id":5910,"n":"Ketchup Amora 280g","p":1.06,"u":"3,79 €/KG","img":"https://fd6-photos.leclercdrive.fr/image.ashx?id=2766667&use=l&cat=p&typeid=i","cat":284455},{"id":5911,"n":"Sel fin Cérébos 250g","p":0.89,"u":"3,56 €/KG","img":"https://fd6-photos.leclercdrive.fr/image.ashx?id=2904173&use=l&cat=p&typeid=i","cat":284457},{"id":5912,"n":"Sel fin iodé Cérébos 500g","p":0.57,"u":"1,14 €/KG","img":"https://fd6-photos.leclercdrive.fr/image.ashx?id=2522095&use=l&cat=p&typeid=i","cat":284457},{"id":5917,"n":"Boule de pain tranchée 400g","p":1.5,"u":"3,75 €/KG","img":"https://fd6-photos.leclercdrive.fr/image.ashx?id=2062891&use=l&cat=p&typeid=i","cat":284359},{"id":5951,"n":"Ravioli bolognaise   Panzani - 800g","p":3.58,"u":"4,48 €/KG","img":"https://fd6-photos.leclercdrive.fr/image.ashx?id=2876062&use=l&cat=p&typeid=i","cat":284442},{"id":5952,"n":"Couscous Grain Moyen Ferrero - 1kg","p":2.32,"u":"2,32 €/KG","img":"https://fd6-photos.leclercdrive.fr/image.ashx?id=2744740&use=l&cat=p&typeid=i","cat":284429},{"id":5954,"n":"Café moulu San Marco Arabica - 2x250g","p":10.49,"u":"20,98 €/KG","img":"https://fd6-photos.leclercdrive.fr/image.ashx?id=2645510&use=l&cat=p&typeid=i","cat":284750},{"id":6035,"n":"Sauce tomate bio Jardin Bio' Provençale - 200g","p":1.9,"u":"9,50 €/KG","img":"https://fd6-photos.leclercdrive.fr/image.ashx?id=3014494&use=l&cat=p&typeid=i","cat":287599},{"id":6037,"n":"Ratatouille Jardin Bio' A la provençale bio - 650g","p":3.54,"u":"5,45 €/KG","img":"https://fd6-photos.leclercdrive.fr/image.ashx?id=2903230&use=l&cat=p&typeid=i","cat":312612},{"id":6038,"n":"Lentilles corail bio Jardin Bio 500g","p":3.18,"u":"6,36 €/KG","img":"https://fd6-photos.leclercdrive.fr/image.ashx?id=2415999&use=l&cat=p&typeid=i","cat":284430},{"id":6046,"n":"Riz de Camargue Jardin Bio Semi-complet bio - 500g","p":2.67,"u":"5,34 €/KG","img":"https://fd6-photos.leclercdrive.fr/image.ashx?id=2535487&use=l&cat=p&typeid=i","cat":284428},{"id":6048,"n":"Sauce tomate Jardin Bio' Bio Basilic - 200g","p":1.9,"u":"9,50 €/KG","img":"https://fd6-photos.leclercdrive.fr/image.ashx?id=2967848&use=l&cat=p&typeid=i","cat":287599},{"id":6049,"n":"Ravioli Jardin Bio Bio légumes - 675g","p":4.1,"u":"6,07 €/KG","img":"https://fd6-photos.leclercdrive.fr/image.ashx?id=2534878&use=l&cat=p&typeid=i","cat":284442},{"id":6050,"n":"Lentilles vertes Jardin Bio' Bio cuisinées - 400g","p":2.97,"u":"7,43 €/KG","img":"https://fd6-photos.leclercdrive.fr/image.ashx?id=2944831&use=l&cat=p&typeid=i","cat":312609},{"id":6054,"n":"Sauce tomate Jardin Bio Bio spaghetti - 200g","p":2.01,"u":"10,05 €/KG","img":"https://fd6-photos.leclercdrive.fr/image.ashx?id=3000192&use=l&cat=p&typeid=i","cat":287599},{"id":6058,"n":"Spaguetti Jardin Bio Bio quinoa tomate - 500g","p":2.75,"u":"5,50 €/KG","img":"https://fd6-photos.leclercdrive.fr/image.ashx?id=3002108&use=l&cat=p&typeid=i","cat":284427},{"id":6063,"n":"Ketchup Jardin Bio' Bio - 560g","p":2.3,"u":"4,11 €/KG","img":"https://fd6-photos.leclercdrive.fr/image.ashx?id=2918316&use=l&cat=p&typeid=i","cat":284455},{"id":6067,"n":"Huile d'olive Bio Village Bio Vierge extra - 75cl","p":7.47,"u":"9,96 €/L","img":"https://fd6-photos.leclercdrive.fr/image.ashx?id=3005697&use=l&cat=p&typeid=i","cat":284453},{"id":6068,"n":"Spaghetti Bio Village Bio - 500g","p":0.83,"u":"1,66 €/KG","img":"https://fd6-photos.leclercdrive.fr/image.ashx?id=2503284&use=l&cat=p&typeid=i","cat":284427},{"id":6069,"n":"Pâtes Coquillettes Bio Village Bio - 500g","p":0.84,"u":"1,68 €/KG","img":"https://fd6-photos.leclercdrive.fr/image.ashx?id=2625364&use=l&cat=p&typeid=i","cat":284427},{"id":6070,"n":"Pâtes tagliatelles Bio Village Bio - 250g","p":1.65,"u":"6,60 €/KG","img":"https://fd6-photos.leclercdrive.fr/image.ashx?id=1986832&use=l&cat=p&typeid=i","cat":284427},{"id":6073,"n":"Crème fraîche bio Bio village Epaisse - 30% MG - 20cl","p":1.17,"u":"5,85 €/L","img":"https://fd6-photos.leclercdrive.fr/image.ashx?id=1975047&use=l&cat=p&typeid=i","cat":284381},{"id":6075,"n":"Quinoa Bio Village Bio - 500g","p":3.25,"u":"6,50 €/KG","img":"https://fd6-photos.leclercdrive.fr/image.ashx?id=2245755&use=l&cat=p&typeid=i","cat":284429},{"id":6076,"n":"Cookies chocolat Bio Village Bio 200g","p":2.74,"u":"13,70 €/KG","img":"https://fd6-photos.leclercdrive.fr/image.ashx?id=2400523&use=l&cat=p&typeid=i","cat":325066},{"id":6077,"n":"Biscuits sésame Bio Village Bio - 230g","p":1.76,"u":"7,65 €/KG","img":"https://fd6-photos.leclercdrive.fr/image.ashx?id=2363808&use=l&cat=p&typeid=i","cat":284487},{"id":6078,"n":"Yaourts lait brebis nature Bio Bio village - 2x125g","p":1.42,"u":"5,68 €/KG","img":"https://fd6-photos.leclercdrive.fr/image.ashx?id=2046370&use=l&cat=p&typeid=i","cat":314998},{"id":6085,"n":"Jus de fruits Tropicana Multivitamines - 1,5L","p":3.52,"u":"2,35 €/L","img":"https://fd6-photos.leclercdrive.fr/image.ashx?id=2605818&use=l&cat=p&typeid=i","cat":284917},{"id":6089,"n":"Pâtes Blé complet Barilla Spaghetti Integrale - 500g","p":1.23,"u":"2,46 €/KG","img":"https://fd6-photos.leclercdrive.fr/image.ashx?id=2986951&use=l&cat=p&typeid=i","cat":284427},{"id":6105,"n":"Biscuits apéritif Lay's 3D's Goût Nature Sel - 85g","p":0.79,"u":"9,29 €/KG","img":"https://fd6-photos.leclercdrive.fr/image.ashx?id=2917417&use=l&cat=p&typeid=i","cat":284449},{"id":6106,"n":"Biscuits apéritif Lay's 3D's Goût Fromage - 85g","p":0.81,"u":"9,53 €/KG","img":"https://fd6-photos.leclercdrive.fr/image.ashx?id=2923672&use=l&cat=p&typeid=i","cat":284449},{"id":6145,"n":"Biscuits Goûters REM Chocolat - 3x125g","p":2.29,"u":"6,11 €/KG","img":"https://fd6-photos.leclercdrive.fr/image.ashx?id=2841193&use=l&cat=p&typeid=i","cat":284488},{"id":6147,"n":"Biscuits barres Pockitos Pépito Chocolat au lait - 162g","p":1.84,"u":"11,36 €/KG","img":"https://fd6-photos.leclercdrive.fr/image.ashx?id=3001964&use=l&cat=p&typeid=i","cat":284488},{"id":6151,"n":"Pâtes Coudes rayés Panzani 500g","p":1.16,"u":"2,32 €/KG","img":"https://fd6-photos.leclercdrive.fr/image.ashx?id=2876008&use=l&cat=p&typeid=i","cat":284427},{"id":6152,"n":"Pâtes gansettes Panzani 500g","p":1.15,"u":"2,30 €/KG","img":"https://fd6-photos.leclercdrive.fr/image.ashx?id=2876017&use=l&cat=p&typeid=i","cat":284427},{"id":6153,"n":"Pâtes Macaroni Panzani 1kg","p":1.75,"u":"1,75 €/KG","img":"https://fd6-photos.leclercdrive.fr/image.ashx?id=2876026&use=l&cat=p&typeid=i","cat":284427},{"id":6154,"n":"Pâtes farfalle Panzani 500g","p":1.04,"u":"2,08 €/KG","img":"https://fd6-photos.leclercdrive.fr/image.ashx?id=2884300&use=l&cat=p&typeid=i","cat":284427},{"id":6155,"n":"Pâtes Torti Panzani 3 Minutes - 500G","p":1.17,"u":"2,34 €/KG","img":"https://fd6-photos.leclercdrive.fr/image.ashx?id=2896084&use=l&cat=p&typeid=i","cat":284427},{"id":6165,"n":"Coquillettes Lustucru  3min - 500g","p":1.24,"u":"2,48 €/KG","img":"https://fd6-photos.leclercdrive.fr/image.ashx?id=2345697&use=l&cat=p&typeid=i","cat":284427},{"id":6169,"n":"Fromage apéritif Apéricube Nature 24 cubes","p":2.15,"u":"17,20 €/KG","img":"https://fd6-photos.leclercdrive.fr/image.ashx?id=2883447&use=l&cat=p&typeid=i","cat":314027},{"id":6185,"n":"Sucre glace Béghin Say 500g","p":2.01,"u":"4,02 €/KG","img":"https://fd6-photos.leclercdrive.fr/image.ashx?id=2593608&use=l&cat=p&typeid=i","cat":284502},{"id":6188,"n":"Boisson lactée Candy'UP Fraise - 6x20cl","p":2.79,"u":"2,33 €/L","img":"https://fd6-photos.leclercdrive.fr/image.ashx?id=2485629&use=l&cat=p&typeid=i","cat":295246},{"id":6196,"n":"AOP Côtes du Rhône rouge Prestige Cellier Dauphins 75cl","p":3.2,"u":"4,27 €/L","img":"https://fd6-photos.leclercdrive.fr/image.ashx?id=2490533&use=l&cat=p&typeid=i","cat":289556},{"id":6199,"n":"Beurre Moulé Paysan Breton Demi-sel - 80%MG - 250g","p":3.24,"u":"12,96 €/KG","img":"https://fd6-photos.leclercdrive.fr/image.ashx?id=2947844&use=l&cat=p&typeid=i","cat":284379},{"id":6218,"n":"Fromage blanc Déli'light aux Fruits - 0% mg - 8x100g","p":2.89,"u":"3,61 €/KG","img":"https://fd6-photos.leclercdrive.fr/image.ashx?id=2967552&use=l&cat=p&typeid=i","cat":315000},{"id":6222,"n":"Fromage à tartiner Les Croisés Noix - 25%mg - 125g","p":1.4,"u":"11,20 €/KG","img":"https://fd6-photos.leclercdrive.fr/image.ashx?id=2482621&use=l&cat=p&typeid=i","cat":314029},{"id":6223,"n":"Fromage Maroilles AOP  Nos Régions ont du Talent 200g","p":2.69,"u":"13,45 €/KG","img":"https://fd6-photos.leclercdrive.fr/image.ashx?id=2411892&use=l&cat=p&typeid=i","cat":329558},{"id":6230,"n":"Filet de poulet Eleveurs de Champagne x2 - 300g","p":4.01,"u":"14,32 €/KG","img":"https://fd6-photos.leclercdrive.fr/image.ashx?id=2770768&use=l&cat=p&typeid=i","cat":284336},{"id":6242,"n":"Café soluble Plantation Qualité filtre - 100g","p":2.75,"u":"27,50 €/KG","img":"https://fd6-photos.leclercdrive.fr/image.ashx?id=2834272&use=l&cat=p&typeid=i","cat":284843},{"id":6243,"n":"AOC Muscadet vin blanc Les Caractères - BIB 3L","p":13.99,"u":"4,66 €/L","img":"https://fd6-photos.leclercdrive.fr/image.ashx?id=2923396&use=l&cat=p&typeid=i","cat":289560},{"id":6249,"n":"Céleri Menu Fraîcheur  Rémoulade - 500g","p":1.58,"u":"3,16 €/KG","img":"https://fd6-photos.leclercdrive.fr/image.ashx?id=2820107&use=l&cat=p&typeid=i","cat":333657},{"id":6254,"n":"Salade Coleslaw Menu Fraîcheur  300g","p":1.19,"u":"3,97 €/KG","img":"https://fd6-photos.leclercdrive.fr/image.ashx?id=2645891&use=l&cat=p&typeid=i","cat":333657},{"id":6256,"n":"Pizza Turini Jambon champignons - 450g","p":2.73,"u":"6,07 €/KG","img":"https://fd6-photos.leclercdrive.fr/image.ashx?id=2709734&use=l&cat=p&typeid=i","cat":333679},{"id":6276,"n":"Part de flan  2x1p","p":2.99,"u":"1,50 €/P","img":"https://fd6-photos.leclercdrive.fr/image.ashx?id=572782&use=l&cat=p&typeid=i","cat":284360},{"id":6287,"n":"Gland  2x1 p","p":4.9,"u":"2,45 €/P","img":"https://fd6-photos.leclercdrive.fr/image.ashx?id=572944&use=l&cat=p&typeid=i","cat":284360},{"id":6291,"n":"Semoule fine Panzani 500g","p":1.12,"u":"2,24 €/KG","img":"https://fd6-photos.leclercdrive.fr/image.ashx?id=2745559&use=l&cat=p&typeid=i","cat":284429},{"id":6314,"n":"Pansements Primoplast Peaux sensibles x30","p":0.88,"img":"https://fd6-photos.leclercdrive.fr/image.ashx?id=2832918&use=l&cat=p&typeid=i","cat":284630},{"id":6316,"n":"Escalope de poulet Côté Croc À la Bolognaise x2 - 200g","p":2.13,"u":"10,65 €/KG","img":"https://fd6-photos.leclercdrive.fr/image.ashx?id=2814420&use=l&cat=p&typeid=i","cat":333683},{"id":6340,"n":"Goûters fourrés P'tit Déli Chocolat x16 - 300g","p":1.19,"u":"3,97 €/KG","img":"https://fd6-photos.leclercdrive.fr/image.ashx?id=2100548&use=l&cat=p&typeid=i","cat":284488},{"id":6343,"n":"Garniture de céleris  Notre Jardin - 250g","p":0.99,"u":"3,96 €/KG","img":"https://fd6-photos.leclercdrive.fr/image.ashx?id=2529534&use=l&cat=p&typeid=i","cat":312612},{"id":6344,"n":"Boules soufflées Tokapi  Fromage - 50g","p":0.58,"u":"11,60 €/KG","img":"https://fd6-photos.leclercdrive.fr/image.ashx?id=2885762&use=l&cat=p&typeid=i","cat":284449},{"id":6345,"n":"Couscous Comptoir du Monde Grain moyen - 500g","p":0.84,"u":"1,68 €/KG","img":"https://fd6-photos.leclercdrive.fr/image.ashx?id=3012800&use=l&cat=p&typeid=i","cat":284429},{"id":6346,"n":"Madeleines longues P'tit Déli  Pur beurre 250g","p":1.57,"u":"6,28 €/KG","img":"https://fd6-photos.leclercdrive.fr/image.ashx?id=2999487&use=l&cat=p&typeid=i","cat":284492},{"id":6348,"n":"Tarama Ronde des Mers Oeufs de cabillaud - 250g","p":2.3,"u":"9,20 €/KG","img":"https://fd6-photos.leclercdrive.fr/image.ashx?id=2831571&use=l&cat=p&typeid=i","cat":315999},{"id":6350,"n":"Eponges Mamison couleur Super absorbantes x3","p":1.22,"u":"0,41 €/P","img":"https://fd6-photos.leclercdrive.fr/image.ashx?id=2458049&use=l&cat=p&typeid=i","cat":284667},{"id":6353,"n":"Pancetta italienne Saint Azay 10 tranches - 100g","p":2.89,"u":"28,90 €/KG","img":"https://fd6-photos.leclercdrive.fr/image.ashx?id=2665847&use=l&cat=p&typeid=i","cat":316007},{"id":6354,"n":"Miel Nid d'Abeille Crémeux - 500 g","p":3.92,"u":"7,84 €/KG","img":"https://fd6-photos.leclercdrive.fr/image.ashx?id=760198&use=l&cat=p&typeid=i","cat":287643},{"id":6355,"n":"AOC Clairette de Die doux Rives et Terrasses - 75cl","p":5.29,"u":"7,05 €/L","img":"https://fd6-photos.leclercdrive.fr/image.ashx?id=2753369&use=l&cat=p&typeid=i","cat":284544},{"id":6357,"n":"Chorizo doux Saint Azay 30 tranches - 150g","p":2.09,"u":"13,93 €/KG","img":"https://fd6-photos.leclercdrive.fr/image.ashx?id=1873710&use=l&cat=p&typeid=i","cat":316007},{"id":6358,"n":"Gel nettoyant wc javel Syphon Agrumes 750ml","p":0.89,"u":"1,19 €/L","img":"https://fd6-photos.leclercdrive.fr/image.ashx?id=2669696&use=l&cat=p&typeid=i","cat":284662},{"id":6359,"n":"Croûtons Epi d'Or Fromage - 90g","p":0.99,"u":"11,00 €/KG","img":"https://fd6-photos.leclercdrive.fr/image.ashx?id=2651783&use=l&cat=p&typeid=i","cat":284464},{"id":6360,"n":"Croûtons Epi d'Or  Oignon - 90g","p":0.99,"u":"11,00 €/KG","img":"https://fd6-photos.leclercdrive.fr/image.ashx?id=2640986&use=l&cat=p&typeid=i","cat":284464},{"id":6361,"n":"Crème Dépilatoire Siliss Tous types de peaux - 200ml","p":1.79,"u":"8,95 €/L","img":"https://fd6-photos.leclercdrive.fr/image.ashx?id=2699678&use=l&cat=p&typeid=i","cat":325351},{"id":6362,"n":"Mélange Gourmand Tokapi  Graines et raisins - 120g","p":1.29,"u":"10,75 €/KG","img":"https://fd6-photos.leclercdrive.fr/image.ashx?id=2795547&use=l&cat=p&typeid=i","cat":284448},{"id":6365,"n":"Galettes sarrasin NRT de Bretagne 230g","p":1.79,"u":"7,78 €/KG","img":"https://fd6-photos.leclercdrive.fr/image.ashx?id=2770259&use=l&cat=p&typeid=i","cat":333672},{"id":6366,"n":"Crêpes de froment NRT de Bretagne 180g","p":1.99,"u":"11,06 €/KG","img":"https://fd6-photos.leclercdrive.fr/image.ashx?id=2771058&use=l&cat=p&typeid=i","cat":333672},{"id":6371,"n":"Gâteau de riz Yabon Nappage caramel - 4x125g","p":2.88,"u":"5,76 €/KG","img":"https://fd6-photos.leclercdrive.fr/image.ashx?id=2644286&use=l&cat=p&typeid=i","cat":284506},{"id":6388,"n":"Confiture Bonne Maman Mirabelle 370g","p":1.99,"u":"5,38 €/KG","img":"https://fd6-photos.leclercdrive.fr/image.ashx?id=2991891&use=l&cat=p&typeid=i","cat":284480},{"id":6391,"n":"Compotes Andros Pomme poire 750g","p":1.77,"u":"2,36 €/KG","img":"https://fd6-photos.leclercdrive.fr/image.ashx?id=2396117&use=l&cat=p&typeid=i","cat":284508},{"id":6392,"n":"Compotes Andros Pomme vanille 750g","p":1.7,"u":"2,27 €/KG","img":"https://fd6-photos.leclercdrive.fr/image.ashx?id=2396120&use=l&cat=p&typeid=i","cat":284508},{"id":6434,"n":"Eau gazeuse Cristaline 6x1,5L","p":1.73,"u":"0,19 €/L","img":"https://fd6-photos.leclercdrive.fr/image.ashx?id=2694602&use=l&cat=p&typeid=i","cat":284536},{"id":6437,"n":"Fromage P'tit Louis  Filet 8 Portions - 160g","p":2.77,"u":"17,31 €/KG","img":"https://fd6-photos.leclercdrive.fr/image.ashx?id=2845994&use=l&cat=p&typeid=i","cat":314030},{"id":6445,"n":"Bonbons Mentos  Menthe 4 rouleaux - 152g","p":1.58,"u":"10,39 €/KG","img":"https://fd6-photos.leclercdrive.fr/image.ashx?id=2659819&use=l&cat=p&typeid=i","cat":304256},{"id":6447,"n":"Bonbons Mentos  Fruits 4 rouleaux - 152g","p":1.54,"u":"10,13 €/KG","img":"https://fd6-photos.leclercdrive.fr/image.ashx?id=2659561&use=l&cat=p&typeid=i","cat":304256},{"id":6448,"n":"Petits pois carottes Très fins  Notre Jardin -A l'étuvée - 265g","p":0.95,"u":"3,58 €/KG","img":"https://fd6-photos.leclercdrive.fr/image.ashx?id=2987973&use=l&cat=p&typeid=i","cat":312607},{"id":6452,"n":"Flan Délisse Vanille Caramel - 12x100g","p":1.89,"u":"1,58 €/KG","img":"https://fd6-photos.leclercdrive.fr/image.ashx?id=2851637&use=l&cat=p&typeid=i","cat":284420},{"id":6455,"n":"Soufflés Snacks Tokapi Bacon - 60g","p":0.48,"u":"8,00 €/KG","img":"https://fd6-photos.leclercdrive.fr/image.ashx?id=2625062&use=l&cat=p&typeid=i","cat":284449},{"id":6456,"n":"Haricots beurre d'aucy Extra-fins - 220g","p":1.36,"u":"6,18 €/KG","img":"https://fd6-photos.leclercdrive.fr/image.ashx?id=2438123&use=l&cat=p&typeid=i","cat":312606},{"id":6461,"n":"Crème dessert Mont Blanc Riz au lait Vanille - 4x125g","p":3.26,"u":"6,52 €/KG","img":"https://fd6-photos.leclercdrive.fr/image.ashx?id=2979614&use=l&cat=p&typeid=i","cat":284506},{"id":6467,"n":"Pâtes Macaroni Turini 1kg","p":1.35,"u":"1,35 €/KG","img":"https://fd6-photos.leclercdrive.fr/image.ashx?id=2980435&use=l&cat=p&typeid=i","cat":284427},{"id":6471,"n":"Lingettes Individuelles Hygiène Intime Hamamélis Intima x16","p":1.98,"u":"0,12 €/P","img":"https://fd6-photos.leclercdrive.fr/image.ashx?id=2959859&use=l&cat=p&typeid=i","cat":284627},{"id":6472,"n":"Miel L'Apiculteur crémeux  et onctueux- 500g","p":5.55,"u":"11,10 €/KG","img":"https://fd6-photos.leclercdrive.fr/image.ashx?id=2854387&use=l&cat=p&typeid=i","cat":287643},{"id":6484,"n":"Alcool modifié Mercurochrome 70° - 200ml","p":1.9,"u":"9,50 €/L","img":"https://fd6-photos.leclercdrive.fr/image.ashx?id=2663974&use=l&cat=p&typeid=i","cat":284630},{"id":6486,"n":"Biscuits apéritif Lay's 3D's Goût Bacon - 85g","p":0.79,"u":"9,29 €/KG","img":"https://fd6-photos.leclercdrive.fr/image.ashx?id=2917414&use=l&cat=p&typeid=i","cat":284449},{"id":6500,"n":"Huile d'olive Lesieur Vierge extra - 1L","p":13.49,"u":"13,49 €/L","img":"https://fd6-photos.leclercdrive.fr/image.ashx?id=2190993&use=l&cat=p&typeid=i","cat":284453},{"id":6504,"n":"Croûtons Gastromer AIl - 75g","p":0.81,"u":"10,80 €/KG","img":"https://fd6-photos.leclercdrive.fr/image.ashx?id=1713906&use=l&cat=p&typeid=i","cat":284464},{"id":6511,"n":"Pâtes Spaghetti Turini 1kg","p":1.35,"u":"1,35 €/KG","img":"https://fd6-photos.leclercdrive.fr/image.ashx?id=2980450&use=l&cat=p&typeid=i","cat":284427},{"id":6512,"n":"Riz long Comptoir du Grain Sachet cuisson rapide x4 - 500g","p":1.25,"u":"2,50 €/KG","img":"https://fd6-photos.leclercdrive.fr/image.ashx?id=2118454&use=l&cat=p&typeid=i","cat":284428},{"id":6513,"n":"Vinaigre de vin Rustica Aromatisé à l'échalote - 75cl","p":1.35,"u":"1,80 €/L","img":"https://fd6-photos.leclercdrive.fr/image.ashx?id=1659936&use=l&cat=p&typeid=i","cat":298543},{"id":6514,"n":"Margarine Nat & vie Idéal cuisson - 500g","p":1.29,"u":"2,58 €/KG","img":"https://fd6-photos.leclercdrive.fr/image.ashx?id=2903932&use=l&cat=p&typeid=i","cat":315229},{"id":6516,"n":"Gâteaux P'tit Déli Pépites au chocolat 5x30g","p":1.02,"u":"6,80 €/KG","img":"https://fd6-photos.leclercdrive.fr/image.ashx?id=1986647&use=l&cat=p&typeid=i","cat":284495},{"id":6519,"n":"Soufflés Frites Tokapi Salé - 80g","p":0.65,"u":"8,13 €/KG","img":"https://fd6-photos.leclercdrive.fr/image.ashx?id=2486074&use=l&cat=p&typeid=i","cat":284449},{"id":6521,"n":"Pâtes chinoises Tables du Monde 250g","p":1.19,"u":"4,76 €/KG","img":"https://fd6-photos.leclercdrive.fr/image.ashx?id=2572058&use=l&cat=p&typeid=i","cat":288992},{"id":6523,"n":"Champignons Paris Notre Jardin Emincés - 2x115g","p":1.71,"u":"7,43 €/KG","img":"https://fd6-photos.leclercdrive.fr/image.ashx?id=2724696&use=l&cat=p&typeid=i","cat":312610},{"id":6524,"n":"Dessert fruitier pomme Douceur du Verger 8x100g","p":1.69,"u":"2,11 €/KG","img":"https://fd6-photos.leclercdrive.fr/image.ashx?id=798035&use=l&cat=p&typeid=i","cat":284416},{"id":6525,"n":"Serviette hygiénique Doulys Ultra - Super+ - x12","p":0.9,"u":"0,08 €/P","img":"https://fd6-photos.leclercdrive.fr/image.ashx?id=2838918&use=l&cat=p&typeid=i","cat":284624},{"id":6526,"n":"Serviette hygiénique Doulys Ultra - Spécial nuit - x10","p":1.29,"u":"0,13 €/P","img":"https://fd6-photos.leclercdrive.fr/image.ashx?id=2838921&use=l&cat=p&typeid=i","cat":284624},{"id":6579,"n":"Vinaigre d'alcool coloré Eco+ 1L","p":0.35,"u":"0,35 €/L","img":"https://fd6-photos.leclercdrive.fr/image.ashx?id=2831553&use=l&cat=p&typeid=i","cat":298543},{"id":6580,"n":"Fromage de chévre Les Croisés 150g","p":1.42,"u":"9,47 €/KG","img":"https://fd6-photos.leclercdrive.fr/image.ashx?id=2684823&use=l&cat=p&typeid=i","cat":314031},{"id":6581,"n":"Fromage : Le carrou Les croisés Authentique - 27% mg - 220g","p":2.43,"u":"11,05 €/KG","img":"https://fd6-photos.leclercdrive.fr/image.ashx?id=2084934&use=l&cat=p&typeid=i","cat":314033},{"id":6589,"n":"Fromage Chaource NRT AOP  250g","p":3.55,"u":"14,20 €/KG","img":"https://fd6-photos.leclercdrive.fr/image.ashx?id=2874768&use=l&cat=p&typeid=i","cat":329558},{"id":6630,"n":"Pâtes torsettes Turini Les 3 min - 500g","p":0.82,"u":"1,64 €/KG","img":"https://fd6-photos.leclercdrive.fr/image.ashx?id=2607467&use=l&cat=p&typeid=i","cat":284427},{"id":6648,"n":"Boîte chocolats Ferrero Rocher x28 pralines - 350g","p":11.98,"u":"34,23 €/KG","img":"https://fd6-photos.leclercdrive.fr/image.ashx?id=2952884&use=l&cat=p&typeid=i","cat":327600},{"id":6689,"n":"Pain aux figues  300g","p":2.5,"u":"8,33 €/KG","img":"https://fd6-photos.leclercdrive.fr/image.ashx?id=2062903&use=l&cat=p&typeid=i","cat":284359},{"id":6711,"n":"Spray nettoyant vitres Clair Recharge 750ml","p":1.09,"u":"1,45 €/L","img":"https://fd6-photos.leclercdrive.fr/image.ashx?id=1647691&use=l&cat=p&typeid=i","cat":325363},{"id":6712,"n":"Spray nettoyant vitres Clair 750ml","p":1.29,"u":"1,72 €/L","img":"https://fd6-photos.leclercdrive.fr/image.ashx?id=2943623&use=l&cat=p&typeid=i","cat":325363},{"id":6715,"n":"Assiette charcuterie Saint Azay 200g","p":3.11,"u":"15,55 €/KG","img":"https://fd6-photos.leclercdrive.fr/image.ashx?id=2417734&use=l&cat=p&typeid=i","cat":316007},{"id":6780,"n":"Ail semoule Ducros 60g","p":1.61,"u":"26,83 €/KG","img":"https://fd6-photos.leclercdrive.fr/image.ashx?id=2498672&use=l&cat=p&typeid=i","cat":298297},{"id":6782,"n":"Cannelle en bâton Ducros 10g","p":2.23,"u":"223,00 €/KG","img":"https://fd6-photos.leclercdrive.fr/image.ashx?id=1748573&use=l&cat=p&typeid=i","cat":298297},{"id":6791,"n":"Piment de cayenne moulu Ducros Extra fort - 38g","p":1.91,"u":"50,26 €/KG","img":"https://fd6-photos.leclercdrive.fr/image.ashx?id=2559433&use=l&cat=p&typeid=i","cat":298297},{"id":6798,"n":"Safran en poudre Ducros 3 doses de 0.1g","p":4.05,"img":"https://fd6-photos.leclercdrive.fr/image.ashx?id=2490488&use=l&cat=p&typeid=i","cat":298297},{"id":6799,"n":"Poivre gris moulu et sel Ducros 2x34g","p":2.09,"u":"30,74 €/KG","img":"https://fd6-photos.leclercdrive.fr/image.ashx?id=2759457&use=l&cat=p&typeid=i","cat":284457},{"id":6800,"n":"Baies roses entières Ducros 20g","p":2.56,"u":"128,00 €/KG","img":"https://fd6-photos.leclercdrive.fr/image.ashx?id=2486575&use=l&cat=p&typeid=i","cat":284457},{"id":6803,"n":"Pralin Vahiné 100g","p":2.05,"u":"20,50 €/KG","img":"https://fd6-photos.leclercdrive.fr/image.ashx?id=2559775&use=l&cat=p&typeid=i","cat":284504},{"id":6804,"n":"Décor pour gateaux Vahiné Vermicelles Arc-en-ciel - 65g","p":1.46,"u":"22,46 €/KG","img":"https://fd6-photos.leclercdrive.fr/image.ashx?id=2524311&use=l&cat=p&typeid=i","cat":284504},{"id":6809,"n":"Arôme naturel de vanille Vahiné Liquide 50ml","p":3.96,"u":"79,20 €/L","img":"https://fd6-photos.leclercdrive.fr/image.ashx?id=2541193&use=l&cat=p&typeid=i","cat":284504},{"id":6810,"n":"Nappage chocolat Vahiné 350g","p":2.94,"u":"8,40 €/KG","img":"https://fd6-photos.leclercdrive.fr/image.ashx?id=2938656&use=l&cat=p&typeid=i","cat":284504},{"id":6829,"n":"Sucre Daddy n°4 Morceaux - 1kg","p":1.79,"u":"1,79 €/KG","img":"https://fd6-photos.leclercdrive.fr/image.ashx?id=2936056&use=l&cat=p&typeid=i","cat":284502},{"id":6830,"n":"Sucre Cristal Daddy 1kg","p":1.61,"u":"1,61 €/KG","img":"https://fd6-photos.leclercdrive.fr/image.ashx?id=2975855&use=l&cat=p&typeid=i","cat":284502},{"id":6834,"n":"Soufflés l'Original Curly Cacahuète - 60g","p":0.62,"u":"10,33 €/KG","img":"https://fd6-photos.leclercdrive.fr/image.ashx?id=2971035&use=l&cat=p&typeid=i","cat":284449},{"id":6837,"n":"Madeleines longues P'tit Déli 440g","p":2.55,"u":"5,80 €/KG","img":"https://fd6-photos.leclercdrive.fr/image.ashx?id=2540310&use=l&cat=p&typeid=i","cat":284492},{"id":6847,"n":"Canapés toasts Epi d'Or Briochés - 250g","p":1.12,"u":"4,48 €/KG","img":"https://fd6-photos.leclercdrive.fr/image.ashx?id=2564488&use=l&cat=p&typeid=i","cat":285454},{"id":6879,"n":"Fromage Gouda Les Croisés En tranche - 200g","p":1.97,"u":"9,85 €/KG","img":"https://fd6-photos.leclercdrive.fr/image.ashx?id=2028173&use=l&cat=p&typeid=i","cat":314028},{"id":6880,"n":"Fromage Mimolette Les Croisés En tranche x8 - 200g","p":1.85,"u":"9,25 €/KG","img":"https://fd6-photos.leclercdrive.fr/image.ashx?id=2028176&use=l&cat=p&typeid=i","cat":314028},{"id":6881,"n":"Fromage Maasdam Les Croisés En tranche x8 - 200g","p":1.91,"u":"9,55 €/KG","img":"https://fd6-photos.leclercdrive.fr/image.ashx?id=1990673&use=l&cat=p&typeid=i","cat":314028},{"id":6892,"n":"Pâtes Piccolini Barilla Mini Pipe Rigate- 500g","p":1.1,"u":"2,20 €/KG","img":"https://fd6-photos.leclercdrive.fr/image.ashx?id=2964108&use=l&cat=p&typeid=i","cat":284427},{"id":6905,"n":"GROUPE DE VARIANTES Multicoloris","p":1.79,"img":"https://fd6-photos.leclercdrive.fr/image.ashx?id=1706598&use=l&cat=p&typeid=i","cat":284745},{"id":6909,"n":"Surligneur plat Esquisse Jaune","p":0.95,"img":"https://fd6-photos.leclercdrive.fr/image.ashx?id=1928794&use=l&cat=p&typeid=i","cat":284696},{"id":6911,"n":"Cartouches d'encre Esquisse Courtes - bleu - x30","p":0.99,"u":"0,03 €/P","img":"https://fd6-photos.leclercdrive.fr/image.ashx?id=1678420&use=l&cat=p&typeid=i","cat":284696},{"id":6915,"n":"Bloc bureau Esquisse - 80 pages 14.8x21cm","p":1.69,"img":"https://fd6-photos.leclercdrive.fr/image.ashx?id=1928752&use=l&cat=p&typeid=i","cat":284697},{"id":6916,"n":"Bloc bureau Esquisse - 80 pages 10.5x14.8cm","p":0.99,"img":"https://fd6-photos.leclercdrive.fr/image.ashx?id=1928749&use=l&cat=p&typeid=i","cat":284697},{"id":6928,"n":"Préparation pour fondue Les Croisés 18%mg 400g","p":3.42,"u":"8,55 €/KG","img":"https://fd6-photos.leclercdrive.fr/image.ashx?id=2791761&use=l&cat=p&typeid=i","cat":314037},{"id":6943,"n":"Galette des rois Frangipane - 6/8 parts - 22cm","p":7.49,"img":"https://fd6-photos.leclercdrive.fr/image.ashx?id=581675&use=l&cat=p&typeid=i","cat":284360},{"id":6944,"n":"Galette des rois Frangipane - 8/10 parts - 28cm","p":10.99,"img":"https://fd6-photos.leclercdrive.fr/image.ashx?id=581676&use=l&cat=p&typeid=i","cat":284360},{"id":6958,"n":"Galette des rois Pommes - 8 parts - 28cm","p":9.99,"img":"https://fd6-photos.leclercdrive.fr/image.ashx?id=581697&use=l&cat=p&typeid=i","cat":284360},{"id":6979,"n":"AOC Crémant Gratien & Meyer Blanc - Brut - 75cl","p":6.65,"u":"8,87 €/L","img":"https://fd6-photos.leclercdrive.fr/image.ashx?id=2104357&use=l&cat=p&typeid=i","cat":284545},{"id":7000,"n":"Céréales Babybio Bio 6 mois Vanille - 220g","p":4.57,"u":"20,77 €/KG","img":"https://fd6-photos.leclercdrive.fr/image.ashx?id=2733250&use=l&cat=p&typeid=i","cat":312225},{"id":7022,"n":"Bloc bureau Esquisse - 80 pages 21x29.7cm","p":2.39,"img":"https://fd6-photos.leclercdrive.fr/image.ashx?id=1928755&use=l&cat=p&typeid=i","cat":284697},{"id":7025,"n":"Pizza Cuite sur pierre Turini Jambon fromage - 400g","p":2.85,"u":"7,13 €/KG","img":"https://fd6-photos.leclercdrive.fr/image.ashx?id=2815223&use=l&cat=p&typeid=i","cat":284256},{"id":7029,"n":"Velouté de carotte Régal A la Crème fraîche - 1L","p":1.41,"u":"1,41 €/L","img":"https://fd6-photos.leclercdrive.fr/image.ashx?id=2905889&use=l&cat=p&typeid=i","cat":284462},{"id":7030,"n":"Sauce Tomate cuisinée Turini Aux petits légumes - 180g","p":0.84,"u":"4,67 €/KG","img":"https://fd6-photos.leclercdrive.fr/image.ashx?id=2490034&use=l&cat=p&typeid=i","cat":288384},{"id":7056,"n":"Soupe de poissons MSC Pêche Océan - 1kg","p":2.99,"u":"2,99 €/KG","img":"https://fd6-photos.leclercdrive.fr/image.ashx?id=2480060&use=l&cat=p&typeid=i","cat":287366},{"id":7082,"n":"AOP Côtes du Marmandais rosé La Vieille église - 75cl","p":2.89,"u":"3,85 €/L","img":"https://fd6-photos.leclercdrive.fr/image.ashx?id=2258685&use=l&cat=p&typeid=i","cat":289558},{"id":7085,"n":"Vin mousseux d'Union Européenne  Demi-sec -75cl","p":2.89,"u":"3,85 €/L","img":"https://fd6-photos.leclercdrive.fr/image.ashx?id=1951019&use=l&cat=p&typeid=i","cat":284544},{"id":7088,"n":"AOC Crémant de Bourgogne brut rosé Antoine Barrier - 75cl","p":6.95,"u":"9,27 €/L","img":"https://fd6-photos.leclercdrive.fr/image.ashx?id=2667571&use=l&cat=p&typeid=i","cat":284545},{"id":7126,"n":"Riz cantonais  Traditions d'Asie - 400g","p":3.59,"u":"8,98 €/KG","img":"https://fd6-photos.leclercdrive.fr/image.ashx?id=2505043&use=l&cat=p&typeid=i","cat":333673},{"id":7128,"n":"Porc au caramel Tables du Monde Riz thaï 300g","p":3.05,"u":"10,17 €/KG","img":"https://fd6-photos.leclercdrive.fr/image.ashx?id=2700957&use=l&cat=p&typeid=i","cat":333665},{"id":7132,"n":"Samoussa Tables du Monde Crevette curry - x6 - 200g","p":3.19,"u":"13,87 €/KG","img":"https://fd6-photos.leclercdrive.fr/image.ashx?id=2591712&use=l&cat=p&typeid=i","cat":333673},{"id":7199,"n":"Crème noix coco Kara - brique de 200ml","p":1.66,"u":"8,30 €/KG","img":"https://fd6-photos.leclercdrive.fr/image.ashx?id=2906892&use=l&cat=p&typeid=i","cat":288992},{"id":7216,"n":"Talc bébé Mots d'Enfants 250g","p":1.89,"u":"7,56 €/KG","img":"https://fd6-photos.leclercdrive.fr/image.ashx?id=3015033&use=l&cat=p&typeid=i","cat":284741},{"id":7282,"n":"Compote Douceur du Verger  Pomme Poire - 4x100g","p":1.09,"u":"2,73 €/KG","img":"https://fd6-photos.leclercdrive.fr/image.ashx?id=2956903&use=l&cat=p&typeid=i","cat":284416},{"id":7283,"n":"Compote Douceur du Verger Pomme banane - 4x100g","p":1.25,"u":"3,13 €/KG","img":"https://fd6-photos.leclercdrive.fr/image.ashx?id=2956906&use=l&cat=p&typeid=i","cat":284416},{"id":7284,"n":"Compote Douceur du Verger Pomme Fraise - 4x100g","p":1.09,"u":"2,73 €/KG","img":"https://fd6-photos.leclercdrive.fr/image.ashx?id=3009779&use=l&cat=p&typeid=i","cat":284416},{"id":7289,"n":"Crème Dépilatoire Siliss Peaux sensibles - 200ml","p":1.79,"u":"8,95 €/L","img":"https://fd6-photos.leclercdrive.fr/image.ashx?id=2699675&use=l&cat=p&typeid=i","cat":325351},{"id":7291,"n":"Jus d'orange sanguine Jafaden 1L","p":3.25,"u":"3,25 €/L","img":"https://fd6-photos.leclercdrive.fr/image.ashx?id=2916671&use=l&cat=p&typeid=i","cat":285435},{"id":7293,"n":"Râpé 3 fromages Les Croisés 200g","p":1.79,"u":"8,95 €/KG","img":"https://fd6-photos.leclercdrive.fr/image.ashx?id=2860067&use=l&cat=p&typeid=i","cat":314035},{"id":7294,"n":"Huile de tournesol Bio Village Bio - 75cl","p":3.59,"u":"4,79 €/L","img":"https://fd6-photos.leclercdrive.fr/image.ashx?id=2814447&use=l&cat=p&typeid=i","cat":284453},{"id":7315,"n":"Concentré de tomates Eco+ 2x140g","p":1.28,"u":"4,57 €/KG","img":"https://fd6-photos.leclercdrive.fr/image.ashx?id=2683511&use=l&cat=p&typeid=i","cat":288384},{"id":7316,"n":"Concentré de tomates Eco+ 3x70g","p":1.75,"u":"8,33 €/KG","img":"https://fd6-photos.leclercdrive.fr/image.ashx?id=3012373&use=l&cat=p&typeid=i","cat":288384},{"id":7339,"n":"Soupe déshydratée Knorr  Douceur d'asperges - 96g","p":1.02,"u":"10,63 €/KG","img":"https://fd6-photos.leclercdrive.fr/image.ashx?id=2790588&use=l&cat=p&typeid=i","cat":284463},{"id":7343,"n":"Pâtes Panzani Penne rigate - 500g","p":1.02,"u":"2,04 €/KG","img":"https://fd6-photos.leclercdrive.fr/image.ashx?id=2876011&use=l&cat=p&typeid=i","cat":284427},{"id":7344,"n":"Pâtes petits paniers Panzani 500g","p":1.17,"u":"2,34 €/KG","img":"https://fd6-photos.leclercdrive.fr/image.ashx?id=2876014&use=l&cat=p&typeid=i","cat":284427},{"id":7345,"n":"Pâtes serpentini Panzani 500g","p":0.99,"u":"1,98 €/KG","img":"https://fd6-photos.leclercdrive.fr/image.ashx?id=2876044&use=l&cat=p&typeid=i","cat":284427},{"id":7349,"n":"Croquettes chat One Purina Stérilisé - Boeuf/Blé - 450g","p":2.49,"u":"5,53 €/KG","img":"https://fd6-photos.leclercdrive.fr/image.ashx?id=2681044&use=l&cat=p&typeid=i","cat":284680},{"id":7359,"n":"Gorgonzola AOP Les Croisés -150g","p":2.47,"u":"16,47 €/KG","img":"https://fd6-photos.leclercdrive.fr/image.ashx?id=2796037&use=l&cat=p&typeid=i","cat":314032},{"id":7360,"n":"Mortadelle Italienne Saint Azay 12 tranches 150g","p":2.14,"u":"14,27 €/KG","img":"https://fd6-photos.leclercdrive.fr/image.ashx?id=2704481&use=l&cat=p&typeid=i","cat":316009},{"id":7361,"n":"Fromage Edam Les Croisés En tranche x8 - 200g","p":1.97,"u":"9,85 €/KG","img":"https://fd6-photos.leclercdrive.fr/image.ashx?id=2041351&use=l&cat=p&typeid=i","cat":314028},{"id":7362,"n":"Riz Basmati Comptoir du Grain Express 2 min - 250g","p":0.99,"u":"3,96 €/KG","img":"https://fd6-photos.leclercdrive.fr/image.ashx?id=2441192&use=l&cat=p&typeid=i","cat":287600},{"id":7363,"n":"Riz Express Comptoir du Grain A la méditerranéenne - 250g","p":1.2,"u":"4,80 €/KG","img":"https://fd6-photos.leclercdrive.fr/image.ashx?id=2856474&use=l&cat=p&typeid=i","cat":287600},{"id":7364,"n":"Sauce au poivre vert Rustica 30g","p":0.6,"u":"20,00 €/KG","img":"https://fd6-photos.leclercdrive.fr/image.ashx?id=2965422&use=l&cat=p&typeid=i","cat":288381},{"id":7366,"n":"Sauce Champignons Rustica 27g","p":0.55,"u":"20,37 €/KG","img":"https://fd6-photos.leclercdrive.fr/image.ashx?id=2965425&use=l&cat=p&typeid=i","cat":288381},{"id":7368,"n":"Chiffonnade de jambon sec Saint Azay affiné 7 mois - 100g","p":2.99,"u":"29,90 €/KG","img":"https://fd6-photos.leclercdrive.fr/image.ashx?id=2462254&use=l&cat=p&typeid=i","cat":316007},{"id":7369,"n":"Chiffonades de rosette Saint Azay - 100g","p":2.0,"u":"20,00 €/KG","img":"https://fd6-photos.leclercdrive.fr/image.ashx?id=2401891&use=l&cat=p&typeid=i","cat":316007},{"id":7375,"n":"Lunettes de Romans NRT Fraise - 350g","p":2.75,"u":"7,86 €/KG","img":"https://fd6-photos.leclercdrive.fr/image.ashx?id=2791920&use=l&cat=p&typeid=i","cat":284489},{"id":7376,"n":"Lunettes de Romans NRT Myrtille - 350g","p":2.89,"u":"8,26 €/KG","img":"https://fd6-photos.leclercdrive.fr/image.ashx?id=2791923&use=l&cat=p&typeid=i","cat":284487},{"id":7378,"n":"Jambon d'Auvergne IGP NRT x4 - 100g","p":3.4,"u":"34,00 €/KG","img":"https://fd6-photos.leclercdrive.fr/image.ashx?id=2670419&use=l&cat=p&typeid=i","cat":316007},{"id":7379,"n":"Jambon de Savoie NRT x6 - 90g","p":2.66,"u":"29,56 €/KG","img":"https://fd6-photos.leclercdrive.fr/image.ashx?id=2670422&use=l&cat=p&typeid=i","cat":316007},{"id":7381,"n":"Sachet repas chats Gourmet 4 variétés poissons - 4x85g","p":1.83,"u":"5,38 €/KG","img":"https://fd6-photos.leclercdrive.fr/image.ashx?id=2867788&use=l&cat=p&typeid=i","cat":285286},{"id":7424,"n":"Bouillon Cubes bouquet garni Knorr - thym persil laurier -x9","p":1.3,"u":"13,13 €/KG","img":"https://fd6-photos.leclercdrive.fr/image.ashx?id=2915667&use=l&cat=p&typeid=i","cat":288379},{"id":7427,"n":"Huile d'olive Puget Vierge extra - 50cl","p":6.5,"u":"13,00 €/L","img":"https://fd6-photos.leclercdrive.fr/image.ashx?id=2915877&use=l&cat=p&typeid=i","cat":284453},{"id":7432,"n":"Huile de friture Frial Lesieur 2L","p":6.16,"u":"3,08 €/L","img":"https://fd6-photos.leclercdrive.fr/image.ashx?id=2916857&use=l&cat=p&typeid=i","cat":284453},{"id":7433,"n":"Vinaigrette Rustica Fines herbes - 50cl","p":1.19,"u":"2,38 €/L","img":"https://fd6-photos.leclercdrive.fr/image.ashx?id=1964912&use=l&cat=p&typeid=i","cat":284456},{"id":7434,"n":"Quatre-quart P'tit Déli De Bretagne 500g","p":2.79,"u":"5,58 €/KG","img":"https://fd6-photos.leclercdrive.fr/image.ashx?id=2891875&use=l&cat=p&typeid=i","cat":294776},{"id":7436,"n":"Assortiment biscuits P'tit Déli Biscuits fins - 750g","p":7.8,"u":"10,40 €/KG","img":"https://fd6-photos.leclercdrive.fr/image.ashx?id=2535643&use=l&cat=p&typeid=i","cat":284490},{"id":7437,"n":"Pâte brisée Tablier Blanc Au beurre - 230g","p":1.19,"u":"5,17 €/KG","img":"https://fd6-photos.leclercdrive.fr/image.ashx?id=2635892&use=l&cat=p&typeid=i","cat":333681},{"id":7439,"n":"Vinaigrette Rustica Nature - 1L","p":1.76,"u":"1,76 €/L","img":"https://fd6-photos.leclercdrive.fr/image.ashx?id=1972904&use=l&cat=p&typeid=i","cat":284456},{"id":7441,"n":"Huile de friture Rustica 1L","p":2.75,"u":"2,75 €/L","img":"https://fd6-photos.leclercdrive.fr/image.ashx?id=2900331&use=l&cat=p&typeid=i","cat":284453},{"id":7443,"n":"Dessert fruitier pomme poire Douceur du Verger s/sucre 4x97g","p":1.25,"u":"3,22 €/KG","img":"https://fd6-photos.leclercdrive.fr/image.ashx?id=1957066&use=l&cat=p&typeid=i","cat":284416},{"id":7444,"n":"Dessert fruitier pomme Douceur du Verger s/sucre 4x97g","p":1.05,"u":"2,71 €/KG","img":"https://fd6-photos.leclercdrive.fr/image.ashx?id=2979340&use=l&cat=p&typeid=i","cat":284416},{"id":7448,"n":"Compote Douceur du Verger Coupelle pomme pruneau - 4x100g","p":1.36,"u":"3,40 €/KG","img":"https://fd6-photos.leclercdrive.fr/image.ashx?id=2220527&use=l&cat=p&typeid=i","cat":284508},{"id":7450,"n":"Gâteaux fourrés P'tit Déli Fraise x7 - 196g","p":2.8,"u":"14,29 €/KG","img":"https://fd6-photos.leclercdrive.fr/image.ashx?id=2659777&use=l&cat=p&typeid=i","cat":284495},{"id":7451,"n":"Biscuits P'tit Déli Goûters Fourrés au chocolat 2x300g","p":2.3,"u":"3,83 €/KG","img":"https://fd6-photos.leclercdrive.fr/image.ashx?id=2116182&use=l&cat=p&typeid=i","cat":284488},{"id":7452,"n":"Tubes Fromage blanc Délisse 3 parfums - 12 x40g","p":2.38,"u":"4,96 €/KG","img":"https://fd6-photos.leclercdrive.fr/image.ashx?id=2884231&use=l&cat=p&typeid=i","cat":284415},{"id":7459,"n":"Pâtes Barilla Spaghetti n°5 - 500g","p":0.93,"u":"1,86 €/KG","img":"https://fd6-photos.leclercdrive.fr/image.ashx?id=2392200&use=l&cat=p&typeid=i","cat":284427},{"id":7465,"n":"Actifidus Délisse Citron - 4x125g","p":1.36,"u":"2,72 €/KG","img":"https://fd6-photos.leclercdrive.fr/image.ashx?id=2501673&use=l&cat=p&typeid=i","cat":315000},{"id":7466,"n":"Pain grillé Epi d'or Brioché x26 - 300g","p":2.15,"u":"7,17 €/KG","img":"https://fd6-photos.leclercdrive.fr/image.ashx?id=2532835&use=l&cat=p&typeid=i","cat":284479},{"id":7529,"n":"Fromage Comté Entremont 200g","p":3.11,"u":"15,55 €/KG","img":"https://fd6-photos.leclercdrive.fr/image.ashx?id=2983144&use=l&cat=p&typeid=i","cat":314034},{"id":7530,"n":"Crème fraîche épaisse Bridélice 15%mg 20cl","p":0.81,"u":"4,05 €/L","img":"https://fd6-photos.leclercdrive.fr/image.ashx?id=2970873&use=l&cat=p&typeid=i","cat":284381},{"id":7540,"n":"Barquette chiens Lydog Au Poulet et Rognons - 300g","p":1.35,"u":"4,50 €/KG","img":"https://fd6-photos.leclercdrive.fr/image.ashx?id=2042427&use=l&cat=p&typeid=i","cat":284673},{"id":7541,"n":"Barquette chiens Lydog Au Boeuf et Coeur - 300g","p":1.63,"u":"5,43 €/KG","img":"https://fd6-photos.leclercdrive.fr/image.ashx?id=2042430&use=l&cat=p&typeid=i","cat":284673},{"id":7542,"n":"Barquette chien Lydog au Foie et Volailles - 300g","p":1.45,"u":"4,83 €/KG","img":"https://fd6-photos.leclercdrive.fr/image.ashx?id=2042436&use=l&cat=p&typeid=i","cat":284673},{"id":7548,"n":"Ail Rustica 100g","p":1.69,"u":"16,90 €/KG","img":"https://fd6-photos.leclercdrive.fr/image.ashx?id=2365451&use=l&cat=p&typeid=i","cat":319804},{"id":7549,"n":"Persil Rustica 50g","p":0.99,"u":"19,80 €/KG","img":"https://fd6-photos.leclercdrive.fr/image.ashx?id=2365454&use=l&cat=p&typeid=i","cat":319804},{"id":7556,"n":"Olives fromage Pause Fraîcheur 150g","p":1.99,"u":"13,27 €/KG","img":"https://fd6-photos.leclercdrive.fr/image.ashx?id=2601286&use=l&cat=p&typeid=i","cat":316002},{"id":7557,"n":"Olives à l'ail Couleurs Vives 150g","p":1.99,"u":"13,27 €/KG","img":"https://fd6-photos.leclercdrive.fr/image.ashx?id=2518508&use=l&cat=p&typeid=i","cat":316002},{"id":7560,"n":"Barquettes chats Tous mes amis Mousselines 4 variétés - 4x85g","p":1.75,"u":"5,15 €/KG","img":"https://fd6-photos.leclercdrive.fr/image.ashx?id=2815749&use=l&cat=p&typeid=i","cat":285286},{"id":7563,"n":"Coulis de tomate bio Jardin Bio 500g","p":1.9,"u":"3,80 €/KG","img":"https://fd6-photos.leclercdrive.fr/image.ashx?id=2918841&use=l&cat=p&typeid=i","cat":288384},{"id":7571,"n":"Confiture bio Jardin Bio' Orange amère - 320g","p":3.06,"u":"9,56 €/KG","img":"https://fd6-photos.leclercdrive.fr/image.ashx?id=2492680&use=l&cat=p&typeid=i","cat":284480},{"id":7578,"n":"Thé vert bio orange Jardin Bio' Bergamote Max Havelaar x20 30g","p":2.62,"u":"87,33 €/KG","img":"https://fd6-photos.leclercdrive.fr/image.ashx?id=2792666&use=l&cat=p&typeid=i","cat":293233},{"id":7585,"n":"Echalote Rustica 100g","p":1.69,"u":"16,90 €/KG","img":"https://fd6-photos.leclercdrive.fr/image.ashx?id=2365457&use=l&cat=p&typeid=i","cat":319804},{"id":7586,"n":"Fond de veau Rustica 110g","p":2.11,"u":"19,18 €/KG","img":"https://fd6-photos.leclercdrive.fr/image.ashx?id=2188679&use=l&cat=p&typeid=i","cat":288379},{"id":7589,"n":"Biscuits Mikado LU Chocolat au lait - 3x39g","p":2.15,"u":"18,38 €/KG","img":"https://fd6-photos.leclercdrive.fr/image.ashx?id=3001970&use=l&cat=p&typeid=i","cat":284488},{"id":7598,"n":"Ravioli de volaille Jardin Bio' Bio - 700g","p":4.68,"u":"6,69 €/KG","img":"https://fd6-photos.leclercdrive.fr/image.ashx?id=2950183&use=l&cat=p&typeid=i","cat":284442},{"id":7599,"n":"Haricots verts Jardin Bio' Bio extra fin coupés - 360g","p":2.58,"u":"7,17 €/KG","img":"https://fd6-photos.leclercdrive.fr/image.ashx?id=2967151&use=l&cat=p&typeid=i","cat":312606},{"id":7600,"n":"Petits pois carottes JardinBio' Bio - 420g","p":3.08,"u":"7,33 €/KG","img":"https://fd6-photos.leclercdrive.fr/image.ashx?id=2947958&use=l&cat=p&typeid=i","cat":312607},{"id":7601,"n":"Dessert fruitier Jardin Bio' bio Pomme vanille bourbon 680g","p":3.35,"u":"4,93 €/KG","img":"https://fd6-photos.leclercdrive.fr/image.ashx?id=2967786&use=l&cat=p&typeid=i","cat":284508},{"id":7610,"n":"Préparation crêpes Francine 380g","p":1.72,"u":"4,53 €/KG","img":"https://fd6-photos.leclercdrive.fr/image.ashx?id=2989120&use=l&cat=p&typeid=i","cat":284505},{"id":7618,"n":"Steak de boeuf ** à griller x2 - 350g","p":10.44,"u":"29,83 €/KG","img":"https://fd6-photos.leclercdrive.fr/image.ashx?id=659566&use=l&cat=p&typeid=i","cat":284328},{"id":7620,"n":"Rôti de boeuf **  1kg","p":28.69,"u":"28,69 €/KG","img":"https://fd6-photos.leclercdrive.fr/image.ashx?id=1495728&use=l&cat=p&typeid=i","cat":284328},{"id":7646,"n":"Spaghetti Jardin Bio Bio quinoa persil ail - 500g","p":2.75,"u":"5,50 €/KG","img":"https://fd6-photos.leclercdrive.fr/image.ashx?id=3014542&use=l&cat=p&typeid=i","cat":284427},{"id":7654,"n":"Compote Andros Pomme rhubarbe 4x100g","p":1.51,"u":"15,10 €/KG","img":"https://fd6-photos.leclercdrive.fr/image.ashx?id=2883934&use=l&cat=p&typeid=i","cat":284416},{"id":7656,"n":"Compotes Andros Pomme - 4x100g","p":1.77,"u":"4,43 €/KG","img":"https://fd6-photos.leclercdrive.fr/image.ashx?id=2875337&use=l&cat=p&typeid=i","cat":284416},{"id":7666,"n":"Camembert Lepetit  250g","p":2.48,"u":"9,92 €/KG","img":"https://fd6-photos.leclercdrive.fr/image.ashx?id=2504350&use=l&cat=p&typeid=i","cat":314033},{"id":7672,"n":"Cordon Bleu Le Gaulois Poulet - 200g","p":1.92,"u":"9,60 €/KG","img":"https://fd6-photos.leclercdrive.fr/image.ashx?id=2860223&use=l&cat=p&typeid=i","cat":333683},{"id":7676,"n":"Boudins Blancs Le Gaulois Volaille Nature 300g","p":2.5,"u":"8,33 €/KG","img":"https://fd6-photos.leclercdrive.fr/image.ashx?id=2236851&use=l&cat=p&typeid=i","cat":316012},{"id":7693,"n":"Magret de canard Sud Ouest NRT Séché - 90g","p":3.99,"u":"44,33 €/KG","img":"https://fd6-photos.leclercdrive.fr/image.ashx?id=2966842&use=l&cat=p&typeid=i","cat":316007},{"id":7694,"n":"Magret de canard Sud Ouest NRT Fumé - 90g","p":3.79,"u":"42,11 €/KG","img":"https://fd6-photos.leclercdrive.fr/image.ashx?id=2958380&use=l&cat=p&typeid=i","cat":316007},{"id":7706,"n":"Engrais Jardipouss Rosiers et arbustes fleurs -1kg","p":4.5,"u":"4,50 €/KG","img":"https://fd6-photos.leclercdrive.fr/image.ashx?id=2162297&use=l&cat=p&typeid=i","cat":335919},{"id":7708,"n":"Engrais Jardipouss Potagers et fruitiers - 1kg","p":4.3,"u":"4,30 €/KG","img":"https://fd6-photos.leclercdrive.fr/image.ashx?id=2162300&use=l&cat=p&typeid=i","cat":335919},{"id":7713,"n":"Dessert fruitier pomme pruneaux Douceur du Verger s/sucre4x100g","p":1.54,"u":"3,85 €/KG","img":"https://fd6-photos.leclercdrive.fr/image.ashx?id=1962960&use=l&cat=p&typeid=i","cat":284416},{"id":7716,"n":"Papier toilette Mimosa Décoré - Ultra Confort - x6","p":3.06,"u":"0,51 €/P","img":"https://fd6-photos.leclercdrive.fr/image.ashx?id=2778752&use=l&cat=p&typeid=i","cat":284634},{"id":7717,"n":"Papier toilette Mimosa Décoré - Ultra doux - x6","p":2.65,"u":"0,44 €/P","img":"https://fd6-photos.leclercdrive.fr/image.ashx?id=2778749&use=l&cat=p&typeid=i","cat":284634},{"id":7718,"n":"Fourche manche vert 1 pièce","p":19.99,"img":"https://fd6-photos.leclercdrive.fr/image.ashx?id=583169&use=l&cat=p&typeid=i","cat":335920},{"id":7719,"n":"Griffe jardin Jardipro Manche vert","p":9.9,"img":"https://fd6-photos.leclercdrive.fr/image.ashx?id=583170&use=l&cat=p&typeid=i","cat":335920},{"id":7720,"n":"Binette rivetée Jardipro Manche vert 14cm","p":9.29,"img":"https://fd6-photos.leclercdrive.fr/image.ashx?id=583171&use=l&cat=p&typeid=i","cat":335920},{"id":7721,"n":"Pelle ronde Jardipro Manche vert 29cm - 1 pièce","p":12.5,"img":"https://fd6-photos.leclercdrive.fr/image.ashx?id=583172&use=l&cat=p&typeid=i","cat":335920},{"id":7722,"n":"Louchet Jardipro Manche pomme 110cm","p":19.9,"img":"https://fd6-photos.leclercdrive.fr/image.ashx?id=583173&use=l&cat=p&typeid=i","cat":335920},{"id":7750,"n":"Boulghour bio Céréal Bio  repas express 250g","p":1.95,"u":"7,80 €/KG","img":"https://fd6-photos.leclercdrive.fr/image.ashx?id=2575045&use=l&cat=p&typeid=i","cat":284429},{"id":7761,"n":"Galette Croq'Soja Céréal Bio  Bio provençale x2 200g","p":2.21,"u":"11,05 €/KG","img":"https://fd6-photos.leclercdrive.fr/image.ashx?id=2574296&use=l&cat=p&typeid=i","cat":284953},{"id":7772,"n":"Galette bio Céréal Bio  Millet champignons x2 - 200g","p":2.27,"u":"11,35 €/KG","img":"https://fd6-photos.leclercdrive.fr/image.ashx?id=2573543&use=l&cat=p&typeid=i","cat":284953},{"id":7850,"n":"Noix  1kg","p":6.19,"u":"6,19 €/KG","img":"https://fd6-photos.leclercdrive.fr/image.ashx?id=583355&use=l&cat=p&typeid=i","cat":284357},{"id":7857,"n":"Croquettes chiens Fido Au boeuf 1kg","p":2.85,"u":"2,85 €/KG","img":"https://fd6-photos.leclercdrive.fr/image.ashx?id=2972964&use=l&cat=p&typeid=i","cat":294526},{"id":7862,"n":"Petit pot de crème Délisse Café - 4x100g","p":1.8,"u":"4,50 €/KG","img":"https://fd6-photos.leclercdrive.fr/image.ashx?id=2550372&use=l&cat=p&typeid=i","cat":285041},{"id":7864,"n":"Yaourts sucrés Délisse Nature  - 4x125g","p":0.99,"u":"1,98 €/KG","img":"https://fd6-photos.leclercdrive.fr/image.ashx?id=2590415&use=l&cat=p&typeid=i","cat":284409},{"id":7866,"n":"Beurre Tendre Les Croisés Demi-sel - 80% MG - 250g","p":2.51,"u":"10,04 €/KG","img":"https://fd6-photos.leclercdrive.fr/image.ashx?id=2956221&use=l&cat=p&typeid=i","cat":284379},{"id":7869,"n":"Yaourts aromatisés Délisse Citron - 4x125g","p":1.45,"u":"2,90 €/KG","img":"https://fd6-photos.leclercdrive.fr/image.ashx?id=2771121&use=l&cat=p&typeid=i","cat":286006},{"id":7881,"n":"Camembert Les Croisés 8 portions - 22% mg - 8x30g","p":2.19,"u":"9,13 €/KG","img":"https://fd6-photos.leclercdrive.fr/image.ashx?id=2974798&use=l&cat=p&typeid=i","cat":314033},{"id":7882,"n":"Actifidus Délisse Coco Citron Vanille - 12x125g","p":3.5,"u":"2,33 €/KG","img":"https://fd6-photos.leclercdrive.fr/image.ashx?id=2441842&use=l&cat=p&typeid=i","cat":315000},{"id":7886,"n":"Diots fumés de Savoie NRT 4x90g","p":4.22,"u":"11,72 €/KG","img":"https://fd6-photos.leclercdrive.fr/image.ashx?id=2991467&use=l&cat=p&typeid=i","cat":316012},{"id":7887,"n":"Selles-sur-Cher NRT AOP  Fromage de chèvre - 150g","p":3.49,"u":"23,27 €/KG","img":"https://fd6-photos.leclercdrive.fr/image.ashx?id=2586031&use=l&cat=p&typeid=i","cat":314031},{"id":7889,"n":"Fromage Reblochon NRT AOP 240g","p":3.7,"u":"15,42 €/KG","img":"https://fd6-photos.leclercdrive.fr/image.ashx?id=2049100&use=l&cat=p&typeid=i","cat":314037},{"id":7895,"n":"Gâteau de riz La Laitiere 500g","p":2.24,"u":"4,48 €/KG","img":"https://fd6-photos.leclercdrive.fr/image.ashx?id=3010972&use=l&cat=p&typeid=i","cat":284418},{"id":7972,"n":"Beurre Moulé Paysan Breton Doux - 82%MG - 250g","p":3.24,"u":"12,96 €/KG","img":"https://fd6-photos.leclercdrive.fr/image.ashx?id=2946943&use=l&cat=p&typeid=i","cat":284379},{"id":7973,"n":"Faisselle Rians 6%mg - 4x100g","p":2.29,"u":"5,73 €/KG","img":"https://fd6-photos.leclercdrive.fr/image.ashx?id=2762088&use=l&cat=p&typeid=i","cat":284409},{"id":7993,"n":"Beurre d'escargot Rustica Ail et persil - 250g","p":3.49,"u":"13,96 €/KG","img":"https://fd6-photos.leclercdrive.fr/image.ashx?id=1915569&use=l&cat=p&typeid=i","cat":319775},{"id":7996,"n":"Poireaux Notre Jardin En rondelles 1kg","p":1.28,"u":"1,28 €/KG","img":"https://fd6-photos.leclercdrive.fr/image.ashx?id=2873126&use=l&cat=p&typeid=i","cat":319805},{"id":8000,"n":"Cordon Bleu Poulet Père Dodu  Bacon de Dinde x2 - 200g","p":2.34,"u":"11,70 €/KG","img":"https://fd6-photos.leclercdrive.fr/image.ashx?id=2956987&use=l&cat=p&typeid=i","cat":333683},{"id":8003,"n":"Fromage Enfant Kiri Goûter 5 portions barquettes - 175g","p":2.27,"u":"12,97 €/KG","img":"https://fd6-photos.leclercdrive.fr/image.ashx?id=2972883&use=l&cat=p&typeid=i","cat":314030},{"id":8011,"n":"Crème glacée Menthe Eskiss Copeaux de Chocolat - 494g","p":2.79,"u":"5,65 €/KG","img":"https://fd6-photos.leclercdrive.fr/image.ashx?id=2982583&use=l&cat=p&typeid=i","cat":284263},{"id":8012,"n":"Friandises pour chien Lydog Biscuits fourrés Viande - 500g","p":1.29,"u":"2,58 €/KG","img":"https://fd6-photos.leclercdrive.fr/image.ashx?id=2191114&use=l&cat=p&typeid=i","cat":294527},{"id":8013,"n":"Friandises pour chien Lydog Biscuits croquants - 500g","p":1.29,"u":"2,58 €/KG","img":"https://fd6-photos.leclercdrive.fr/image.ashx?id=1954353&use=l&cat=p&typeid=i","cat":294527},{"id":8017,"n":"Pâtes Penne Regate Turini 500g","p":0.6,"u":"1,20 €/KG","img":"https://fd6-photos.leclercdrive.fr/image.ashx?id=2980776&use=l&cat=p&typeid=i","cat":284427},{"id":8023,"n":"Paëla Royale Côté Table 400g","p":2.85,"u":"7,13 €/KG","img":"https://fd6-photos.leclercdrive.fr/image.ashx?id=2499355&use=l&cat=p&typeid=i","cat":333665},{"id":8024,"n":"Barquette chiens Lydog 3 saveurs - 3x300g","p":3.78,"u":"4,20 €/KG","img":"https://fd6-photos.leclercdrive.fr/image.ashx?id=2050639&use=l&cat=p&typeid=i","cat":284673},{"id":8025,"n":"Barquette chiens Lydog 3 saveurs - 3x300g","p":3.79,"u":"4,21 €/KG","img":"https://fd6-photos.leclercdrive.fr/image.ashx?id=2050642&use=l&cat=p&typeid=i","cat":284673},{"id":8026,"n":"Soupe Velouté Régal Soupe Poireaux Pommes de terre 2x30cl","p":1.07,"u":"1,78 €/L","img":"https://fd6-photos.leclercdrive.fr/image.ashx?id=2607440&use=l&cat=p&typeid=i","cat":284462},{"id":8027,"n":"Soupe Velouté Régal Soupe 10 légumes - 2x30cl","p":1.19,"u":"1,98 €/L","img":"https://fd6-photos.leclercdrive.fr/image.ashx?id=2607443&use=l&cat=p&typeid=i","cat":284462},{"id":8029,"n":"Barquettes chats Tous mes amis Menus saveurs - 4x100g","p":2.29,"u":"5,73 €/KG","img":"https://fd6-photos.leclercdrive.fr/image.ashx?id=2042445&use=l&cat=p&typeid=i","cat":285286},{"id":8032,"n":"Nougat tendre de Montélimar NRT Barre 200g","p":3.99,"u":"19,95 €/KG","img":"https://fd6-photos.leclercdrive.fr/image.ashx?id=790530&use=l&cat=p&typeid=i","cat":304249},{"id":8033,"n":"Broyés du Poitou NRT Pur beurre - 280g","p":3.17,"u":"11,32 €/KG","img":"https://fd6-photos.leclercdrive.fr/image.ashx?id=2622284&use=l&cat=p&typeid=i","cat":284487},{"id":8094,"n":"Oeufs frais Matines En Cage - Gros - x6","p":1.69,"u":"0,28 €/P","img":"https://fd6-photos.leclercdrive.fr/image.ashx?id=2796246&use=l&cat=p&typeid=i","cat":284378},{"id":8120,"n":"Cassoulet Saucisse de Toulouse Côté Table - 840g","p":3.63,"u":"4,32 €/KG","img":"https://fd6-photos.leclercdrive.fr/image.ashx?id=2977129&use=l&cat=p&typeid=i","cat":284440},{"id":8129,"n":"Soupe Mouliné Régal Soupe 10 légumes variés - 2x30cl","p":1.45,"u":"2,42 €/L","img":"https://fd6-photos.leclercdrive.fr/image.ashx?id=2607476&use=l&cat=p&typeid=i","cat":284462},{"id":8136,"n":"Biscuits raisin GERBLE  - 4x5, 360g","p":1.57,"u":"4,36 €/KG","img":"https://fd6-photos.leclercdrive.fr/image.ashx?id=2578726&use=l&cat=p&typeid=i","cat":318651},{"id":8178,"n":"Infusion Tisea Douce soirée 25 sachets","p":0.99,"u":"28,29 €/KG","img":"https://fd6-photos.leclercdrive.fr/image.ashx?id=2553902&use=l&cat=p&typeid=i","cat":293234},{"id":8182,"n":"Mini Feuilletés Côté Table Saucisse x20 - 350g","p":4.19,"u":"11,97 €/KG","img":"https://fd6-photos.leclercdrive.fr/image.ashx?id=2622016&use=l&cat=p&typeid=i","cat":319774},{"id":8191,"n":"Colin d'Alaska Pêche Océan À la Florentine - MSC - 400g","p":3.49,"u":"8,73 €/KG","img":"https://fd6-photos.leclercdrive.fr/image.ashx?id=2930108&use=l&cat=p&typeid=i","cat":319786},{"id":8194,"n":"Fagots de haricots verts Notre Jardin x6 - 270g","p":3.99,"u":"14,78 €/KG","img":"https://fd6-photos.leclercdrive.fr/image.ashx?id=1510099&use=l&cat=p&typeid=i","cat":319805},{"id":8217,"n":"Filet de Merlu Pêche Océan 4 à 5 pièces 450g","p":6.52,"u":"14,49 €/KG","img":"https://fd6-photos.leclercdrive.fr/image.ashx?id=2553905&use=l&cat=p&typeid=i","cat":319788},{"id":8324,"n":"Tomates séchées Florelli 270g","p":3.3,"u":"12,22 €/KG","img":"https://fd6-photos.leclercdrive.fr/image.ashx?id=2633094&use=l&cat=p&typeid=i","cat":289010},{"id":8335,"n":"Sauce pâtes artichaut Florelli Tomate mascarpone - 190g","p":2.49,"u":"13,11 €/KG","img":"https://fd6-photos.leclercdrive.fr/image.ashx?id=3011668&use=l&cat=p&typeid=i","cat":289010},{"id":8337,"n":"Tapenade d'Olives noires  Les Tartinables Florelli 190g","p":2.41,"u":"12,68 €/KG","img":"https://fd6-photos.leclercdrive.fr/image.ashx?id=2884690&use=l&cat=p&typeid=i","cat":289010},{"id":8375,"n":"Sauce Déshydratée KNORR Aux Trois Poivres - 32g","p":0.72,"u":"25,71 €/KG","img":"https://fd6-photos.leclercdrive.fr/image.ashx?id=2875933&use=l&cat=p&typeid=i","cat":288381},{"id":8381,"n":"Soupe instantanée Royco  Bouillon à la Chinoise 3x200ml","p":1.55,"u":"32,98 €/KG","img":"https://fd6-photos.leclercdrive.fr/image.ashx?id=2650976&use=l&cat=p&typeid=i","cat":288992},{"id":8382,"n":"Pâtes spaghetti plat Panzani 500g","p":1.02,"u":"2,04 €/KG","img":"https://fd6-photos.leclercdrive.fr/image.ashx?id=2876041&use=l&cat=p&typeid=i","cat":284427},{"id":8383,"n":"Pâtes Coquillettes Panzani 3 Minutes - 500G","p":1.18,"u":"2,36 €/KG","img":"https://fd6-photos.leclercdrive.fr/image.ashx?id=2867945&use=l&cat=p&typeid=i","cat":284427},{"id":8388,"n":"Pâtes Lustucru macaroni Aux oeufs - 250g","p":0.99,"u":"3,96 €/KG","img":"https://fd6-photos.leclercdrive.fr/image.ashx?id=2519471&use=l&cat=p&typeid=i","cat":284427},{"id":8392,"n":"Torti Weight Watchers St Jacques - 300g","p":4.01,"u":"13,37 €/KG","img":"https://fd6-photos.leclercdrive.fr/image.ashx?id=2610861&use=l&cat=p&typeid=i","cat":333665},{"id":8394,"n":"Saucisse de Toulouse Marie Purée a l'Ancienne - 290g","p":3.57,"u":"12,31 €/KG","img":"https://fd6-photos.leclercdrive.fr/image.ashx?id=2317414&use=l&cat=p&typeid=i","cat":333665},{"id":8397,"n":"Madeleine Bonne Maman Pur beurre tradition 300g","p":2.71,"u":"9,03 €/KG","img":"https://fd6-photos.leclercdrive.fr/image.ashx?id=2936137&use=l&cat=p&typeid=i","cat":284492},{"id":8405,"n":"Apéritif Suze L'Originale 15% vol - 1,5L","p":14.73,"u":"9,82 €/L","img":"https://fd6-photos.leclercdrive.fr/image.ashx?id=2431674&use=l&cat=p&typeid=i","cat":284913},{"id":8413,"n":"Biscuits Crackers Tokapi  Nature - 3x100g","p":1.38,"u":"4,60 €/KG","img":"https://fd6-photos.leclercdrive.fr/image.ashx?id=2660550&use=l&cat=p&typeid=i","cat":297000},{"id":8415,"n":"Pâtes coquillettes Turini Les 3 min - 500g","p":0.72,"u":"1,44 €/KG","img":"https://fd6-photos.leclercdrive.fr/image.ashx?id=2607461&use=l&cat=p&typeid=i","cat":284427},{"id":8416,"n":"Parmentier poisson Côté Table 300g","p":2.35,"u":"7,83 €/KG","img":"https://fd6-photos.leclercdrive.fr/image.ashx?id=2970729&use=l&cat=p&typeid=i","cat":333665},{"id":8419,"n":"Biscuits Crackers Tokapi Emmental - 100g","p":0.68,"u":"6,80 €/KG","img":"https://fd6-photos.leclercdrive.fr/image.ashx?id=2351226&use=l&cat=p&typeid=i","cat":297000},{"id":8424,"n":"Biscottes Heudebert  Fibres plus - 280g","p":1.97,"u":"7,04 €/KG","img":"https://fd6-photos.leclercdrive.fr/image.ashx?id=2679503&use=l&cat=p&typeid=i","cat":284479},{"id":8428,"n":"Biscuits sablés Granola Chocolat au lait - 225g","p":1.62,"u":"7,20 €/KG","img":"https://fd6-photos.leclercdrive.fr/image.ashx?id=2346675&use=l&cat=p&typeid=i","cat":284488},{"id":8432,"n":"Biscuit Roudor St Michel 2x150g","p":2.61,"u":"8,70 €/KG","img":"https://fd6-photos.leclercdrive.fr/image.ashx?id=2935690&use=l&cat=p&typeid=i","cat":284487},{"id":8433,"n":"Pâtes Coquillettes Panzani Prêt en 3 min - 1kg","p":2.21,"u":"2,21 €/KG","img":"https://fd6-photos.leclercdrive.fr/image.ashx?id=2896093&use=l&cat=p&typeid=i","cat":284427},{"id":8447,"n":"Pommes Pink Lady Barquette x6","p":3.99,"u":"0,67 €/P","img":"https://fd6-photos.leclercdrive.fr/image.ashx?id=2121671&use=l&cat=p&typeid=i","cat":284356},{"id":8471,"n":"Lait en poudre Délisse Ecrémé - 750g","p":4.99,"u":"6,65 €/KG","img":"https://fd6-photos.leclercdrive.fr/image.ashx?id=2590698&use=l&cat=p&typeid=i","cat":299162},{"id":8474,"n":"Terrines Tous Mes Amis Les délices de la mer - 3x400g","p":3.69,"u":"3,08 €/KG","img":"https://fd6-photos.leclercdrive.fr/image.ashx?id=1671547&use=l&cat=p&typeid=i","cat":285601},{"id":8475,"n":"Serviette hygiénique Doulys Maxi confort - Normal - x18","p":0.99,"u":"0,06 €/P","img":"https://fd6-photos.leclercdrive.fr/image.ashx?id=2838909&use=l&cat=p&typeid=i","cat":284624},{"id":8476,"n":"AOP Côtes de Provence vin rosé Terres Ocrées - BIB 3L","p":16.99,"u":"5,66 €/L","img":"https://fd6-photos.leclercdrive.fr/image.ashx?id=2710771&use=l&cat=p&typeid=i","cat":289558},{"id":8477,"n":"Sardines au piment Pêche Océan Huile d'olive - 135g","p":1.43,"u":"10,59 €/KG","img":"https://fd6-photos.leclercdrive.fr/image.ashx?id=2519420&use=l&cat=p&typeid=i","cat":305146},{"id":8484,"n":"AOC Côtes de Bourg vin rouge Chantet Blanet - BIB 3L","p":12.49,"u":"4,16 €/L","img":"https://fd6-photos.leclercdrive.fr/image.ashx?id=2748046&use=l&cat=p&typeid=i","cat":289560},{"id":8494,"n":"Biscuits déli matin P'tit Déli Chocolat/pépites - 600g","p":3.18,"u":"5,30 €/KG","img":"https://fd6-photos.leclercdrive.fr/image.ashx?id=2999496&use=l&cat=p&typeid=i","cat":284491},{"id":8504,"n":"Biscottes bio Bio Village Complètes x36 - 300g","p":2.2,"u":"7,33 €/KG","img":"https://fd6-photos.leclercdrive.fr/image.ashx?id=2590460&use=l&cat=p&typeid=i","cat":284479},{"id":8515,"n":"Bâtonnets Dentastix Pedigree Moyen chien x28 - 720g","p":7.07,"u":"9,82 €/KG","img":"https://fd6-photos.leclercdrive.fr/image.ashx?id=2980094&use=l&cat=p&typeid=i","cat":294527},{"id":8528,"n":"Sel fin La Baleine Iodé et fluoré - 750g","p":0.74,"u":"0,99 €/KG","img":"https://fd6-photos.leclercdrive.fr/image.ashx?id=2790612&use=l&cat=p&typeid=i","cat":284457},{"id":8533,"n":"Flageolets verts Notre Jardin Extra Fins - 420g","p":1.72,"u":"4,10 €/KG","img":"https://fd6-photos.leclercdrive.fr/image.ashx?id=2371536&use=l&cat=p&typeid=i","cat":312606},{"id":8535,"n":"Olives noires Rustica Entières - 225g","p":0.99,"u":"4,40 €/KG","img":"https://fd6-photos.leclercdrive.fr/image.ashx?id=2499076&use=l&cat=p&typeid=i","cat":284458},{"id":8536,"n":"Savon mains en crème Manava Perles d'oranger - 300ml","p":1.25,"u":"4,17 €/L","img":"https://fd6-photos.leclercdrive.fr/image.ashx?id=2935480&use=l&cat=p&typeid=i","cat":284597},{"id":8538,"n":"100% Pur jus d'orange Jafaden  Avec pulpe - 1L","p":1.99,"u":"1,99 €/L","img":"https://fd6-photos.leclercdrive.fr/image.ashx?id=2796043&use=l&cat=p&typeid=i","cat":284521},{"id":8539,"n":"Nectar Jafaden Pêche - 1L","p":1.99,"u":"1,99 €/L","img":"https://fd6-photos.leclercdrive.fr/image.ashx?id=2919607&use=l&cat=p&typeid=i","cat":284915},{"id":8540,"n":"Nectar Jafaden Fraise - 1L","p":2.63,"u":"2,63 €/L","img":"https://fd6-photos.leclercdrive.fr/image.ashx?id=2895768&use=l&cat=p&typeid=i","cat":284915},{"id":8541,"n":"Nectar Jafaden Mangue - 1L","p":2.15,"u":"2,15 €/L","img":"https://fd6-photos.leclercdrive.fr/image.ashx?id=2955710&use=l&cat=p&typeid=i","cat":284916},{"id":8553,"n":"Sauce Barbecue AMORA 490g","p":1.94,"u":"3,96 €/KG","img":"https://fd6-photos.leclercdrive.fr/image.ashx?id=2877298&use=l&cat=p&typeid=i","cat":318431},{"id":8558,"n":"Savon L'Authentique Monsavon Lavant Antibactérien - 6x100g","p":3.96,"u":"6,60 €/KG","img":"https://fd6-photos.leclercdrive.fr/image.ashx?id=2881332&use=l&cat=p&typeid=i","cat":284597},{"id":8559,"n":"Biscuits Bjorg Fourrés Chocolat noir bio 225g","p":2.91,"u":"12,93 €/KG","img":"https://fd6-photos.leclercdrive.fr/image.ashx?id=2970912&use=l&cat=p&typeid=i","cat":284488},{"id":8564,"n":"Pâtes Barilla  Linguine - 500g","p":1.08,"u":"2,16 €/KG","img":"https://fd6-photos.leclercdrive.fr/image.ashx?id=3004444&use=l&cat=p&typeid=i","cat":284427},{"id":8572,"n":"Tablette chocolat Côte d'Or Chocolat au lait - 200g","p":2.74,"u":"13,70 €/KG","img":"https://fd6-photos.leclercdrive.fr/image.ashx?id=2944362&use=l&cat=p&typeid=i","cat":284497},{"id":8576,"n":"Pâtes Barilla Torsades - 500g","p":0.96,"u":"1,92 €/KG","img":"https://fd6-photos.leclercdrive.fr/image.ashx?id=2392224&use=l&cat=p&typeid=i","cat":284427},{"id":8603,"n":"Cocktail Punch Old Nick Planteur 16%vol - 70cl","p":5.48,"u":"7,83 €/L","img":"https://fd6-photos.leclercdrive.fr/image.ashx?id=2999207&use=l&cat=p&typeid=i","cat":284551},{"id":8605,"n":"Liqueur Cointreau 40%vol. - 70cl","p":19.04,"u":"27,20 €/L","img":"https://fd6-photos.leclercdrive.fr/image.ashx?id=2998904&use=l&cat=p&typeid=i","cat":286032},{"id":8634,"n":"Cognac Courcel 40%vol - 20cl","p":6.4,"u":"32,00 €/L","img":"https://fd6-photos.leclercdrive.fr/image.ashx?id=2484035&use=l&cat=p&typeid=i","cat":286032},{"id":8642,"n":"Dentifrice Dentamyl Anti-tartre 75ml","p":0.74,"u":"9,87 €/L","img":"https://fd6-photos.leclercdrive.fr/image.ashx?id=2489098&use=l&cat=p&typeid=i","cat":284612},{"id":8643,"n":"Amandes en poudre Tablier Blanc 125g","p":1.6,"u":"12,80 €/KG","img":"https://fd6-photos.leclercdrive.fr/image.ashx?id=2460577&use=l&cat=p&typeid=i","cat":284504},{"id":8645,"n":"Pepites de chocolat Tablier Blanc - 100g","p":1.43,"u":"14,30 €/KG","img":"https://fd6-photos.leclercdrive.fr/image.ashx?id=2723138&use=l&cat=p&typeid=i","cat":284504},{"id":8646,"n":"Noix de Coco Râpée  Tablier Blanc - 125g","p":1.41,"u":"11,28 €/KG","img":"https://fd6-photos.leclercdrive.fr/image.ashx?id=2460583&use=l&cat=p&typeid=i","cat":284504},{"id":8647,"n":"Gélatine alimentaire Tablier 9 feuilles - 17g","p":1.07,"u":"62,94 €/KG","img":"https://fd6-photos.leclercdrive.fr/image.ashx?id=2487446&use=l&cat=p&typeid=i","cat":284504},{"id":8648,"n":"Amandes effilées Tablier Blanc 125g","p":1.9,"u":"15,20 €/KG","img":"https://fd6-photos.leclercdrive.fr/image.ashx?id=2460586&use=l&cat=p&typeid=i","cat":284504},{"id":8649,"n":"Raisins Secs Tablier Blanc 250g","p":1.98,"u":"7,92 €/KG","img":"https://fd6-photos.leclercdrive.fr/image.ashx?id=2460589&use=l&cat=p&typeid=i","cat":284504},{"id":8650,"n":"Arôme fleur d'Oranger Tablier Blanc - 200ml","p":1.24,"u":"6,20 €/L","img":"https://fd6-photos.leclercdrive.fr/image.ashx?id=2487449&use=l&cat=p&typeid=i","cat":284504},{"id":8651,"n":"Arôme naturel de vanille Tablier Blanc 20ml","p":1.15,"u":"57,50 €/L","img":"https://fd6-photos.leclercdrive.fr/image.ashx?id=2487452&use=l&cat=p&typeid=i","cat":284504},{"id":8672,"n":"Nappage Tablier Blanc Caramel - 210g","p":1.25,"u":"5,95 €/KG","img":"https://fd6-photos.leclercdrive.fr/image.ashx?id=2487455&use=l&cat=p&typeid=i","cat":284504},{"id":8673,"n":"Fromage Le Pavé Les Croisés Lait pasteurisé 22% MG - 220g","p":2.36,"u":"10,73 €/KG","img":"https://fd6-photos.leclercdrive.fr/image.ashx?id=2775887&use=l&cat=p&typeid=i","cat":314033},{"id":8674,"n":"Sucre Tablier Blanc Spécial confiture - 1kg","p":1.92,"u":"1,92 €/KG","img":"https://fd6-photos.leclercdrive.fr/image.ashx?id=3010416&use=l&cat=p&typeid=i","cat":284502},{"id":8675,"n":"Sucre Tablier Blanc 100 dosettes - 500g","p":2.31,"u":"4,62 €/KG","img":"https://fd6-photos.leclercdrive.fr/image.ashx?id=3010419&use=l&cat=p&typeid=i","cat":284502},{"id":8678,"n":"Muscat NRT Baume De Venise-15,5%vol - 75cl","p":9.99,"u":"13,32 €/L","img":"https://fd6-photos.leclercdrive.fr/image.ashx?id=2764152&use=l&cat=p&typeid=i","cat":284913},{"id":8683,"n":"Saucisson sec d'Ardèche IGP NRT - 280g","p":5.0,"u":"17,86 €/KG","img":"https://fd6-photos.leclercdrive.fr/image.ashx?id=2753502&use=l&cat=p&typeid=i","cat":316006},{"id":8684,"n":"Saucisse sèche d'Ardèche IGP Nos Régions ont du Talent 250g","p":5.19,"u":"20,76 €/KG","img":"https://fd6-photos.leclercdrive.fr/image.ashx?id=2753505&use=l&cat=p&typeid=i","cat":316006},{"id":8687,"n":"Fromage Emmental râpé NRT IGP Est-Central - 200g","p":3.49,"u":"17,45 €/KG","img":"https://fd6-photos.leclercdrive.fr/image.ashx?id=2771067&use=l&cat=p&typeid=i","cat":314035},{"id":8698,"n":"Assiette soir bébé bio Babybio Légumes riz - 12 mois - 230g","p":2.23,"u":"9,70 €/KG","img":"https://fd6-photos.leclercdrive.fr/image.ashx?id=2859356&use=l&cat=p&typeid=i","cat":312239},{"id":8734,"n":"AOC Champagne brut blanc  Premier cru Pol Carson - 75cl","p":22.99,"u":"30,65 €/L","img":"https://fd6-photos.leclercdrive.fr/image.ashx?id=2984649&use=l&cat=p&typeid=i","cat":284542},{"id":8735,"n":"Cake P'tit Déli Aux Fruits 400g","p":2.6,"u":"6,50 €/KG","img":"https://fd6-photos.leclercdrive.fr/image.ashx?id=2500803&use=l&cat=p&typeid=i","cat":284493},{"id":8746,"n":"Sauce Beurre blanc Gastromer 200g","p":1.29,"u":"6,45 €/KG","img":"https://fd6-photos.leclercdrive.fr/image.ashx?id=2504653&use=l&cat=p&typeid=i","cat":284382},{"id":8749,"n":"Flask Whisky Label 5 40%vol - 20cl","p":4.28,"u":"21,40 €/L","img":"https://fd6-photos.leclercdrive.fr/image.ashx?id=2519720&use=l&cat=p&typeid=i","cat":284547},{"id":8754,"n":"Sacs congélation Elembal Moyen Zip 20 Sacs","p":1.49,"u":"0,07 €/P","img":"https://fd6-photos.leclercdrive.fr/image.ashx?id=2751886&use=l&cat=p&typeid=i","cat":334134},{"id":8784,"n":"Plat bébé Blédina 8 mois  Riz carotte jambon - 2x200g","p":2.64,"u":"6,60 €/KG","img":"https://fd6-photos.leclercdrive.fr/image.ashx?id=2975065&use=l&cat=p&typeid=i","cat":312236},{"id":8795,"n":"Eau minérale Wattwiller 6x1.5L","p":3.45,"u":"0,38 €/L","img":"https://fd6-photos.leclercdrive.fr/image.ashx?id=2582846&use=l&cat=p&typeid=i","cat":284535},{"id":8796,"n":"Saucisse fine de Lyon NRT 120g","p":1.85,"u":"15,42 €/KG","img":"https://fd6-photos.leclercdrive.fr/image.ashx?id=2743870&use=l&cat=p&typeid=i","cat":316012},{"id":8803,"n":"Tortilla aux Oignons 500g","p":4.1,"u":"8,20 €/KG","img":"https://fd6-photos.leclercdrive.fr/image.ashx?id=2112351&use=l&cat=p&typeid=i","cat":333673},{"id":8804,"n":"Brownie P'tit Déli Chocolat pépites 285g","p":1.85,"u":"6,49 €/KG","img":"https://fd6-photos.leclercdrive.fr/image.ashx?id=2663365&use=l&cat=p&typeid=i","cat":294776},{"id":8809,"n":"Galettes Bretonnes P'tit Déli Pur beurre 2x125g","p":1.45,"u":"5,80 €/KG","img":"https://fd6-photos.leclercdrive.fr/image.ashx?id=2847961&use=l&cat=p&typeid=i","cat":284487},{"id":8825,"n":"Barres de céréales Coco Pops Kellogg's - 6x20g","p":1.89,"u":"15,75 €/KG","img":"https://fd6-photos.leclercdrive.fr/image.ashx?id=2677291&use=l&cat=p&typeid=i","cat":285869},{"id":8831,"n":"Nouille Alsacienne Lustucru 250g","p":0.94,"u":"3,76 €/KG","img":"https://fd6-photos.leclercdrive.fr/image.ashx?id=2503942&use=l&cat=p&typeid=i","cat":284427},{"id":8832,"n":"Pâtes Lustucru collerettes 250g","p":0.95,"u":"3,80 €/KG","img":"https://fd6-photos.leclercdrive.fr/image.ashx?id=1943562&use=l&cat=p&typeid=i","cat":284427},{"id":8846,"n":"Jardinière Notre Jardin  De 3 légumes - 420g","p":3.45,"u":"8,21 €/KG","img":"https://fd6-photos.leclercdrive.fr/image.ashx?id=2190005&use=l&cat=p&typeid=i","cat":312607},{"id":8853,"n":"Cappuccino soluble Plantation Chocolat - x8 - 144g","p":2.49,"u":"17,29 €/KG","img":"https://fd6-photos.leclercdrive.fr/image.ashx?id=2460574&use=l&cat=p&typeid=i","cat":284843},{"id":8854,"n":"Café soluble Plantation  Qualité décaféiné - 200g","p":6.55,"u":"32,75 €/KG","img":"https://fd6-photos.leclercdrive.fr/image.ashx?id=2834275&use=l&cat=p&typeid=i","cat":284843},{"id":8855,"n":"Sauce Champignons Turini 420g","p":1.15,"u":"2,74 €/KG","img":"https://fd6-photos.leclercdrive.fr/image.ashx?id=2494189&use=l&cat=p&typeid=i","cat":287599},{"id":8857,"n":"Café soluble Plantation Qualité filtre - x25 - 50g","p":2.09,"u":"41,80 €/KG","img":"https://fd6-photos.leclercdrive.fr/image.ashx?id=2834278&use=l&cat=p&typeid=i","cat":284843},{"id":8858,"n":"Café Soluble Plantation Décaféiné - x25 - 50g","p":2.28,"u":"45,60 €/KG","img":"https://fd6-photos.leclercdrive.fr/image.ashx?id=2834281&use=l&cat=p&typeid=i","cat":284843},{"id":8859,"n":"Café soluble Plantation Chicorée - 100g","p":2.35,"u":"23,50 €/KG","img":"https://fd6-photos.leclercdrive.fr/image.ashx?id=2856468&use=l&cat=p&typeid=i","cat":284843},{"id":8861,"n":"Café soluble Plantation Expresso - x25 - 45g","p":2.29,"u":"50,89 €/KG","img":"https://fd6-photos.leclercdrive.fr/image.ashx?id=2834287&use=l&cat=p&typeid=i","cat":284843},{"id":8864,"n":"Pain de Mie Epi d'or - Nature Longue Conservation - 280g","p":0.74,"u":"2,64 €/KG","img":"https://fd6-photos.leclercdrive.fr/image.ashx?id=1913643&use=l&cat=p&typeid=i","cat":284477},{"id":8865,"n":"Toasts Brioches Epi D'Or x13 - 125g","p":0.94,"u":"7,52 €/KG","img":"https://fd6-photos.leclercdrive.fr/image.ashx?id=2896018&use=l&cat=p&typeid=i","cat":284479},{"id":8869,"n":"Riz complet Comptoir du Grain 10min - 500g","p":1.49,"u":"2,98 €/KG","img":"https://fd6-photos.leclercdrive.fr/image.ashx?id=2909386&use=l&cat=p&typeid=i","cat":284428},{"id":8870,"n":"Dés fromage Herbes de Provence Poivrons Les Croisés - 300g","p":2.11,"u":"7,03 €/KG","img":"https://fd6-photos.leclercdrive.fr/image.ashx?id=776166&use=l&cat=p&typeid=i","cat":314027},{"id":8879,"n":"Coq au Vin de Bergerac NRT 750g","p":4.99,"u":"6,65 €/KG","img":"https://fd6-photos.leclercdrive.fr/image.ashx?id=2723219&use=l&cat=p&typeid=i","cat":284441},{"id":8891,"n":"Soda Jean's Cola Bouteille - 6x1,5L","p":6.52,"u":"0,72 €/L","img":"https://fd6-photos.leclercdrive.fr/image.ashx?id=2637862&use=l&cat=p&typeid=i","cat":284530},{"id":8908,"n":"Crépes Fourrées P'tit Déli Céréales et chocolat x8 - 256g","p":1.81,"u":"7,07 €/KG","img":"https://fd6-photos.leclercdrive.fr/image.ashx?id=2656338&use=l&cat=p&typeid=i","cat":284494},{"id":8910,"n":"Jus 3 agrumes Jafaden Pur jus - 1L","p":2.42,"u":"2,42 €/L","img":"https://fd6-photos.leclercdrive.fr/image.ashx?id=2956047&use=l&cat=p&typeid=i","cat":284917},{"id":8912,"n":"Préparation fraises NRT Sud-Ouest - 315g","p":2.64,"u":"8,38 €/KG","img":"https://fd6-photos.leclercdrive.fr/image.ashx?id=2590472&use=l&cat=p&typeid=i","cat":284480},{"id":8914,"n":"IGP Pays d'Oc Viognier Blanc Vieux Carion 13% vol - 75cl","p":2.99,"u":"3,99 €/L","img":"https://fd6-photos.leclercdrive.fr/image.ashx?id=2866244&use=l&cat=p&typeid=i","cat":289557},{"id":8926,"n":"Fromage Emmental Paysan Berton Râpé lait pasteurisé 150g","p":1.77,"u":"11,80 €/KG","img":"https://fd6-photos.leclercdrive.fr/image.ashx?id=2975296&use=l&cat=p&typeid=i","cat":314035},{"id":8931,"n":"Fromage Emmental Paysan Breton Portion - 220g","p":2.59,"u":"11,77 €/KG","img":"https://fd6-photos.leclercdrive.fr/image.ashx?id=2945559&use=l&cat=p&typeid=i","cat":314034},{"id":8932,"n":"Gin Gibson's 37.5%vol - 1L","p":16.68,"u":"16,68 €/L","img":"https://fd6-photos.leclercdrive.fr/image.ashx?id=2766244&use=l&cat=p&typeid=i","cat":284550},{"id":8951,"n":"Eau minérale Source Amanda Naturelle 6x1,5L","p":2.46,"u":"0,27 €/L","img":"https://fd6-photos.leclercdrive.fr/image.ashx?id=2727629&use=l&cat=p&typeid=i","cat":284535},{"id":8963,"n":"Fromage à tartiner Madame Loïk Fouetté Ech. Ciboulette - 150g","p":1.74,"u":"11,60 €/KG","img":"https://fd6-photos.leclercdrive.fr/image.ashx?id=2986356&use=l&cat=p&typeid=i","cat":314029},{"id":8966,"n":"Biscuits chien Pedigree Biscrok - 500g","p":1.59,"u":"3,18 €/KG","img":"https://fd6-photos.leclercdrive.fr/image.ashx?id=2983456&use=l&cat=p&typeid=i","cat":294527},{"id":8968,"n":"Chocolat poudre Banania 400g","p":2.58,"u":"6,45 €/KG","img":"https://fd6-photos.leclercdrive.fr/image.ashx?id=2225276&use=l&cat=p&typeid=i","cat":293235},{"id":8970,"n":"Riz long blanc de Camargue NRT 500g","p":1.59,"u":"3,18 €/KG","img":"https://fd6-photos.leclercdrive.fr/image.ashx?id=2663803&use=l&cat=p&typeid=i","cat":284428},{"id":8972,"n":"Levure boulangère Tablier Blanc x6 - 30g","p":0.69,"u":"23,00 €/KG","img":"https://fd6-photos.leclercdrive.fr/image.ashx?id=2867904&use=l&cat=p&typeid=i","cat":294686},{"id":8977,"n":"Cacahuètes  Benenuts Grillées à sec - 200g","p":1.57,"u":"7,85 €/KG","img":"https://fd6-photos.leclercdrive.fr/image.ashx?id=2389616&use=l&cat=p&typeid=i","cat":284448},{"id":8985,"n":"Soupe Poule au Pot Knorr Déshydratée - 1L","p":0.97,"u":"0,97 €/L","img":"https://fd6-photos.leclercdrive.fr/image.ashx?id=2826471&use=l&cat=p&typeid=i","cat":284463},{"id":8987,"n":"Pâté Hénaff 156g","p":4.69,"u":"30,06 €/KG","img":"https://fd6-photos.leclercdrive.fr/image.ashx?id=2298361&use=l&cat=p&typeid=i","cat":305149},{"id":9033,"n":"Fromage Entremont Dégustation 45%mg - 250g","p":2.84,"u":"11,36 €/KG","img":"https://fd6-photos.leclercdrive.fr/image.ashx?id=2983168&use=l&cat=p&typeid=i","cat":314034},{"id":9035,"n":"Scotch Whisky Label 5 40%vol - 1L","p":17.93,"u":"17,93 €/L","img":"https://fd6-photos.leclercdrive.fr/image.ashx?id=2519714&use=l&cat=p&typeid=i","cat":284547},{"id":9065,"n":"Fromage tartiflette Ermitage 27%mg - 500g","p":6.09,"u":"12,18 €/KG","img":"https://fd6-photos.leclercdrive.fr/image.ashx?id=2966011&use=l&cat=p&typeid=i","cat":314037},{"id":9080,"n":"Fromage à Tartiner St Môret  Nature 9 Portions - 180g","p":2.02,"u":"11,22 €/KG","img":"https://fd6-photos.leclercdrive.fr/image.ashx?id=2763319&use=l&cat=p&typeid=i","cat":314029},{"id":9105,"n":"Pate Brisée Eco+ A dérouler - 230g","p":0.53,"u":"2,30 €/KG","img":"https://fd6-photos.leclercdrive.fr/image.ashx?id=2744347&use=l&cat=p&typeid=i","cat":333681},{"id":9110,"n":"Bûche de chèvre allégée Soignon Lait pasteurisé 29%mg - 180g","p":2.26,"u":"12,56 €/KG","img":"https://fd6-photos.leclercdrive.fr/image.ashx?id=2886987&use=l&cat=p&typeid=i","cat":314031},{"id":9123,"n":"Café soluble Plantation Café Au Lait Chicorée - 400g","p":3.59,"u":"8,98 €/KG","img":"https://fd6-photos.leclercdrive.fr/image.ashx?id=2834232&use=l&cat=p&typeid=i","cat":284843},{"id":9124,"n":"Croquettes chiens Lydog Senior - 3kg","p":5.18,"u":"1,73 €/KG","img":"https://fd6-photos.leclercdrive.fr/image.ashx?id=2047025&use=l&cat=p&typeid=i","cat":284672},{"id":9130,"n":"Mouchoirs blancs 2 plis Caresse Boîte mouchoirs en papier -x110","p":1.33,"u":"0,01 €/P","img":"https://fd6-photos.leclercdrive.fr/image.ashx?id=2390416&use=l&cat=p&typeid=i","cat":284638},{"id":9131,"n":"Gel douche et shampooing Carré Homme Tonifiante - 250ml","p":1.27,"u":"5,08 €/L","img":"https://fd6-photos.leclercdrive.fr/image.ashx?id=2927848&use=l&cat=p&typeid=i","cat":284619},{"id":9132,"n":"Soda Pulp'Orange Canette - 6x33cl","p":3.19,"u":"1,61 €/L","img":"https://fd6-photos.leclercdrive.fr/image.ashx?id=2922406&use=l&cat=p&typeid=i","cat":284532},{"id":9138,"n":"Café soluble Plantation Chicorée - 250g","p":2.98,"u":"11,92 €/KG","img":"https://fd6-photos.leclercdrive.fr/image.ashx?id=2556379&use=l&cat=p&typeid=i","cat":284843},{"id":9139,"n":"Bouchées chiens Lydog Boeuf - 1.5kg","p":2.79,"u":"1,86 €/KG","img":"https://fd6-photos.leclercdrive.fr/image.ashx?id=2895759&use=l&cat=p&typeid=i","cat":284672},{"id":9144,"n":"Vinaigre de Vin blanc Rustica Aromatisé à la noix - 50cl","p":1.64,"u":"3,28 €/L","img":"https://fd6-photos.leclercdrive.fr/image.ashx?id=1670491&use=l&cat=p&typeid=i","cat":298543},{"id":9150,"n":"Soupe Velouté Régal Soupe Potiron - 2x30cl","p":1.76,"u":"2,93 €/L","img":"https://fd6-photos.leclercdrive.fr/image.ashx?id=2607473&use=l&cat=p&typeid=i","cat":284462},{"id":9158,"n":"Saucisses volaille le Gaulois Aux herbes x6 - 300g","p":3.2,"u":"10,67 €/KG","img":"https://fd6-photos.leclercdrive.fr/image.ashx?id=2286759&use=l&cat=p&typeid=i","cat":284716},{"id":9159,"n":"Sandwich  Côté Snack  Polaire Jambon Cheddar 135g","p":1.39,"u":"10,30 €/KG","img":"https://fd6-photos.leclercdrive.fr/image.ashx?id=2619710&use=l&cat=p&typeid=i","cat":333658},{"id":9161,"n":"Tarte aux poireaux Côté Table 2x130g","p":2.54,"u":"9,77 €/KG","img":"https://fd6-photos.leclercdrive.fr/image.ashx?id=2354707&use=l&cat=p&typeid=i","cat":333680},{"id":9162,"n":"Croquettes chat Plénima Premium Chatons - 450g","p":2.24,"u":"4,98 €/KG","img":"https://fd6-photos.leclercdrive.fr/image.ashx?id=1943364&use=l&cat=p&typeid=i","cat":284680},{"id":9164,"n":"Crevettes natures Pêche Océan 125g","p":3.99,"u":"31,92 €/KG","img":"https://fd6-photos.leclercdrive.fr/image.ashx?id=3015242&use=l&cat=p&typeid=i","cat":284343},{"id":9170,"n":"Spaetzles d'Alsace NRT 250g","p":1.39,"u":"5,56 €/KG","img":"https://fd6-photos.leclercdrive.fr/image.ashx?id=2839962&use=l&cat=p&typeid=i","cat":284427},{"id":9171,"n":"Sablés aux Pommes NRT - 150g","p":1.99,"u":"13,27 €/KG","img":"https://fd6-photos.leclercdrive.fr/image.ashx?id=2856615&use=l&cat=p&typeid=i","cat":284487},{"id":9172,"n":"Cassoulet de Castelnaudary Nos Régions ont du Talent 1680g","p":9.96,"u":"5,93 €/KG","img":"https://fd6-photos.leclercdrive.fr/image.ashx?id=2791401&use=l&cat=p&typeid=i","cat":284440},{"id":9173,"n":"Ravioles Label Rouge NRT Dauphiné - 240g","p":2.99,"u":"12,46 €/KG","img":"https://fd6-photos.leclercdrive.fr/image.ashx?id=2441537&use=l&cat=p&typeid=i","cat":333682},{"id":9181,"n":"Chinois La Fournée Dorée Crème pâtissière - 600g","p":2.86,"u":"4,77 €/KG","img":"https://fd6-photos.leclercdrive.fr/image.ashx?id=2342090&use=l&cat=p&typeid=i","cat":293600},{"id":9183,"n":"Boules soufflées Tokapi Tomate - 42g","p":0.57,"u":"13,57 €/KG","img":"https://fd6-photos.leclercdrive.fr/image.ashx?id=2898832&use=l&cat=p&typeid=i","cat":284449},{"id":9223,"n":"Pâtes Capellini Turini 500g","p":0.85,"u":"1,70 €/KG","img":"https://fd6-photos.leclercdrive.fr/image.ashx?id=2607482&use=l&cat=p&typeid=i","cat":284427},{"id":9262,"n":"Matière grasse Rustica Tournesol -60%MG -Doux -500G","p":1.53,"u":"3,06 €/KG","img":"https://fd6-photos.leclercdrive.fr/image.ashx?id=1071108&use=l&cat=p&typeid=i","cat":315229},{"id":9265,"n":"Pêche poire ananas  Douceur du verger - 4x70g","p":2.59,"u":"9,25 €/KG","img":"https://fd6-photos.leclercdrive.fr/image.ashx?id=2349100&use=l&cat=p&typeid=i","cat":284507},{"id":9266,"n":"Ananas papaye mangue DDV Sirop léger - 4x70g","p":2.75,"u":"9,82 €/KG","img":"https://fd6-photos.leclercdrive.fr/image.ashx?id=2100775&use=l&cat=p&typeid=i","cat":284507},{"id":9276,"n":"Biscuits Sprits P'tit Déli Chocolat au lait - 150g","p":1.09,"u":"7,27 €/KG","img":"https://fd6-photos.leclercdrive.fr/image.ashx?id=2081053&use=l&cat=p&typeid=i","cat":284488},{"id":9322,"n":"Tartelette Choco Caramel St Michel Bonne Maman 135g","p":1.39,"u":"10,30 €/KG","img":"https://fd6-photos.leclercdrive.fr/image.ashx?id=2949931&use=l&cat=p&typeid=i","cat":284488},{"id":9435,"n":"AOP Champagne Mercier  Brut - 75cl","p":24.9,"u":"33,20 €/L","img":"https://fd6-photos.leclercdrive.fr/image.ashx?id=1867174&use=l&cat=p&typeid=i","cat":284542},{"id":9591,"n":"Protège-document Esquisse A4 - 120 vues - Multicoloris","p":3.49,"img":"https://fd6-photos.leclercdrive.fr/image.ashx?id=2943148&use=l&cat=p&typeid=i","cat":334133},{"id":9593,"n":"AOP Côtes du Rhône vin rouge Combes Saint Sauveur 75cl","p":4.16,"u":"5,55 €/L","img":"https://fd6-photos.leclercdrive.fr/image.ashx?id=2755414&use=l&cat=p&typeid=i","cat":289556},{"id":9597,"n":"AOP Côtes de Provence rosé Jean Valestrel - 75cl","p":6.85,"u":"9,13 €/L","img":"https://fd6-photos.leclercdrive.fr/image.ashx?id=2236698&use=l&cat=p&typeid=i","cat":289558},{"id":9598,"n":"Nuggets Le Gaulois Extra croustillant x10 - 200g","p":2.16,"u":"10,80 €/KG","img":"https://fd6-photos.leclercdrive.fr/image.ashx?id=2645531&use=l&cat=p&typeid=i","cat":333684},{"id":9602,"n":"Copies doubles Esquisse - x300 21x29.7cm","p":2.49,"img":"https://fd6-photos.leclercdrive.fr/image.ashx?id=1698667&use=l&cat=p&typeid=i","cat":284697},{"id":9605,"n":"Ruban adhésif Esquisse super transparent - 25m","p":0.82,"u":"0,03 €/MT","img":"https://fd6-photos.leclercdrive.fr/image.ashx?id=2943217&use=l&cat=p&typeid=i","cat":334133},{"id":9608,"n":"Intercalaires Esquisse Touch A4 2 jeux de 6 touches","p":1.39,"img":"https://fd6-photos.leclercdrive.fr/image.ashx?id=1678700&use=l&cat=p&typeid=i","cat":284745},{"id":9632,"n":"IGP Pays d'Oc rouge Les Ormes De Cambras 12.5% vol - 75cl","p":2.87,"u":"3,83 €/L","img":"https://fd6-photos.leclercdrive.fr/image.ashx?id=2445121&use=l&cat=p&typeid=i","cat":289556},{"id":9634,"n":"Scotch Whisky Baird's 40%vol - 1L","p":15.49,"u":"15,49 €/L","img":"https://fd6-photos.leclercdrive.fr/image.ashx?id=2907168&use=l&cat=p&typeid=i","cat":284547},{"id":9635,"n":"Rhum blanc Charrette 49%vol - 1L","p":16.32,"u":"16,32 €/L","img":"https://fd6-photos.leclercdrive.fr/image.ashx?id=1946417&use=l&cat=p&typeid=i","cat":284550},{"id":9636,"n":"Apéritif sans alcool Palermo Amarino - 1L","p":3.28,"u":"3,28 €/L","img":"https://fd6-photos.leclercdrive.fr/image.ashx?id=1866955&use=l&cat=p&typeid=i","cat":284549},{"id":9638,"n":"AOC Rhum agricole blanc Dillon Martinique 55%vol - 1L","p":19.38,"u":"19,38 €/L","img":"https://fd6-photos.leclercdrive.fr/image.ashx?id=2650946&use=l&cat=p&typeid=i","cat":284550},{"id":9641,"n":"Whisky Ballantine's Finest Blended Scotch 40% vol - 1L","p":20.95,"pp":19.45,"u":"19,45 €/L","img":"https://fd6-photos.leclercdrive.fr/image.ashx?id=2816964&use=l&cat=p&typeid=i","cat":284547},{"id":9689,"n":"Muffin complet Epi d'Or x4 - 250g","p":1.7,"u":"6,80 €/KG","img":"https://fd6-photos.leclercdrive.fr/image.ashx?id=2939058&use=l&cat=p&typeid=i","cat":284985},{"id":9690,"n":"Carré à Langer Mots d'Enfants Jetables x10","p":4.1,"u":"0,41 €/P","img":"https://fd6-photos.leclercdrive.fr/image.ashx?id=3014191&use=l&cat=p&typeid=i","cat":284737},{"id":9700,"n":"Serviette incontinence Chorys Extra plus - x16","p":4.99,"u":"0,31 €/P","img":"https://fd6-photos.leclercdrive.fr/image.ashx?id=2691171&use=l&cat=p&typeid=i","cat":284628},{"id":9708,"n":"Crème aux oeufs Délisse Vanille - 4x100g","p":1.49,"u":"3,73 €/KG","img":"https://fd6-photos.leclercdrive.fr/image.ashx?id=1956631&use=l&cat=p&typeid=i","cat":284419},{"id":9709,"n":"Mini brownies P'tit Déli Chocolat pépites x8 - 240g","p":1.49,"u":"6,21 €/KG","img":"https://fd6-photos.leclercdrive.fr/image.ashx?id=2888938&use=l&cat=p&typeid=i","cat":294776},{"id":9894,"n":"Moutarde de Bourgogne IGP NRT 200g","p":1.5,"u":"7,50 €/KG","img":"https://fd6-photos.leclercdrive.fr/image.ashx?id=2644918&use=l&cat=p&typeid=i","cat":288850},{"id":9898,"n":"Culotte absorbante Chorys Taille L - x10","p":6.99,"u":"0,70 €/P","img":"https://fd6-photos.leclercdrive.fr/image.ashx?id=2623004&use=l&cat=p&typeid=i","cat":284628},{"id":9899,"n":"Culotte absorbante Chorys Taille M - Plus - x12","p":7.99,"u":"0,67 €/P","img":"https://fd6-photos.leclercdrive.fr/image.ashx?id=2623001&use=l&cat=p&typeid=i","cat":284628},{"id":9915,"n":"Oignons émincés Notre Jardin 1kg","p":1.75,"u":"1,75 €/KG","img":"https://fd6-photos.leclercdrive.fr/image.ashx?id=2873117&use=l&cat=p&typeid=i","cat":319805},{"id":9916,"n":"Epinards Notre Jardin Feuilles à cuire - 600g","p":1.35,"u":"2,25 €/KG","img":"https://fd6-photos.leclercdrive.fr/image.ashx?id=2916677&use=l&cat=p&typeid=i","cat":319805},{"id":9917,"n":"Whisky J&B Rare 40%vol - 1L","p":20.22,"u":"20,22 €/L","img":"https://fd6-photos.leclercdrive.fr/image.ashx?id=2497638&use=l&cat=p&typeid=i","cat":284547},{"id":9920,"n":"Riz rond blanc de Camargue NRT 500g","p":1.79,"u":"3,58 €/KG","img":"https://fd6-photos.leclercdrive.fr/image.ashx?id=2663839&use=l&cat=p&typeid=i","cat":284428},{"id":9933,"n":"Mouchoirs blancs 4 plis Caresse Mouchoirs papier - 24 étuis","p":2.51,"u":"0,10 €/P","img":"https://fd6-photos.leclercdrive.fr/image.ashx?id=2870017&use=l&cat=p&typeid=i","cat":284638},{"id":10063,"n":"Whisky Bourbon Four Roses 40%vol - 1L","p":26.5,"u":"26,50 €/L","img":"https://fd6-photos.leclercdrive.fr/image.ashx?id=2929476&use=l&cat=p&typeid=i","cat":284547},{"id":10069,"n":"Gâteaux moelleux Pépito  Pépites de chocolat - 150g","p":1.21,"u":"8,07 €/KG","img":"https://fd6-photos.leclercdrive.fr/image.ashx?id=2374396&use=l&cat=p&typeid=i","cat":284495},{"id":10072,"n":"Navettes NRT Fleur d'oranger - 400g","p":2.89,"u":"7,23 €/KG","img":"https://fd6-photos.leclercdrive.fr/image.ashx?id=2679792&use=l&cat=p&typeid=i","cat":284487},{"id":10074,"n":"Tablette de chocolat Equador Noir et menthe 100g","p":1.19,"u":"11,90 €/KG","img":"https://fd6-photos.leclercdrive.fr/image.ashx?id=2834296&use=l&cat=p&typeid=i","cat":284956},{"id":10086,"n":"Fondants Autour du Dessert Chocolat x2 - 180g","p":1.99,"u":"11,06 €/KG","img":"https://fd6-photos.leclercdrive.fr/image.ashx?id=2886540&use=l&cat=p&typeid=i","cat":284267},{"id":10091,"n":"Filets maquereaux Pêche Océan Tomate basilic - 169g","p":1.46,"u":"8,64 €/KG","img":"https://fd6-photos.leclercdrive.fr/image.ashx?id=2394657&use=l&cat=p&typeid=i","cat":303868},{"id":10092,"n":"Palets de légumes Notre Jardin Courgettes Carottes - x8 300g","p":1.74,"u":"5,80 €/KG","img":"https://fd6-photos.leclercdrive.fr/image.ashx?id=2878711&use=l&cat=p&typeid=i","cat":319802},{"id":10093,"n":"Palets légumes Notre Jardin Poireaux Carottes - x8 300g","p":1.99,"u":"6,63 €/KG","img":"https://fd6-photos.leclercdrive.fr/image.ashx?id=2878708&use=l&cat=p&typeid=i","cat":319802},{"id":10108,"n":"Croquants aux amandes NRT 300g","p":2.74,"u":"9,13 €/KG","img":"https://fd6-photos.leclercdrive.fr/image.ashx?id=2679795&use=l&cat=p&typeid=i","cat":284487},{"id":10114,"n":"Essuie-tout Uni Vert Compact Ecologique - x2","p":2.7,"u":"1,35 €/P","img":"https://fd6-photos.leclercdrive.fr/image.ashx?id=2571929&use=l&cat=p&typeid=i","cat":284635},{"id":10122,"n":"Mini gratins Côté Table Aux 3 légumes - x4 480g","p":3.12,"u":"6,50 €/KG","img":"https://fd6-photos.leclercdrive.fr/image.ashx?id=2074419&use=l&cat=p&typeid=i","cat":319802},{"id":10124,"n":"Bâtonnets poulet Pic'Express x18 400g","p":5.13,"u":"12,83 €/KG","img":"https://fd6-photos.leclercdrive.fr/image.ashx?id=2054954&use=l&cat=p&typeid=i","cat":319780},{"id":10126,"n":"Pomme de terre Patato Rigolo Pom'Lisse 750g","p":1.94,"u":"2,59 €/KG","img":"https://fd6-photos.leclercdrive.fr/image.ashx?id=2699672&use=l&cat=p&typeid=i","cat":319792},{"id":10163,"n":"Palets légumes Notre Jardin Choux-fleurs Brocolis - x8 300g","p":2.1,"u":"7,00 €/KG","img":"https://fd6-photos.leclercdrive.fr/image.ashx?id=2878714&use=l&cat=p&typeid=i","cat":319802},{"id":10192,"n":"Olives Vertes Tramier  Dénoyautées 160g","p":1.94,"u":"12,13 €/KG","img":"https://fd6-photos.leclercdrive.fr/image.ashx?id=2363829&use=l&cat=p&typeid=i","cat":284458},{"id":10200,"n":"Pommes de terre lamelles Lunor De consommation cuites - 500g","p":1.48,"u":"2,96 €/KG","img":"https://fd6-photos.leclercdrive.fr/image.ashx?id=2167898&use=l&cat=p&typeid=i","cat":284352},{"id":10211,"n":"Pâtes Nouilles Turini 1kg","p":1.35,"u":"1,35 €/KG","img":"https://fd6-photos.leclercdrive.fr/image.ashx?id=2980761&use=l&cat=p&typeid=i","cat":284427},{"id":10212,"n":"Rubans anti-mouches Insectivor x4","p":0.85,"u":"0,21 €/P","img":"https://fd6-photos.leclercdrive.fr/image.ashx?id=2555077&use=l&cat=p&typeid=i","cat":298368},{"id":10215,"n":"Sauce Basquaise Rustica Aux 2 poivrons - 400g","p":1.29,"u":"3,23 €/KG","img":"https://fd6-photos.leclercdrive.fr/image.ashx?id=2887398&use=l&cat=p&typeid=i","cat":287599},{"id":10216,"n":"Sauce Aigre Douce Rustica Légumes croquants - 400g","p":1.28,"u":"3,20 €/KG","img":"https://fd6-photos.leclercdrive.fr/image.ashx?id=2887401&use=l&cat=p&typeid=i","cat":287599},{"id":10217,"n":"Sauce Curry Rustica Légumes et lait de coco - 400g","p":1.31,"u":"3,28 €/KG","img":"https://fd6-photos.leclercdrive.fr/image.ashx?id=2887404&use=l&cat=p&typeid=i","cat":287599},{"id":10220,"n":"Tampons Doulys Compact Normal - x20","p":2.24,"u":"0,11 €/P","img":"https://fd6-photos.leclercdrive.fr/image.ashx?id=2965461&use=l&cat=p&typeid=i","cat":284626},{"id":10227,"n":"Mini gratins Côté Table Dauphinois - x4 480g","p":2.99,"u":"6,23 €/KG","img":"https://fd6-photos.leclercdrive.fr/image.ashx?id=2627640&use=l&cat=p&typeid=i","cat":319802},{"id":10231,"n":"Confiture Douceur du verger Framboises - Allégée - 340g","p":1.24,"u":"3,65 €/KG","img":"https://fd6-photos.leclercdrive.fr/image.ashx?id=2965473&use=l&cat=p&typeid=i","cat":284480},{"id":10232,"n":"Confiture Douceur du Verger Allégée Pêche 340g","p":1.32,"u":"3,88 €/KG","img":"https://fd6-photos.leclercdrive.fr/image.ashx?id=2965476&use=l&cat=p&typeid=i","cat":284480},{"id":10244,"n":"Thon entier Pêche Océan Naturel - 280g","p":3.72,"u":"13,29 €/KG","img":"https://fd6-photos.leclercdrive.fr/image.ashx?id=2941414&use=l&cat=p&typeid=i","cat":303867},{"id":10324,"n":"Pommes de terre Bio Bio Village Vapeur et sautées  - 1.5kg","p":2.99,"u":"1,99 €/KG","img":"https://fd6-photos.leclercdrive.fr/image.ashx?id=2960535&use=l&cat=p&typeid=i","cat":284352},{"id":10344,"n":"Petit Beurre Pocket P'ti Déli 3x12 sachets 300g","p":1.68,"u":"5,60 €/KG","img":"https://fd6-photos.leclercdrive.fr/image.ashx?id=1965518&use=l&cat=p&typeid=i","cat":284487},{"id":10346,"n":"Vinaigrette allégée Rustica Balsamique huile d'olive - 50cl","p":2.49,"u":"4,98 €/L","img":"https://fd6-photos.leclercdrive.fr/image.ashx?id=1972913&use=l&cat=p&typeid=i","cat":284456},{"id":10348,"n":"Huile de noix Rustica 50cl","p":4.68,"u":"9,36 €/L","img":"https://fd6-photos.leclercdrive.fr/image.ashx?id=2523703&use=l&cat=p&typeid=i","cat":284453},{"id":10351,"n":"Sacs à couche Mots d'Enfant Parfumés - x50","p":1.6,"u":"0,03 €/P","img":"https://fd6-photos.leclercdrive.fr/image.ashx?id=1886564&use=l&cat=p&typeid=i","cat":284737},{"id":10356,"n":"Bloc bureau Esquisse - 80 pages Seyes - 21x31.5cm","p":2.79,"img":"https://fd6-photos.leclercdrive.fr/image.ashx?id=2943187&use=l&cat=p&typeid=i","cat":284697},{"id":10361,"n":"Feuilles simples Esquisse Seyes- 4 couleurs x100","p":3.89,"img":"https://fd6-photos.leclercdrive.fr/image.ashx?id=2131215&use=l&cat=p&typeid=i","cat":284697},{"id":10382,"n":"Choucroute Royale Côté Table 400g","p":1.99,"u":"4,98 €/KG","img":"https://fd6-photos.leclercdrive.fr/image.ashx?id=2977147&use=l&cat=p&typeid=i","cat":284441},{"id":10384,"n":"Sauce Chasseur Knorr 23g","p":0.8,"u":"34,78 €/KG","img":"https://fd6-photos.leclercdrive.fr/image.ashx?id=1936770&use=l&cat=p&typeid=i","cat":288381},{"id":10398,"n":"Biscuit apéritif ancel Bretzels Maxi - 200g","p":0.83,"u":"4,15 €/KG","img":"https://fd6-photos.leclercdrive.fr/image.ashx?id=2991813&use=l&cat=p&typeid=i","cat":297000},{"id":10406,"n":"Vinaigre d'alcool doux Melfor Miel et infusion plantes - 1L","p":1.62,"u":"1,62 €/L","img":"https://fd6-photos.leclercdrive.fr/image.ashx?id=2289909&use=l&cat=p&typeid=i","cat":298543},{"id":10408,"n":"Boisson végétale Riz nature Bjorg Bio - 1L","p":1.94,"u":"1,94 €/L","img":"https://fd6-photos.leclercdrive.fr/image.ashx?id=2970915&use=l&cat=p&typeid=i","cat":316067},{"id":10465,"n":"Adoucissant Hyperdou Pure caresse - 3x250ml","p":1.19,"u":"1,59 €/L","img":"https://fd6-photos.leclercdrive.fr/image.ashx?id=2171988&use=l&cat=p&typeid=i","cat":284650},{"id":10526,"n":"Pommes Noisettes McCain 1kg","p":2.39,"u":"2,39 €/KG","img":"https://fd6-photos.leclercdrive.fr/image.ashx?id=2911312&use=l&cat=p&typeid=i","cat":319792},{"id":10527,"n":"Pommes Rissolées McCain  1kg","p":2.39,"u":"2,39 €/KG","img":"https://fd6-photos.leclercdrive.fr/image.ashx?id=2911309&use=l&cat=p&typeid=i","cat":319792},{"id":10578,"n":"Oeufs Matines Poules élevées en plein air x6","p":1.99,"u":"5,72 €/KG","img":"https://fd6-photos.leclercdrive.fr/image.ashx?id=2795743&use=l&cat=p&typeid=i","cat":284378},{"id":10591,"n":"Spray vitrocéramique Clair 500ml","p":3.42,"u":"6,84 €/L","img":"https://fd6-photos.leclercdrive.fr/image.ashx?id=2860073&use=l&cat=p&typeid=i","cat":325363},{"id":10630,"n":"Saucisse Isla Délice Halal -  Goût veau - 500g","p":2.13,"u":"4,26 €/KG","img":"https://fd6-photos.leclercdrive.fr/image.ashx?id=2349230&use=l&cat=p&typeid=i","cat":316013},{"id":10637,"n":"Crème entière Délisse Fluide - 30% MG - 2x25cl","p":2.72,"u":"5,44 €/L","img":"https://fd6-photos.leclercdrive.fr/image.ashx?id=3002560&use=l&cat=p&typeid=i","cat":284381},{"id":10638,"n":"Crème légère fluide UHT Délisse 12%mg - 2x25cl","p":2.36,"u":"4,72 €/L","img":"https://fd6-photos.leclercdrive.fr/image.ashx?id=3002563&use=l&cat=p&typeid=i","cat":284381},{"id":10641,"n":"Yaourts lait entier nature Bio Bio village - 4x125g","p":0.95,"u":"1,90 €/KG","img":"https://fd6-photos.leclercdrive.fr/image.ashx?id=2743831&use=l&cat=p&typeid=i","cat":284409},{"id":10655,"n":"IGP Pays d'Oc rouge Cabernet Sauvignon 12.5% vol - 75cl","p":2.87,"u":"3,83 €/L","img":"https://fd6-photos.leclercdrive.fr/image.ashx?id=2189904&use=l&cat=p&typeid=i","cat":289556},{"id":10679,"n":"Pommes Golden du Limousin AOP Nos Régions ont du Talent - x4","p":2.49,"u":"0,62 €/P","img":"https://fd6-photos.leclercdrive.fr/image.ashx?id=2934814&use=l&cat=p&typeid=i","cat":284356},{"id":10703,"n":"Thon blanc entier Connétable Huile d'olive - 160g","p":3.2,"u":"20,00 €/KG","img":"https://fd6-photos.leclercdrive.fr/image.ashx?id=2910127&use=l&cat=p&typeid=i","cat":303867},{"id":10718,"n":"AOC Côtes du Marmandais rouge La Vieille Eglise - 75cl","p":3.5,"u":"4,67 €/L","img":"https://fd6-photos.leclercdrive.fr/image.ashx?id=2734801&use=l&cat=p&typeid=i","cat":289556},{"id":10720,"n":"Vin mousseux Charles Volner Demi-sec - 11%vol. - 75cl","p":4.01,"u":"5,35 €/L","img":"https://fd6-photos.leclercdrive.fr/image.ashx?id=1592055&use=l&cat=p&typeid=i","cat":284544},{"id":10766,"n":"Pain d'épices P'tit Déli 350g","p":1.81,"u":"5,17 €/KG","img":"https://fd6-photos.leclercdrive.fr/image.ashx?id=1938852&use=l&cat=p&typeid=i","cat":284493},{"id":10767,"n":"Riz cantonais Comptoir du Grain Express 2 min - 250g","p":1.19,"u":"4,76 €/KG","img":"https://fd6-photos.leclercdrive.fr/image.ashx?id=2441198&use=l&cat=p&typeid=i","cat":287600},{"id":10781,"n":"Chair de tomate Notre Jardin Nature - 400g","p":1.99,"u":"4,98 €/KG","img":"https://fd6-photos.leclercdrive.fr/image.ashx?id=2590436&use=l&cat=p&typeid=i","cat":312608},{"id":10785,"n":"Mogette cuisinée NRT De Vendée - 820g","p":3.01,"u":"3,67 €/KG","img":"https://fd6-photos.leclercdrive.fr/image.ashx?id=2771384&use=l&cat=p&typeid=i","cat":312606},{"id":10787,"n":"Huile de colza Bio Village Bio - 75cl","p":3.79,"u":"5,05 €/L","img":"https://fd6-photos.leclercdrive.fr/image.ashx?id=2814450&use=l&cat=p&typeid=i","cat":284453},{"id":10788,"n":"Moutarde de Dijon Bio Village Bio - 200g","p":1.54,"u":"7,70 €/KG","img":"https://fd6-photos.leclercdrive.fr/image.ashx?id=2607954&use=l&cat=p&typeid=i","cat":288850},{"id":10795,"n":"Moutarde de Dijon NRT À l'ancienne - 200g","p":1.39,"u":"6,95 €/KG","img":"https://fd6-photos.leclercdrive.fr/image.ashx?id=2644921&use=l&cat=p&typeid=i","cat":288850},{"id":10796,"n":"Terrine Côté Table Sanglier cognac - 180g","p":2.99,"u":"16,61 €/KG","img":"https://fd6-photos.leclercdrive.fr/image.ashx?id=2519423&use=l&cat=p&typeid=i","cat":305149},{"id":10919,"n":"Crème dessert La Laitière Pot de crème choco noir- 4x100g","p":2.36,"u":"5,90 €/KG","img":"https://fd6-photos.leclercdrive.fr/image.ashx?id=2224049&use=l&cat=p&typeid=i","cat":285041},{"id":10927,"n":"Noix de cajou grilées Eco+ Salées - 125g","p":1.34,"u":"10,72 €/KG","img":"https://fd6-photos.leclercdrive.fr/image.ashx?id=2839815&use=l&cat=p&typeid=i","cat":284448},{"id":10929,"n":"Madeleines longues Eco+ 250g","p":0.89,"u":"3,56 €/KG","img":"https://fd6-photos.leclercdrive.fr/image.ashx?id=2875672&use=l&cat=p&typeid=i","cat":284492},{"id":10930,"n":"Chocolat pâtissier Eco+ Spécial dessert 200g","p":1.59,"u":"7,95 €/KG","img":"https://fd6-photos.leclercdrive.fr/image.ashx?id=2793140&use=l&cat=p&typeid=i","cat":285562},{"id":10932,"n":"Sauce tomate cuisinée Eco+ 420g","p":0.8,"u":"1,90 €/KG","img":"https://fd6-photos.leclercdrive.fr/image.ashx?id=2739715&use=l&cat=p&typeid=i","cat":288384},{"id":10933,"n":"Huile olive Eco+ Extra vierge - 1L","p":6.67,"u":"6,67 €/L","img":"https://fd6-photos.leclercdrive.fr/image.ashx?id=3002500&use=l&cat=p&typeid=i","cat":284453},{"id":10938,"n":"Barquette chien Eco+ Au boeuf - 300g","p":0.52,"u":"1,73 €/KG","img":"https://fd6-photos.leclercdrive.fr/image.ashx?id=2052829&use=l&cat=p&typeid=i","cat":284673},{"id":10945,"n":"Boules de graisse Eco+ x6 - 540g","p":0.75,"u":"1,39 €/KG","img":"https://fd6-photos.leclercdrive.fr/image.ashx?id=2220275&use=l&cat=p&typeid=i","cat":284678},{"id":10948,"n":"Mélange oiseaux du ciel Eco+ 1 kg","p":1.17,"u":"1,17 €/KG","img":"https://fd6-photos.leclercdrive.fr/image.ashx?id=2169186&use=l&cat=p&typeid=i","cat":284678},{"id":10952,"n":"Pains aux raisins 2p","p":1.99,"u":"1,00 €/P","img":"https://fd6-photos.leclercdrive.fr/image.ashx?id=587996&use=l&cat=p&typeid=i","cat":284984},{"id":10955,"n":"Blocs WC Eco+ Eau bleue - x2","p":0.65,"u":"0,33 €/P","img":"https://fd6-photos.leclercdrive.fr/image.ashx?id=2399126&use=l&cat=p&typeid=i","cat":284662},{"id":10956,"n":"Pain de campagne tranché   400g","p":1.95,"u":"4,88 €/KG","img":"https://fd6-photos.leclercdrive.fr/image.ashx?id=2062918&use=l&cat=p&typeid=i","cat":284359},{"id":10979,"n":"Haricots Verts Bonduelle Extra-fins 1kg","p":2.73,"u":"2,73 €/KG","img":"https://fd6-photos.leclercdrive.fr/image.ashx?id=2876152&use=l&cat=p&typeid=i","cat":319805},{"id":10994,"n":"Gâteaux P'tit Déli Pépites de chocolat 10x30g","p":1.89,"u":"6,30 €/KG","img":"https://fd6-photos.leclercdrive.fr/image.ashx?id=1947354&use=l&cat=p&typeid=i","cat":284495},{"id":11002,"n":"AOC Champagne brut blanc  Grande cuvée Pol Carson - 75cl","p":22.49,"u":"29,99 €/L","img":"https://fd6-photos.leclercdrive.fr/image.ashx?id=2995887&use=l&cat=p&typeid=i","cat":284542},{"id":11003,"n":"Compote Douceur du Verger Coupelle pomme poire - 4x100g","p":1.34,"u":"3,35 €/KG","img":"https://fd6-photos.leclercdrive.fr/image.ashx?id=2878717&use=l&cat=p&typeid=i","cat":284508},{"id":11007,"n":"Barquettes chats Tous mes amis Les Menus 4 variétés - 8x100g","p":4.49,"u":"5,61 €/KG","img":"https://fd6-photos.leclercdrive.fr/image.ashx?id=2050645&use=l&cat=p&typeid=i","cat":285286},{"id":11024,"n":"Mayonnaise Rustica A la moutarde de Dijon - 175g","p":0.66,"u":"3,77 €/KG","img":"https://fd6-photos.leclercdrive.fr/image.ashx?id=980107&use=l&cat=p&typeid=i","cat":298295},{"id":11033,"n":"Compote Douceur du Verger Gourdes pomme - 4x90g","p":0.99,"u":"2,75 €/KG","img":"https://fd6-photos.leclercdrive.fr/image.ashx?id=2837042&use=l&cat=p&typeid=i","cat":284508},{"id":11034,"n":"Terrine de campagne Côté Table Porc confit - 2x180g","p":2.79,"u":"7,75 €/KG","img":"https://fd6-photos.leclercdrive.fr/image.ashx?id=2519426&use=l&cat=p&typeid=i","cat":305149},{"id":11037,"n":"Sauce tomate Italienne Zapetti - 3x190g","p":3.14,"u":"5,51 €/KG","img":"https://fd6-photos.leclercdrive.fr/image.ashx?id=2579975&use=l&cat=p&typeid=i","cat":288384},{"id":11042,"n":"Crêpes Côté Table Fromage fondu x20 1kg","p":3.29,"u":"3,29 €/KG","img":"https://fd6-photos.leclercdrive.fr/image.ashx?id=2756849&use=l&cat=p&typeid=i","cat":319776},{"id":11046,"n":"Duo de riz Camargue Bio village Bio  - 500g","p":3.9,"u":"7,80 €/KG","img":"https://fd6-photos.leclercdrive.fr/image.ashx?id=2477008&use=l&cat=p&typeid=i","cat":284428},{"id":11070,"n":"Soupe instantanée Royco  Oignons & Croûtons - 4x200ml","p":1.62,"u":"20,25 €/KG","img":"https://fd6-photos.leclercdrive.fr/image.ashx?id=2650985&use=l&cat=p&typeid=i","cat":293527},{"id":11079,"n":"Brioches fourrées Epi d'Or Chocolat x8 - 310g","p":1.64,"u":"5,29 €/KG","img":"https://fd6-photos.leclercdrive.fr/image.ashx?id=2860730&use=l&cat=p&typeid=i","cat":293505},{"id":11089,"n":"Lingettes Demak'up Peaux sensibles 2x25","p":3.8,"img":"https://fd6-photos.leclercdrive.fr/image.ashx?id=2999883&use=l&cat=p&typeid=i","cat":285593},{"id":11146,"n":"Lait demi-écrémé Brique - 6x1L","p":5.7,"u":"0,95 €/L","img":"https://fd6-photos.leclercdrive.fr/image.ashx?id=1682829&use=l&cat=p&typeid=i","cat":284377},{"id":11153,"n":"Truite fumée Ovive Pyrénées 4 tranches - 120g","p":5.89,"u":"49,08 €/KG","img":"https://fd6-photos.leclercdrive.fr/image.ashx?id=2887848&use=l&cat=p&typeid=i","cat":285188},{"id":11175,"n":"Plat bébé soir Blédiner 8 mois Risotto courgette - 2x200g","p":2.31,"u":"5,78 €/KG","img":"https://fd6-photos.leclercdrive.fr/image.ashx?id=2921043&use=l&cat=p&typeid=i","cat":312239},{"id":11176,"n":"Lait céréales bébé Blédiner 6m Courgette soir - 2x250ml","p":1.9,"u":"3,80 €/L","img":"https://fd6-photos.leclercdrive.fr/image.ashx?id=2960147&use=l&cat=p&typeid=i","cat":312239},{"id":11178,"n":"Plat bébé soir Blédiner 12 mois Pâtes tomate courgette - 2x200g","p":2.27,"u":"5,68 €/KG","img":"https://fd6-photos.leclercdrive.fr/image.ashx?id=2902966&use=l&cat=p&typeid=i","cat":312239},{"id":11196,"n":"Tarte Normande pommes 6/8 parts  670g","p":7.99,"u":"11,93 €/KG","img":"https://fd6-photos.leclercdrive.fr/image.ashx?id=588375&use=l&cat=p&typeid=i","cat":284360},{"id":11225,"n":"AOP Blaye Côtes de Bordeaux vin rouge Chantet Blanet - BIB 3L","p":11.99,"u":"4,00 €/L","img":"https://fd6-photos.leclercdrive.fr/image.ashx?id=2780719&use=l&cat=p&typeid=i","cat":289560},{"id":11292,"n":"AOC Clairette de Die Jaillance Esprit de terroirTradition 75cl","p":5.95,"u":"7,93 €/L","img":"https://fd6-photos.leclercdrive.fr/image.ashx?id=2453499&use=l&cat=p&typeid=i","cat":284545},{"id":11308,"n":"Couscous Tipiak - Grain moyen Prêt en 4 min - 1kg","p":1.82,"u":"1,82 €/KG","img":"https://fd6-photos.leclercdrive.fr/image.ashx?id=2947826&use=l&cat=p&typeid=i","cat":284429},{"id":11309,"n":"Fromage de Brebis Le Brebiou  Des Pyrénées - 180g","p":3.17,"u":"17,61 €/KG","img":"https://fd6-photos.leclercdrive.fr/image.ashx?id=2472855&use=l&cat=p&typeid=i","cat":314031},{"id":11365,"n":"Crème aux oeufs La Laitière Vanille - 4x100g","p":1.77,"u":"4,43 €/KG","img":"https://fd6-photos.leclercdrive.fr/image.ashx?id=3007987&use=l&cat=p&typeid=i","cat":284419},{"id":11391,"n":"Crème caramel Bonne Maman Aux oeufs frais - 4x100g","p":2.23,"u":"5,58 €/KG","img":"https://fd6-photos.leclercdrive.fr/image.ashx?id=1987563&use=l&cat=p&typeid=i","cat":284419},{"id":11455,"n":"Pasta Box Sodebo Tortellini Ricotta Épinards - 280g","p":2.77,"u":"9,89 €/KG","img":"https://fd6-photos.leclercdrive.fr/image.ashx?id=2919778&use=l&cat=p&typeid=i","cat":334983},{"id":11464,"n":"Pointe de brie Président Crémeux - 200g","p":1.99,"u":"9,95 €/KG","img":"https://fd6-photos.leclercdrive.fr/image.ashx?id=2029841&use=l&cat=p&typeid=i","cat":314033},{"id":11465,"n":"Beurre La Motte Président Demi-sel - 80%MG - 250g","p":3.19,"u":"12,76 €/KG","img":"https://fd6-photos.leclercdrive.fr/image.ashx?id=2896970&use=l&cat=p&typeid=i","cat":284379},{"id":11478,"n":"Ma Pièmontaise jambon Pierre Martinet - 500g","p":2.96,"u":"5,92 €/KG","img":"https://fd6-photos.leclercdrive.fr/image.ashx?id=2873937&use=l&cat=p&typeid=i","cat":333657},{"id":11490,"n":"Taboulé Pierre Martinet 5 légumes - 500g","p":2.64,"u":"5,28 €/KG","img":"https://fd6-photos.leclercdrive.fr/image.ashx?id=2877901&use=l&cat=p&typeid=i","cat":333657},{"id":11498,"n":"Lait Bio écrémé Lactel UHT Bouteille - 6x1l","p":10.08,"u":"1,68 €/L","img":"https://fd6-photos.leclercdrive.fr/image.ashx?id=2890986&use=l&cat=p&typeid=i","cat":284949},{"id":11499,"n":"Lait Bio entier Lactel UHT Bouteille - 6x1l","p":12.0,"u":"2,00 €/L","img":"https://fd6-photos.leclercdrive.fr/image.ashx?id=2892775&use=l&cat=p&typeid=i","cat":285610},{"id":11501,"n":"Yaourts Mamie Nova Cerise griotte - 2x150g","p":1.26,"u":"4,20 €/KG","img":"https://fd6-photos.leclercdrive.fr/image.ashx?id=2912245&use=l&cat=p&typeid=i","cat":284410},{"id":11503,"n":"Crème gourmande Mamie Nova Vanille bourbon 2x150g","p":1.65,"u":"5,50 €/KG","img":"https://fd6-photos.leclercdrive.fr/image.ashx?id=2909017&use=l&cat=p&typeid=i","cat":285041},{"id":11507,"n":"Yaourts Mamie Nova Noix de coco - 2x150g","p":1.37,"u":"4,57 €/KG","img":"https://fd6-photos.leclercdrive.fr/image.ashx?id=2888488&use=l&cat=p&typeid=i","cat":284410},{"id":11508,"n":"Lait céréales Blédidej 6 mois Biscuit  - 4x250ml","p":3.54,"u":"3,54 €/L","img":"https://fd6-photos.leclercdrive.fr/image.ashx?id=2921040&use=l&cat=p&typeid=i","cat":312226},{"id":11509,"n":"Feuille de brick Tablier Blanc 8 feuilles - 136g","p":0.77,"u":"5,66 €/KG","img":"https://fd6-photos.leclercdrive.fr/image.ashx?id=1938558&use=l&cat=p&typeid=i","cat":333681},{"id":11527,"n":"Essuie-tout blanc Mimosa Super absorbant - x6","p":3.74,"u":"0,62 €/P","img":"https://fd6-photos.leclercdrive.fr/image.ashx?id=2713262&use=l&cat=p&typeid=i","cat":284635},{"id":11530,"n":"Crème gourmande Mamie Nova Cappucino 2x150g","p":1.53,"u":"5,10 €/KG","img":"https://fd6-photos.leclercdrive.fr/image.ashx?id=2909023&use=l&cat=p&typeid=i","cat":285041},{"id":11561,"n":"Boisson sans alcool D'Artigny Classic - 75cl","p":3.28,"u":"4,37 €/L","img":"https://fd6-photos.leclercdrive.fr/image.ashx?id=2804430&use=l&cat=p&typeid=i","cat":289460},{"id":11562,"n":"Boisson sans alcool D'Artigny Pêche - 75cl","p":3.29,"u":"4,39 €/L","img":"https://fd6-photos.leclercdrive.fr/image.ashx?id=2854393&use=l&cat=p&typeid=i","cat":289460},{"id":11577,"n":"IGP Pays d'Oc rouge Bio Sauvignon Autrement - 75cl","p":5.8,"u":"7,73 €/L","img":"https://fd6-photos.leclercdrive.fr/image.ashx?id=2571470&use=l&cat=p&typeid=i","cat":289556},{"id":11578,"n":"Thermomètre Mercurochrome Electronique - 1 pièce","p":8.52,"img":"https://fd6-photos.leclercdrive.fr/image.ashx?id=2923660&use=l&cat=p&typeid=i","cat":284630},{"id":11587,"n":"Papier toilette Mimosa Rose - Ultra doux - x12","p":2.82,"u":"0,24 €/P","img":"https://fd6-photos.leclercdrive.fr/image.ashx?id=2790919&use=l&cat=p&typeid=i","cat":284634},{"id":11878,"n":"AOC Bordeaux vin rouge Chantet Blanet - BIB 3L","p":9.99,"u":"3,33 €/L","img":"https://fd6-photos.leclercdrive.fr/image.ashx?id=2708456&use=l&cat=p&typeid=i","cat":289560},{"id":11879,"n":"AOC Côtes du Rhône vin rouge Grégoire XI - BIB 3L","p":9.99,"u":"3,33 €/L","img":"https://fd6-photos.leclercdrive.fr/image.ashx?id=2714980&use=l&cat=p&typeid=i","cat":289560},{"id":11880,"n":"AOC Vouvray brut Les Caractères - 75cl","p":5.99,"u":"7,99 €/L","img":"https://fd6-photos.leclercdrive.fr/image.ashx?id=2801043&use=l&cat=p&typeid=i","cat":284544},{"id":11881,"n":"AOP Vouvray demi-sec Les Caractères - 75cl","p":5.99,"u":"7,99 €/L","img":"https://fd6-photos.leclercdrive.fr/image.ashx?id=2800264&use=l&cat=p&typeid=i","cat":284544},{"id":11882,"n":"AOC Bordeaux vin rosé Chantet Blanet - BIB 3L","p":11.49,"u":"3,83 €/L","img":"https://fd6-photos.leclercdrive.fr/image.ashx?id=2780716&use=l&cat=p&typeid=i","cat":289560},{"id":11883,"n":"IGP Côtes du Tarn Gamay Rouge Vieux Carion 12% vol - 75 cl","p":2.49,"u":"3,32 €/L","img":"https://fd6-photos.leclercdrive.fr/image.ashx?id=1928902&use=l&cat=p&typeid=i","cat":289556},{"id":11885,"n":"Fruits au sirop St Mamet Cocktail avec son jus - 3x125g","p":3.82,"u":"10,19 €/KG","img":"https://fd6-photos.leclercdrive.fr/image.ashx?id=2628440&use=l&cat=p&typeid=i","cat":284507},{"id":11886,"n":"IGP Pays d'Oc Gris vin rosé Rives & Terrasses 12.5% BIB 3L","p":8.49,"u":"2,83 €/L","img":"https://fd6-photos.leclercdrive.fr/image.ashx?id=2909383&use=l&cat=p&typeid=i","cat":289560},{"id":11888,"n":"AOC Crémant d'Alsace brut rosé Rebmann - 75 cl","p":5.95,"u":"7,93 €/L","img":"https://fd6-photos.leclercdrive.fr/image.ashx?id=2922497&use=l&cat=p&typeid=i","cat":284545},{"id":11895,"n":"AOC Côtes du Rhône vin rouge Grégoire XI - BIB 5L","p":16.49,"u":"3,30 €/L","img":"https://fd6-photos.leclercdrive.fr/image.ashx?id=2710774&use=l&cat=p&typeid=i","cat":289560},{"id":11900,"n":"Arôme naturel de vanille Vahiné 20ml","p":2.44,"u":"122,00 €/L","img":"https://fd6-photos.leclercdrive.fr/image.ashx?id=2559766&use=l&cat=p&typeid=i","cat":284504},{"id":11902,"n":"Arôme amande amère Vahiné 20ml","p":1.26,"u":"63,00 €/L","img":"https://fd6-photos.leclercdrive.fr/image.ashx?id=2559769&use=l&cat=p&typeid=i","cat":284504},{"id":11903,"n":"Arôme naturel de citron Vahiné 20ml","p":1.32,"u":"66,00 €/L","img":"https://fd6-photos.leclercdrive.fr/image.ashx?id=2559772&use=l&cat=p&typeid=i","cat":284504},{"id":11906,"n":"Nappage caramel Vahiné 700g","p":3.47,"u":"4,96 €/KG","img":"https://fd6-photos.leclercdrive.fr/image.ashx?id=2983234&use=l&cat=p&typeid=i","cat":284504},{"id":11908,"n":"Perles multicolores Vahiné 80g","p":1.64,"u":"20,50 €/KG","img":"https://fd6-photos.leclercdrive.fr/image.ashx?id=2524308&use=l&cat=p&typeid=i","cat":284504},{"id":11910,"n":"Colorant alimentaire Vahiné Assortiment x3","p":1.56,"u":"0,52 €/P","img":"https://fd6-photos.leclercdrive.fr/image.ashx?id=2939352&use=l&cat=p&typeid=i","cat":284504},{"id":11917,"n":"Crayon pâtissier Vahiné x1","p":1.58,"img":"https://fd6-photos.leclercdrive.fr/image.ashx?id=2983240&use=l&cat=p&typeid=i","cat":284504},{"id":12000,"n":"Couscous Comptoir du Grain Grain moyen - 5x100g","p":0.84,"u":"1,68 €/KG","img":"https://fd6-photos.leclercdrive.fr/image.ashx?id=3012815&use=l&cat=p&typeid=i","cat":284429},{"id":12012,"n":"Riz Vivien Paille superfino Spécial risotto - 1kg","p":3.16,"u":"3,16 €/KG","img":"https://fd6-photos.leclercdrive.fr/image.ashx?id=2280296&use=l&cat=p&typeid=i","cat":284428},{"id":12014,"n":"Riz Basmati Vivien Paille 1kg","p":3.69,"u":"3,69 €/KG","img":"https://fd6-photos.leclercdrive.fr/image.ashx?id=2326361&use=l&cat=p&typeid=i","cat":284428},{"id":12017,"n":"Riz rond Vivien Paille dessert Perliz cello - 1kg","p":2.42,"u":"2,42 €/KG","img":"https://fd6-photos.leclercdrive.fr/image.ashx?id=2284082&use=l&cat=p&typeid=i","cat":284428},{"id":12078,"n":"Pâte à tartiner Nustikao 400g","p":1.83,"u":"4,58 €/KG","img":"https://fd6-photos.leclercdrive.fr/image.ashx?id=2856411&use=l&cat=p&typeid=i","cat":284481},{"id":12080,"n":"Boisson énergisante X-tense Canette - 25cl","p":0.39,"u":"1,56 €/L","img":"https://fd6-photos.leclercdrive.fr/image.ashx?id=2956041&use=l&cat=p&typeid=i","cat":284533},{"id":12102,"n":"Roquette Notre Jardin  - 125g","p":1.42,"u":"11,36 €/KG","img":"https://fd6-photos.leclercdrive.fr/image.ashx?id=2720157&use=l&cat=p&typeid=i","cat":284353},{"id":12122,"n":"Vermicelles de riz Suzi Wan 250g","p":2.07,"u":"8,28 €/KG","img":"https://fd6-photos.leclercdrive.fr/image.ashx?id=3002183&use=l&cat=p&typeid=i","cat":288992},{"id":12131,"n":"Crème coco Suzi Wan 200ml","p":1.28,"u":"6,40 €/L","img":"https://fd6-photos.leclercdrive.fr/image.ashx?id=2886250&use=l&cat=p&typeid=i","cat":288992},{"id":12152,"n":"Oeufs frais Bio Matines Plein Air - x6","p":2.71,"u":"0,45 €/P","img":"https://fd6-photos.leclercdrive.fr/image.ashx?id=2432307&use=l&cat=p&typeid=i","cat":284378},{"id":12170,"n":"AOP Bordeaux rosé Baron de Lestac - 75cl","p":3.28,"u":"4,37 €/L","img":"https://fd6-photos.leclercdrive.fr/image.ashx?id=2179368&use=l&cat=p&typeid=i","cat":289558},{"id":12235,"n":"Tapenade olives vertes NRT 90g","p":1.84,"u":"20,44 €/KG","img":"https://fd6-photos.leclercdrive.fr/image.ashx?id=2839986&use=l&cat=p&typeid=i","cat":284451},{"id":12236,"n":"Spaghetti d'Alsace NRT 250g","p":1.39,"u":"5,56 €/KG","img":"https://fd6-photos.leclercdrive.fr/image.ashx?id=2839983&use=l&cat=p&typeid=i","cat":284427},{"id":12239,"n":"Rillettes de sardine NRT 125g","p":2.49,"u":"19,92 €/KG","img":"https://fd6-photos.leclercdrive.fr/image.ashx?id=2782801&use=l&cat=p&typeid=i","cat":305146},{"id":12241,"n":"Pâte à pizza Tablier Blanc Herbes de Provence - 500g","p":1.99,"u":"3,98 €/KG","img":"https://fd6-photos.leclercdrive.fr/image.ashx?id=1731164&use=l&cat=p&typeid=i","cat":333681},{"id":12242,"n":"Rillettes de saumon MSC Ronde des mers - 150g","p":1.99,"u":"13,27 €/KG","img":"https://fd6-photos.leclercdrive.fr/image.ashx?id=2552424&use=l&cat=p&typeid=i","cat":285191},{"id":12243,"n":"Rillettes de thon MSC Ronde des mers - 150g","p":1.99,"u":"13,27 €/KG","img":"https://fd6-photos.leclercdrive.fr/image.ashx?id=2644873&use=l&cat=p&typeid=i","cat":285191},{"id":12245,"n":"Galettes Bretonnes P'tit Déli Pépites chocolat 130g","p":1.34,"u":"10,31 €/KG","img":"https://fd6-photos.leclercdrive.fr/image.ashx?id=2387973&use=l&cat=p&typeid=i","cat":284487},{"id":12249,"n":"Torsades d'Alsace NRT 250g","p":1.39,"u":"5,56 €/KG","img":"https://fd6-photos.leclercdrive.fr/image.ashx?id=2839980&use=l&cat=p&typeid=i","cat":284427},{"id":12258,"n":"Gros sel de l'Ile de Ré NRT Sachet -1kg","p":1.69,"u":"1,69 €/KG","img":"https://fd6-photos.leclercdrive.fr/image.ashx?id=2802879&use=l&cat=p&typeid=i","cat":284457},{"id":12259,"n":"Fromage Mimolette vieille NRT  Label Rouge  - 200g","p":3.65,"u":"18,25 €/KG","img":"https://fd6-photos.leclercdrive.fr/image.ashx?id=2934829&use=l&cat=p&typeid=i","cat":314034},{"id":12261,"n":"Double concentré tomates Turini 3X70g","p":2.15,"u":"10,24 €/KG","img":"https://fd6-photos.leclercdrive.fr/image.ashx?id=2623962&use=l&cat=p&typeid=i","cat":288384},{"id":12331,"n":"Bonbons Fisherman's Friend Eucalyptus - 3x25g","p":2.01,"u":"26,80 €/KG","img":"https://fd6-photos.leclercdrive.fr/image.ashx?id=2654026&use=l&cat=p&typeid=i","cat":304256},{"id":12342,"n":"Sucettes Chupa Chups Fresh cola - 192g","p":2.34,"u":"12,19 €/KG","img":"https://fd6-photos.leclercdrive.fr/image.ashx?id=2149489&use=l&cat=p&typeid=i","cat":304252},{"id":12362,"n":"Thon entier Pêche Océan Naturel - 2x140g","p":3.75,"u":"13,39 €/KG","img":"https://fd6-photos.leclercdrive.fr/image.ashx?id=2941420&use=l&cat=p&typeid=i","cat":303867},{"id":12363,"n":"Thon entier Pêche Océan Naturel - 3x93g","p":3.99,"u":"14,30 €/KG","img":"https://fd6-photos.leclercdrive.fr/image.ashx?id=2941408&use=l&cat=p&typeid=i","cat":303867},{"id":12365,"n":"Couscous royal Côté Table Volaille et merguez 980g","p":3.69,"u":"3,77 €/KG","img":"https://fd6-photos.leclercdrive.fr/image.ashx?id=2977144&use=l&cat=p&typeid=i","cat":325094},{"id":12373,"n":"Moutarde Rustica Mi-forte - 415g","p":1.28,"u":"3,08 €/KG","img":"https://fd6-photos.leclercdrive.fr/image.ashx?id=1961437&use=l&cat=p&typeid=i","cat":288850},{"id":12374,"n":"Purée de tomates Turini 3x200g","p":1.19,"u":"1,98 €/KG","img":"https://fd6-photos.leclercdrive.fr/image.ashx?id=2174684&use=l&cat=p&typeid=i","cat":288384},{"id":12380,"n":"Infusion Tiséa Digestion facilitée x25","p":0.99,"u":"24,75 €/KG","img":"https://fd6-photos.leclercdrive.fr/image.ashx?id=2696253&use=l&cat=p&typeid=i","cat":293234},{"id":12384,"n":"Thon entier Pêche Océan Huile de tournesol - 3x80g","p":2.49,"u":"10,38 €/KG","img":"https://fd6-photos.leclercdrive.fr/image.ashx?id=2941405&use=l&cat=p&typeid=i","cat":303867},{"id":12391,"n":"Sirop Frucci Fraise - 1L","p":3.5,"u":"3,50 €/L","img":"https://fd6-photos.leclercdrive.fr/image.ashx?id=2954076&use=l&cat=p&typeid=i","cat":295020},{"id":12394,"n":"Nectar Jafaden Abricot - 4x20cl","p":2.68,"u":"3,35 €/L","img":"https://fd6-photos.leclercdrive.fr/image.ashx?id=2955674&use=l&cat=p&typeid=i","cat":284524},{"id":12396,"n":"100% Pur jus de tomate Jafaden - 4x20cl","p":2.32,"u":"2,90 €/L","img":"https://fd6-photos.leclercdrive.fr/image.ashx?id=2562858&use=l&cat=p&typeid=i","cat":284523},{"id":12397,"n":"Vin mousseux d'Union Européenne Brut Blazer - 75 cl","p":3.15,"u":"4,20 €/L","img":"https://fd6-photos.leclercdrive.fr/image.ashx?id=2623950&use=l&cat=p&typeid=i","cat":284544},{"id":12398,"n":"Vin mousseux d'Union Européenne  Demi-sec Blazer - 75cl","p":3.19,"u":"4,25 €/L","img":"https://fd6-photos.leclercdrive.fr/image.ashx?id=2623953&use=l&cat=p&typeid=i","cat":284544},{"id":12399,"n":"Apéritif anisé Cantanis Sans alcool - 1L","p":2.25,"u":"2,25 €/L","img":"https://fd6-photos.leclercdrive.fr/image.ashx?id=2520011&use=l&cat=p&typeid=i","cat":284549},{"id":12402,"n":"Crème de mûres Auguste Muniot 15%vol. - 50cl","p":4.58,"u":"9,16 €/L","img":"https://fd6-photos.leclercdrive.fr/image.ashx?id=2541525&use=l&cat=p&typeid=i","cat":286032},{"id":12421,"n":"Vinaigre de vin Rustica Aromatisé Framboise - 50cl","p":1.99,"u":"3,98 €/L","img":"https://fd6-photos.leclercdrive.fr/image.ashx?id=2142181&use=l&cat=p&typeid=i","cat":298543},{"id":12422,"n":"Jus de citron vert Rustica 2x12,5cll","p":1.31,"u":"5,24 €/L","img":"https://fd6-photos.leclercdrive.fr/image.ashx?id=2974789&use=l&cat=p&typeid=i","cat":288383},{"id":12426,"n":"Pâtes Cheveux d'anges Turini 1kg","p":1.61,"u":"1,61 €/KG","img":"https://fd6-photos.leclercdrive.fr/image.ashx?id=2980788&use=l&cat=p&typeid=i","cat":284427},{"id":12437,"n":"Sel fin de l'île de Ré NRT 250g","p":1.35,"u":"5,40 €/KG","img":"https://fd6-photos.leclercdrive.fr/image.ashx?id=2644909&use=l&cat=p&typeid=i","cat":284457},{"id":12438,"n":"Vinaigre Balsamique MAILLE Velours de Modène - 25cl","p":3.34,"u":"13,36 €/L","img":"https://fd6-photos.leclercdrive.fr/image.ashx?id=2889994&use=l&cat=p&typeid=i","cat":298543},{"id":12441,"n":"Moutarde Amora Fine et douce  - 435g","p":1.74,"u":"4,00 €/KG","img":"https://fd6-photos.leclercdrive.fr/image.ashx?id=2507608&use=l&cat=p&typeid=i","cat":288850},{"id":12453,"n":"Soda Jean's Cola sans Caféine Zéro - Bouteille - 1,5L","p":0.96,"u":"0,64 €/L","img":"https://fd6-photos.leclercdrive.fr/image.ashx?id=2637865&use=l&cat=p&typeid=i","cat":284530},{"id":12464,"n":"Soda Jean's Cola Zéro Bouteille - 1,5L","p":0.45,"u":"0,30 €/L","img":"https://fd6-photos.leclercdrive.fr/image.ashx?id=2637883&use=l&cat=p&typeid=i","cat":284530},{"id":12467,"n":"Jus multifruits Jafaden Pur jus - 1L","p":1.99,"u":"1,99 €/L","img":"https://fd6-photos.leclercdrive.fr/image.ashx?id=2958705&use=l&cat=p&typeid=i","cat":284917},{"id":12469,"n":"100% Pur jus d'orange Jafaden  Sans pulpe - 1L","p":1.99,"u":"1,99 €/L","img":"https://fd6-photos.leclercdrive.fr/image.ashx?id=2842477&use=l&cat=p&typeid=i","cat":284521},{"id":12470,"n":"Pur Jus de raisin Bio Village Bio - 1L","p":2.29,"u":"2,29 €/L","img":"https://fd6-photos.leclercdrive.fr/image.ashx?id=2901518&use=l&cat=p&typeid=i","cat":284915},{"id":12471,"n":"Thon entier Pêche Océan Huile de tournesol - 160g","p":1.63,"u":"10,19 €/KG","img":"https://fd6-photos.leclercdrive.fr/image.ashx?id=2941399&use=l&cat=p&typeid=i","cat":303867},{"id":12477,"n":"Cassoulet Saucisse de Toulouse Côté Table - 420g","p":2.11,"u":"5,02 €/KG","img":"https://fd6-photos.leclercdrive.fr/image.ashx?id=2977861&use=l&cat=p&typeid=i","cat":284440},{"id":12501,"n":"Café soluble Plantation Sélection - 200g","p":4.53,"u":"22,65 €/KG","img":"https://fd6-photos.leclercdrive.fr/image.ashx?id=2834266&use=l&cat=p&typeid=i","cat":284843},{"id":12506,"n":"Marshmallows Copains Copines Vanille 300g","p":1.25,"u":"4,17 €/KG","img":"https://fd6-photos.leclercdrive.fr/image.ashx?id=2934646&use=l&cat=p&typeid=i","cat":304250},{"id":12512,"n":"Vinaigre de vin aux noix Maille - 50cl","p":1.88,"u":"3,76 €/L","img":"https://fd6-photos.leclercdrive.fr/image.ashx?id=2875999&use=l&cat=p&typeid=i","cat":298543},{"id":12513,"n":"Cornichons Maille Malossol A la russe 440g","p":3.59,"u":"8,16 €/KG","img":"https://fd6-photos.leclercdrive.fr/image.ashx?id=2076023&use=l&cat=p&typeid=i","cat":284458},{"id":12517,"n":"Fritelle Lay's Goût bacon  - 80g","p":0.92,"u":"11,50 €/KG","img":"https://fd6-photos.leclercdrive.fr/image.ashx?id=2138479&use=l&cat=p&typeid=i","cat":284449},{"id":12521,"n":"Miettes de thon Pêche Océan Huile de tournesol - 3x80g","p":2.35,"u":"9,79 €/KG","img":"https://fd6-photos.leclercdrive.fr/image.ashx?id=2943608&use=l&cat=p&typeid=i","cat":303867},{"id":12527,"n":"Chocolat Pâtissier Tablette dOr Noir - 200g","p":1.79,"u":"8,95 €/KG","img":"https://fd6-photos.leclercdrive.fr/image.ashx?id=2723356&use=l&cat=p&typeid=i","cat":285562},{"id":12529,"n":"Moutarde de Dijon Rustica  195g","p":1.25,"u":"6,41 €/KG","img":"https://fd6-photos.leclercdrive.fr/image.ashx?id=2954334&use=l&cat=p&typeid=i","cat":288850},{"id":12532,"n":"Café en grains Plantation Tradition - 1kg","p":10.15,"u":"10,15 €/KG","img":"https://fd6-photos.leclercdrive.fr/image.ashx?id=2856405&use=l&cat=p&typeid=i","cat":293237},{"id":12534,"n":"Café moulu Plantation  Fruité & délicat déca - 250g","p":3.69,"u":"14,76 €/KG","img":"https://fd6-photos.leclercdrive.fr/image.ashx?id=2856402&use=l&cat=p&typeid=i","cat":284750},{"id":12549,"n":"Rasoirs jetables Venus Gillette Simply Venus 2 - x10","p":3.5,"u":"0,35 €/P","img":"https://fd6-photos.leclercdrive.fr/image.ashx?id=2881789&use=l&cat=p&typeid=i","cat":325352},{"id":12551,"n":"Raviolis légumes Bio Village Bio - 700g","p":2.53,"u":"3,61 €/KG","img":"https://fd6-photos.leclercdrive.fr/image.ashx?id=2717252&use=l&cat=p&typeid=i","cat":284442},{"id":12555,"n":"Mogette cuite au naturel NRT De Vendée - 530g","p":3.19,"u":"6,02 €/KG","img":"https://fd6-photos.leclercdrive.fr/image.ashx?id=2771025&use=l&cat=p&typeid=i","cat":312606},{"id":12557,"n":"Vinaigrette Rustica Echalote - 50cl","p":1.27,"u":"2,54 €/L","img":"https://fd6-photos.leclercdrive.fr/image.ashx?id=1972901&use=l&cat=p&typeid=i","cat":284456},{"id":12564,"n":"Châtaignes Notre Jardin Entières - 420g","p":5.09,"u":"12,12 €/KG","img":"https://fd6-photos.leclercdrive.fr/image.ashx?id=2263146&use=l&cat=p&typeid=i","cat":312612},{"id":12565,"n":"Haricots beurre Notre Jardin Extra fins - 220g","p":1.88,"u":"8,55 €/KG","img":"https://fd6-photos.leclercdrive.fr/image.ashx?id=2988039&use=l&cat=p&typeid=i","cat":312606},{"id":12566,"n":"Sel régénérant Eco+ 4kg","p":2.04,"u":"0,51 €/KG","img":"https://fd6-photos.leclercdrive.fr/image.ashx?id=2865236&use=l&cat=p&typeid=i","cat":284657},{"id":12573,"n":"Eponges Mamison salle de bain Décorées x2","p":0.99,"u":"0,50 €/P","img":"https://fd6-photos.leclercdrive.fr/image.ashx?id=2199055&use=l&cat=p&typeid=i","cat":284667},{"id":12581,"n":"Soupe Déshydratée Thaï KNORR Nouilles & Champignons - 70cl","p":1.35,"u":"1,93 €/L","img":"https://fd6-photos.leclercdrive.fr/image.ashx?id=2772554&use=l&cat=p&typeid=i","cat":284463},{"id":12584,"n":"Pain grillé bio Bio Village Blé complet x12 - 250g","p":1.77,"u":"7,08 €/KG","img":"https://fd6-photos.leclercdrive.fr/image.ashx?id=2619749&use=l&cat=p&typeid=i","cat":284479},{"id":12587,"n":"Compote Douceur du Verger Gourdes multivariétés - 12x90g","p":3.93,"u":"3,64 €/KG","img":"https://fd6-photos.leclercdrive.fr/image.ashx?id=2837036&use=l&cat=p&typeid=i","cat":284508},{"id":12588,"n":"Sel régénérant Visior Lave-vaisselle - 4x1kg","p":2.69,"u":"0,67 €/KG","img":"https://fd6-photos.leclercdrive.fr/image.ashx?id=2463401&use=l&cat=p&typeid=i","cat":284657},{"id":12591,"n":"Soupe déshydratée Knorr 9 légumes - 75cl","p":0.94,"u":"1,25 €/L","img":"https://fd6-photos.leclercdrive.fr/image.ashx?id=2790585&use=l&cat=p&typeid=i","cat":284463},{"id":12593,"n":"Soupe déshydratée Knorr 9 légumes - 105g","p":0.93,"u":"8,86 €/KG","img":"https://fd6-photos.leclercdrive.fr/image.ashx?id=2875930&use=l&cat=p&typeid=i","cat":284463},{"id":12601,"n":"Oignon Rustica Coupés - 100g","p":2.14,"u":"21,40 €/KG","img":"https://fd6-photos.leclercdrive.fr/image.ashx?id=2365466&use=l&cat=p&typeid=i","cat":319804},{"id":12602,"n":"Ciboulette Rustica Coupé - 50g","p":1.65,"u":"33,00 €/KG","img":"https://fd6-photos.leclercdrive.fr/image.ashx?id=2365460&use=l&cat=p&typeid=i","cat":319804},{"id":12605,"n":"Cornichons Maille Le Mini 210g","p":2.78,"u":"13,24 €/KG","img":"https://fd6-photos.leclercdrive.fr/image.ashx?id=2877310&use=l&cat=p&typeid=i","cat":284458},{"id":12606,"n":"Marmite bouillon Knorr Poule - 224g","p":2.02,"u":"9,02 €/KG","img":"https://fd6-photos.leclercdrive.fr/image.ashx?id=2960288&use=l&cat=p&typeid=i","cat":288379},{"id":12611,"n":"Crozets au Sarrasin NRT 400g","p":2.3,"u":"5,75 €/KG","img":"https://fd6-photos.leclercdrive.fr/image.ashx?id=2856220&use=l&cat=p&typeid=i","cat":284427},{"id":12634,"n":"Olives de Nyons AOP NRT Noires - 230g","p":3.48,"u":"15,13 €/KG","img":"https://fd6-photos.leclercdrive.fr/image.ashx?id=2704888&use=l&cat=p&typeid=i","cat":284458},{"id":12669,"n":"Sauce Burger AMORA 260g","p":1.57,"u":"6,04 €/KG","img":"https://fd6-photos.leclercdrive.fr/image.ashx?id=2893853&use=l&cat=p&typeid=i","cat":318431},{"id":12670,"n":"Basilic Rustica Coupé - 50g","p":1.69,"u":"33,80 €/KG","img":"https://fd6-photos.leclercdrive.fr/image.ashx?id=2365463&use=l&cat=p&typeid=i","cat":319804},{"id":12674,"n":"Nids d'Alsace NRT 250g","p":1.39,"u":"5,56 €/KG","img":"https://fd6-photos.leclercdrive.fr/image.ashx?id=2839968&use=l&cat=p&typeid=i","cat":284427},{"id":12675,"n":"Pizza Cuite sur pierre Turini 4 fromages - 400g","p":2.71,"u":"6,78 €/KG","img":"https://fd6-photos.leclercdrive.fr/image.ashx?id=2815229&use=l&cat=p&typeid=i","cat":284256},{"id":12676,"n":"Pizza Cuite sur pierre Turini Chorizo - 400g","p":2.69,"u":"6,73 €/KG","img":"https://fd6-photos.leclercdrive.fr/image.ashx?id=2815226&use=l&cat=p&typeid=i","cat":284256},{"id":12680,"n":"Filets d'Anchois Pêche Océan Marinés à l'Orientale - 100g","p":1.99,"u":"19,90 €/KG","img":"https://fd6-photos.leclercdrive.fr/image.ashx?id=1671726&use=l&cat=p&typeid=i","cat":285190},{"id":12684,"n":"Filets d'Anchois Pêche Océan Marinés à la provençale - 100g","p":1.99,"u":"19,90 €/KG","img":"https://fd6-photos.leclercdrive.fr/image.ashx?id=2993567&use=l&cat=p&typeid=i","cat":285190},{"id":12685,"n":"Biscuit P'tit Beurres chocolait P'tit Déli 268g","p":2.69,"u":"10,04 €/KG","img":"https://fd6-photos.leclercdrive.fr/image.ashx?id=2473975&use=l&cat=p&typeid=i","cat":284488},{"id":12702,"n":"Poisson pané Pêche Océan Tomate - MSC - x8 - 600g","p":4.29,"u":"7,15 €/KG","img":"https://fd6-photos.leclercdrive.fr/image.ashx?id=2930111&use=l&cat=p&typeid=i","cat":319788},{"id":12706,"n":"Dentifrice Dentamyl Soin complet 75ml","p":0.76,"u":"10,13 €/L","img":"https://fd6-photos.leclercdrive.fr/image.ashx?id=2276480&use=l&cat=p&typeid=i","cat":284612},{"id":12712,"n":"Sauce Poivrons Aubergine Turini 190g","p":1.79,"u":"9,42 €/KG","img":"https://fd6-photos.leclercdrive.fr/image.ashx?id=2478474&use=l&cat=p&typeid=i","cat":287599},{"id":12733,"n":"Bacon Herta superposé x15 150g","p":2.08,"u":"13,87 €/KG","img":"https://fd6-photos.leclercdrive.fr/image.ashx?id=2889325&use=l&cat=p&typeid=i","cat":316007},{"id":12735,"n":"Croque-chèvre Côté Croc 2x100g","p":1.99,"u":"9,95 €/KG","img":"https://fd6-photos.leclercdrive.fr/image.ashx?id=2885125&use=l&cat=p&typeid=i","cat":333671},{"id":12741,"n":"Emmental fromage râpé bio Bio village - 100g","p":1.49,"u":"14,90 €/KG","img":"https://fd6-photos.leclercdrive.fr/image.ashx?id=2757942&use=l&cat=p&typeid=i","cat":314035},{"id":12772,"n":"Boisson Jafaden Cranberry - 1L","p":1.92,"u":"1,92 €/L","img":"https://fd6-photos.leclercdrive.fr/image.ashx?id=2591394&use=l&cat=p&typeid=i","cat":284915},{"id":12794,"n":"Foie gras Pierre de Chaumeyrac IGP Entier du Sud Ouest - 240g","p":20.9,"u":"87,08 €/KG","img":"https://fd6-photos.leclercdrive.fr/image.ashx?id=2995986&use=l&cat=p&typeid=i","cat":316008},{"id":12816,"n":"Dentifrice blancheur Dentamyl Soin complet 75ml","p":0.98,"u":"13,07 €/L","img":"https://fd6-photos.leclercdrive.fr/image.ashx?id=2489110&use=l&cat=p&typeid=i","cat":284612},{"id":12916,"n":"Infusion bio Bio Village Digestion x20 - 30g","p":1.55,"u":"51,67 €/KG","img":"https://fd6-photos.leclercdrive.fr/image.ashx?id=2696286&use=l&cat=p&typeid=i","cat":293234},{"id":12917,"n":"Infusion bio Bio Village Pour le soir x20 - 30g","p":1.75,"u":"58,33 €/KG","img":"https://fd6-photos.leclercdrive.fr/image.ashx?id=2854261&use=l&cat=p&typeid=i","cat":293234},{"id":12925,"n":"Délice de tomates séchées NRT à la provençale - 90g","p":2.2,"u":"24,44 €/KG","img":"https://fd6-photos.leclercdrive.fr/image.ashx?id=2991163&use=l&cat=p&typeid=i","cat":315999},{"id":12926,"n":"Caviar d'aubergines NRT à la provençale - 90g","p":2.09,"u":"23,22 €/KG","img":"https://fd6-photos.leclercdrive.fr/image.ashx?id=2991160&use=l&cat=p&typeid=i","cat":315999},{"id":12927,"n":"Tapenade verte NRT à la provençale - 90g","p":2.5,"u":"27,78 €/KG","img":"https://fd6-photos.leclercdrive.fr/image.ashx?id=2991154&use=l&cat=p&typeid=i","cat":315999},{"id":12928,"n":"Tapenade noire NRT à la provençale - 90g","p":2.5,"u":"27,78 €/KG","img":"https://fd6-photos.leclercdrive.fr/image.ashx?id=2991085&use=l&cat=p&typeid=i","cat":315999},{"id":12930,"n":"Mélange forestier Notre Jardin 450g","p":2.56,"u":"5,69 €/KG","img":"https://fd6-photos.leclercdrive.fr/image.ashx?id=825783&use=l&cat=p&typeid=i","cat":319823},{"id":12965,"n":"Crêpes dentelles chocolat NRT 100g","p":1.82,"u":"18,20 €/KG","img":"https://fd6-photos.leclercdrive.fr/image.ashx?id=2770265&use=l&cat=p&typeid=i","cat":284490},{"id":12966,"n":"Assortiment biscuits fins P'tit Déli 200g","p":2.39,"u":"11,95 €/KG","img":"https://fd6-photos.leclercdrive.fr/image.ashx?id=2554578&use=l&cat=p&typeid=i","cat":284490},{"id":13072,"n":"Pâte de fruits Jacquot Grand Verger- 1kg","p":6.25,"u":"6,25 €/KG","img":"https://fd6-photos.leclercdrive.fr/image.ashx?id=2855175&use=l&cat=p&typeid=i","cat":327606},{"id":13204,"n":"Cahier TP Esquisse Vert anis Vert - 24x32cm -120p","p":2.49,"img":"https://fd6-photos.leclercdrive.fr/image.ashx?id=1928809&use=l&cat=p&typeid=i","cat":284697},{"id":13206,"n":"Feuilles simples Esquisse Perforées 17x22cm x200","p":1.4,"u":"0,01 €/P","img":"https://fd6-photos.leclercdrive.fr/image.ashx?id=1928761&use=l&cat=p&typeid=i","cat":284697},{"id":13246,"n":"Cartouches encre noir Esquisse Courtes x30","p":0.99,"img":"https://fd6-photos.leclercdrive.fr/image.ashx?id=1188603&use=l&cat=p&typeid=i","cat":284696},{"id":13291,"n":"Mini gomme encre Esquisse Double usage - x2","p":0.79,"u":"0,40 €/P","img":"https://fd6-photos.leclercdrive.fr/image.ashx?id=1701966&use=l&cat=p&typeid=i","cat":334133},{"id":13300,"n":"Tube de colle liquide Esquisse Transparente gel - 30ml","p":1.1,"u":"36,67 €/L","img":"https://fd6-photos.leclercdrive.fr/image.ashx?id=1928779&use=l&cat=p&typeid=i","cat":334133},{"id":13308,"n":"Chemises Esquisse 24x32cm x15","p":3.3,"img":"https://fd6-photos.leclercdrive.fr/image.ashx?id=1678706&use=l&cat=p&typeid=i","cat":284745},{"id":13342,"n":"Thon entier Le Savoureux Huile d'olive - 160g","p":3.24,"u":"20,25 €/KG","img":"https://fd6-photos.leclercdrive.fr/image.ashx?id=2960159&use=l&cat=p&typeid=i","cat":303867},{"id":13350,"n":"Pâté Hénaff 260g","p":3.42,"u":"13,15 €/KG","img":"https://fd6-photos.leclercdrive.fr/image.ashx?id=2662178&use=l&cat=p&typeid=i","cat":305149},{"id":13356,"n":"IGP Fleur de sel Le Guérandais Tradition -  125g","p":2.97,"u":"23,76 €/KG","img":"https://fd6-photos.leclercdrive.fr/image.ashx?id=2457881&use=l&cat=p&typeid=i","cat":284457},{"id":13425,"n":"Beurre Moulé Paysan Breton Demi-sel - 80% MG - 500g","p":6.25,"u":"12,50 €/KG","img":"https://fd6-photos.leclercdrive.fr/image.ashx?id=2774499&use=l&cat=p&typeid=i","cat":284379},{"id":13428,"n":"Beurre Moulé Paysan Breton Demi-sel - 80% MG - 125g","p":1.76,"u":"14,08 €/KG","img":"https://fd6-photos.leclercdrive.fr/image.ashx?id=2939766&use=l&cat=p&typeid=i","cat":284379},{"id":13429,"n":"Mini-beurre Paysan Breton Demi-sel x20 - 82%MG - 200g","p":3.08,"u":"15,40 €/KG","img":"https://fd6-photos.leclercdrive.fr/image.ashx?id=2774571&use=l&cat=p&typeid=i","cat":284379},{"id":13434,"n":"Dessert Empresure Malo Chocolat - 4x125g","p":1.9,"u":"3,80 €/KG","img":"https://fd6-photos.leclercdrive.fr/image.ashx?id=2842684&use=l&cat=p&typeid=i","cat":285041},{"id":13440,"n":"Purée de fruit NATURNES Fruits du verger 6M+ - 4x130g","p":2.25,"u":"4,33 €/KG","img":"https://fd6-photos.leclercdrive.fr/image.ashx?id=2478387&use=l&cat=p&typeid=i","cat":312388},{"id":13464,"n":"Tripoux aveyronnais NRT 400g","p":5.46,"u":"13,65 €/KG","img":"https://fd6-photos.leclercdrive.fr/image.ashx?id=2723225&use=l&cat=p&typeid=i","cat":284441},{"id":13503,"n":"Biscottes bio Bio Village Au germe de blé x36 - 300g","p":1.99,"u":"6,63 €/KG","img":"https://fd6-photos.leclercdrive.fr/image.ashx?id=2634881&use=l&cat=p&typeid=i","cat":284479},{"id":13506,"n":"Gâteau Creusois NRT Noisettes - 350g","p":4.49,"u":"12,83 €/KG","img":"https://fd6-photos.leclercdrive.fr/image.ashx?id=1541962&use=l&cat=p&typeid=i","cat":293600},{"id":13532,"n":"Purée pomme de terre Pom'lisse Saveur d'antan - 4x125g - 500g","p":2.49,"u":"4,98 €/KG","img":"https://fd6-photos.leclercdrive.fr/image.ashx?id=2929867&use=l&cat=p&typeid=i","cat":284431},{"id":13559,"n":"Thé breakfast Britley 50 sachets - 100g","p":1.22,"u":"12,20 €/KG","img":"https://fd6-photos.leclercdrive.fr/image.ashx?id=2645906&use=l&cat=p&typeid=i","cat":293233},{"id":13585,"n":"Fleur de sel de l'Ile de Ré NRT 125g","p":2.49,"u":"19,92 €/KG","img":"https://fd6-photos.leclercdrive.fr/image.ashx?id=2644915&use=l&cat=p&typeid=i","cat":284457},{"id":13589,"n":"Fromage Brillat Savarin NRT  IGP - 200g","p":3.39,"u":"16,95 €/KG","img":"https://fd6-photos.leclercdrive.fr/image.ashx?id=2771064&use=l&cat=p&typeid=i","cat":329558},{"id":13590,"n":"Profiteroles Trofic Crème glacée vanille 280g","p":3.7,"u":"13,21 €/KG","img":"https://fd6-photos.leclercdrive.fr/image.ashx?id=1513947&use=l&cat=p&typeid=i","cat":284267},{"id":13593,"n":"Kouign Amann breton NRT Pur beurre - 400g","p":4.99,"u":"12,48 €/KG","img":"https://fd6-photos.leclercdrive.fr/image.ashx?id=2622317&use=l&cat=p&typeid=i","cat":293600},{"id":13604,"n":"Poissons panés au fromage Pêche Océan MSC - 180g","p":1.89,"u":"10,50 €/KG","img":"https://fd6-photos.leclercdrive.fr/image.ashx?id=2953608&use=l&cat=p&typeid=i","cat":284344},{"id":13605,"n":"Panés de colin Pêche Océan Colin d'Alaska - 200g","p":1.99,"u":"9,95 €/KG","img":"https://fd6-photos.leclercdrive.fr/image.ashx?id=2953605&use=l&cat=p&typeid=i","cat":284344},{"id":13609,"n":"Bière du Nord NRT Ambrée - 7° - 6x25cl","p":4.84,"u":"3,23 €/L","img":"https://fd6-photos.leclercdrive.fr/image.ashx?id=2663842&use=l&cat=p&typeid=i","cat":334872},{"id":13614,"n":"Feuilles simples Eco+ x400 Seyes - 21x29.7cm","p":2.29,"img":"https://fd6-photos.leclercdrive.fr/image.ashx?id=1928704&use=l&cat=p&typeid=i","cat":284697},{"id":13639,"n":"Nougat tendre de Montélimar NRT  sachet 200g","p":3.49,"u":"17,45 €/KG","img":"https://fd6-photos.leclercdrive.fr/image.ashx?id=1072714&use=l&cat=p&typeid=i","cat":304249},{"id":13643,"n":"Biscuits nappés Bio Village Bio Chocolat au lait 200g","p":2.43,"u":"12,15 €/KG","img":"https://fd6-photos.leclercdrive.fr/image.ashx?id=1937516&use=l&cat=p&typeid=i","cat":284488},{"id":13646,"n":"Rochers Equador Chocolat noir x7 245g","p":2.49,"u":"10,16 €/KG","img":"https://fd6-photos.leclercdrive.fr/image.ashx?id=2425458&use=l&cat=p&typeid=i","cat":327600},{"id":13647,"n":"Rochers Equador Chocolat au lait x7 - 245g","p":2.45,"u":"10,00 €/KG","img":"https://fd6-photos.leclercdrive.fr/image.ashx?id=2469917&use=l&cat=p&typeid=i","cat":327600},{"id":13648,"n":"Biscuit Croc Break P'tit Déli Lait et goût chocolat - 300g","p":1.24,"u":"4,13 €/KG","img":"https://fd6-photos.leclercdrive.fr/image.ashx?id=719346&use=l&cat=p&typeid=i","cat":284488},{"id":13649,"n":"Pansement Primoplast Cicatrisant hydrocolloïde x8","p":5.95,"img":"https://fd6-photos.leclercdrive.fr/image.ashx?id=2856480&use=l&cat=p&typeid=i","cat":284630},{"id":13650,"n":"Gel à l'arnica Primoplast 50g","p":1.62,"u":"32,40 €/KG","img":"https://fd6-photos.leclercdrive.fr/image.ashx?id=2856477&use=l&cat=p&typeid=i","cat":284630},{"id":13663,"n":"Mini-crêpes fourrées Tokapi  Comté - 65g","p":1.96,"u":"30,15 €/KG","img":"https://fd6-photos.leclercdrive.fr/image.ashx?id=2853892&use=l&cat=p&typeid=i","cat":297000},{"id":13678,"n":"Croûtons salade Epi d'Or Ail et fines herbes - 60g","p":0.6,"u":"10,00 €/KG","img":"https://fd6-photos.leclercdrive.fr/image.ashx?id=2606040&use=l&cat=p&typeid=i","cat":284464},{"id":13679,"n":"Croûtons salade Epi d'Or Nature - 60g","p":0.6,"u":"10,00 €/KG","img":"https://fd6-photos.leclercdrive.fr/image.ashx?id=2607909&use=l&cat=p&typeid=i","cat":284464},{"id":13681,"n":"Pâté pur porc Côtés Table 2 Foie 1 campagne - 3x78g","p":1.9,"u":"8,12 €/KG","img":"https://fd6-photos.leclercdrive.fr/image.ashx?id=2518505&use=l&cat=p&typeid=i","cat":305149},{"id":13682,"n":"Pâté de campagne Côté Table Pur porc - 3x78g","p":1.85,"u":"7,91 €/KG","img":"https://fd6-photos.leclercdrive.fr/image.ashx?id=2478763&use=l&cat=p&typeid=i","cat":305149},{"id":13683,"n":"Pâté de foie Côté Table Pur porc - 3x78g","p":1.99,"u":"8,50 €/KG","img":"https://fd6-photos.leclercdrive.fr/image.ashx?id=2518502&use=l&cat=p&typeid=i","cat":305149},{"id":13684,"n":"Bouillon de légumes Rustica Cubes - 12x10g","p":0.67,"u":"5,58 €/KG","img":"https://fd6-photos.leclercdrive.fr/image.ashx?id=1753198&use=l&cat=p&typeid=i","cat":288379},{"id":13685,"n":"Bouillon de volaille Rustica Cubes - 12x10g","p":0.8,"u":"6,67 €/KG","img":"https://fd6-photos.leclercdrive.fr/image.ashx?id=1880027&use=l&cat=p&typeid=i","cat":288379},{"id":13686,"n":"Bouillon Pot au feu Rustica Cubes - 12x10g","p":1.39,"u":"11,58 €/KG","img":"https://fd6-photos.leclercdrive.fr/image.ashx?id=1880024&use=l&cat=p&typeid=i","cat":288379},{"id":13689,"n":"Pop corn caramélisé Tokapi 100g","p":0.71,"u":"7,10 €/KG","img":"https://fd6-photos.leclercdrive.fr/image.ashx?id=2920175&use=l&cat=p&typeid=i","cat":304249},{"id":13692,"n":"Mini-flûtes feuilletéesTokapi Romarin - 100g","p":1.4,"u":"14,00 €/KG","img":"https://fd6-photos.leclercdrive.fr/image.ashx?id=2374052&use=l&cat=p&typeid=i","cat":297000},{"id":13694,"n":"Riz long Comptoir du Grain 500g","p":1.47,"u":"2,94 €/KG","img":"https://fd6-photos.leclercdrive.fr/image.ashx?id=2886534&use=l&cat=p&typeid=i","cat":284428},{"id":13696,"n":"Soufflés Snack's Tokapi Cacahuète - 90g","p":0.47,"u":"5,22 €/KG","img":"https://fd6-photos.leclercdrive.fr/image.ashx?id=2677026&use=l&cat=p&typeid=i","cat":284449},{"id":13698,"n":"Légumes couscous Notre Jardin 400g","p":1.43,"u":"3,58 €/KG","img":"https://fd6-photos.leclercdrive.fr/image.ashx?id=2854216&use=l&cat=p&typeid=i","cat":312612},{"id":13699,"n":"Gaufrettes fourrées Tokapi Gouda et noix - 75g","p":1.29,"u":"17,20 €/KG","img":"https://fd6-photos.leclercdrive.fr/image.ashx?id=2063329&use=l&cat=p&typeid=i","cat":297000},{"id":13700,"n":"Gaufrettes fourrées Tokapi Fromage - 75g","p":0.95,"u":"12,67 €/KG","img":"https://fd6-photos.leclercdrive.fr/image.ashx?id=2067929&use=l&cat=p&typeid=i","cat":297000},{"id":13701,"n":"Riz Thaï Comptoir du Grain Sélection Riz long - 500g","p":1.79,"u":"3,58 €/KG","img":"https://fd6-photos.leclercdrive.fr/image.ashx?id=2565610&use=l&cat=p&typeid=i","cat":284428},{"id":13703,"n":"Petits pois Notre Jardin A l'étuvée - Très fins - 560g","p":1.29,"u":"2,30 €/KG","img":"https://fd6-photos.leclercdrive.fr/image.ashx?id=2987955&use=l&cat=p&typeid=i","cat":312607},{"id":13715,"n":"Croquettes chat Purina One Stérilisé - Boeuf/Blé-1.5kg","p":6.97,"u":"4,65 €/KG","img":"https://fd6-photos.leclercdrive.fr/image.ashx?id=2488040&use=l&cat=p&typeid=i","cat":284680},{"id":13719,"n":"Croquettes chat Purina One Adulte - Poulet/Céréales -1.5kg","p":6.52,"u":"4,35 €/KG","img":"https://fd6-photos.leclercdrive.fr/image.ashx?id=2537682&use=l&cat=p&typeid=i","cat":284680},{"id":13731,"n":"Barquettes chats Gourmet Gold Les mousselines - 12x85g","p":5.49,"u":"5,38 €/KG","img":"https://fd6-photos.leclercdrive.fr/image.ashx?id=2967046&use=l&cat=p&typeid=i","cat":285286},{"id":13733,"n":"Barquettes chats Gourmet Gold Les terrines - 12x85g","p":5.69,"u":"5,58 €/KG","img":"https://fd6-photos.leclercdrive.fr/image.ashx?id=2979069&use=l&cat=p&typeid=i","cat":285286},{"id":13770,"n":"Croissants surgelés Epi d'Or Cuisson four - 6x60g","p":2.58,"u":"7,17 €/KG","img":"https://fd6-photos.leclercdrive.fr/image.ashx?id=2900088&use=l&cat=p&typeid=i","cat":284267},{"id":13776,"n":"Mouchoirs blancs 3 plis Caresse Boîte - x110","p":1.35,"u":"0,01 €/P","img":"https://fd6-photos.leclercdrive.fr/image.ashx?id=2858784&use=l&cat=p&typeid=i","cat":284638},{"id":13777,"n":"Lingettes bébé Eco+ Epaisses - x72","p":0.72,"u":"0,01 €/P","img":"https://fd6-photos.leclercdrive.fr/image.ashx?id=2874672&use=l&cat=p&typeid=i","cat":284738},{"id":13780,"n":"Compotes Andros Pomme nature 12x100g + 4 offertes","p":2.65,"u":"1,66 €/KG","img":"https://fd6-photos.leclercdrive.fr/image.ashx?id=2792207&use=l&cat=p&typeid=i","cat":284416},{"id":13782,"n":"Déodorant Manava anti-traces 200ml","p":1.29,"u":"6,45 €/L","img":"https://fd6-photos.leclercdrive.fr/image.ashx?id=2692952&use=l&cat=p&typeid=i","cat":284595},{"id":13784,"n":"Gel douche et shampooing Carré Homme Energisante - 250ml","p":1.15,"u":"4,60 €/L","img":"https://fd6-photos.leclercdrive.fr/image.ashx?id=2927845&use=l&cat=p&typeid=i","cat":284619},{"id":13785,"n":"Shampooing Vitanove Réparateur - 250ml","p":1.45,"u":"5,80 €/L","img":"https://fd6-photos.leclercdrive.fr/image.ashx?id=1879257&use=l&cat=p&typeid=i","cat":284606},{"id":13786,"n":"Shampooing Vitanove Equilibrant - 250ml","p":1.79,"u":"7,16 €/L","img":"https://fd6-photos.leclercdrive.fr/image.ashx?id=1913165&use=l&cat=p&typeid=i","cat":284606},{"id":13787,"n":"Shampooing Vitanove Extra Color - 250ml","p":1.56,"u":"6,24 €/L","img":"https://fd6-photos.leclercdrive.fr/image.ashx?id=1889779&use=l&cat=p&typeid=i","cat":284606},{"id":13788,"n":"Après-shampooing Vitanove Extra color - 200ml","p":1.38,"u":"6,90 €/L","img":"https://fd6-photos.leclercdrive.fr/image.ashx?id=2618302&use=l&cat=p&typeid=i","cat":284607},{"id":13789,"n":"Shampooing Vitanove Lissant - 250ml","p":1.79,"u":"7,16 €/L","img":"https://fd6-photos.leclercdrive.fr/image.ashx?id=1907456&use=l&cat=p&typeid=i","cat":284606},{"id":13790,"n":"Après-shampooing Vitanove Lissant - 200ml","p":1.49,"u":"7,45 €/L","img":"https://fd6-photos.leclercdrive.fr/image.ashx?id=2934661&use=l&cat=p&typeid=i","cat":284607},{"id":13811,"n":"Nettoyant visage Argile Garnier Peaux à imperfections - 150ml","p":4.54,"u":"30,27 €/L","img":"https://fd6-photos.leclercdrive.fr/image.ashx?id=2867548&use=l&cat=p&typeid=i","cat":284603},{"id":13975,"n":"Salade Notre Jardin Mâche - 200g","p":1.52,"u":"7,60 €/KG","img":"https://fd6-photos.leclercdrive.fr/image.ashx?id=2662583&use=l&cat=p&typeid=i","cat":284353},{"id":13977,"n":"Salade Notre Jardin Coeurs de laitue - 320g","p":1.58,"u":"4,94 €/KG","img":"https://fd6-photos.leclercdrive.fr/image.ashx?id=2727365&use=l&cat=p&typeid=i","cat":284353},{"id":13987,"n":"Bande cohésive Primoplast 2.5m x 6cm","p":2.75,"img":"https://fd6-photos.leclercdrive.fr/image.ashx?id=2856438&use=l&cat=p&typeid=i","cat":284630},{"id":13992,"n":"Recharge savon mains Manava Gel lavande - 250ml","p":0.69,"u":"2,76 €/L","img":"https://fd6-photos.leclercdrive.fr/image.ashx?id=2935477&use=l&cat=p&typeid=i","cat":284597},{"id":13995,"n":"Bandes extensibles Primoplast 4mx6cm - x2","p":1.29,"img":"https://fd6-photos.leclercdrive.fr/image.ashx?id=2856444&use=l&cat=p&typeid=i","cat":284630},{"id":13998,"n":"Pâte feuilletée Eco+ A dérouler - 230g","p":0.53,"u":"2,30 €/KG","img":"https://fd6-photos.leclercdrive.fr/image.ashx?id=2744350&use=l&cat=p&typeid=i","cat":333681},{"id":14007,"n":"Jambon de Bayonne IGP NRT 4 Grandes Tranches - 120g","p":3.63,"u":"30,25 €/KG","img":"https://fd6-photos.leclercdrive.fr/image.ashx?id=2670428&use=l&cat=p&typeid=i","cat":316007},{"id":14023,"n":"Rasoir Carré Homme 3 lames - x1","p":3.99,"img":"https://fd6-photos.leclercdrive.fr/image.ashx?id=2704621&use=l&cat=p&typeid=i","cat":284616},{"id":14027,"n":"Lingettes Hygiène intime Doulys x20","p":1.8,"img":"https://fd6-photos.leclercdrive.fr/image.ashx?id=1760077&use=l&cat=p&typeid=i","cat":284627},{"id":14029,"n":"Fromage Neufchâtel AOP  Nos Régions ont du Talent 200g","p":2.64,"u":"13,20 €/KG","img":"https://fd6-photos.leclercdrive.fr/image.ashx?id=2071227&use=l&cat=p&typeid=i","cat":329558},{"id":14031,"n":"Crème Décolorante Siliss Visage et Corps - 2x50ml","p":2.79,"u":"27,90 €/L","img":"https://fd6-photos.leclercdrive.fr/image.ashx?id=2743783&use=l&cat=p&typeid=i","cat":325351},{"id":14033,"n":"Crochets anti-mites Insectivor Cèdre 2x3ml","p":1.99,"u":"331,67 €/L","img":"https://fd6-photos.leclercdrive.fr/image.ashx?id=1899681&use=l&cat=p&typeid=i","cat":298368},{"id":14038,"n":"Cassoulet au confit canard NRT - 420g","p":2.75,"u":"6,55 €/KG","img":"https://fd6-photos.leclercdrive.fr/image.ashx?id=2791413&use=l&cat=p&typeid=i","cat":284440},{"id":14046,"n":"Calvados pays d'auge NRT  40%vol. - 70cl","p":22.99,"u":"32,84 €/L","img":"https://fd6-photos.leclercdrive.fr/image.ashx?id=1647892&use=l&cat=p&typeid=i","cat":286032},{"id":14050,"n":"Rhum blanc Réunion 49%vol NRT 1L","p":14.62,"u":"14,62 €/L","img":"https://fd6-photos.leclercdrive.fr/image.ashx?id=1208791&use=l&cat=p&typeid=i","cat":284550},{"id":14051,"n":"Confiture extra bio Bio Village Myrtilles - 370g","p":2.29,"u":"6,19 €/KG","img":"https://fd6-photos.leclercdrive.fr/image.ashx?id=2965620&use=l&cat=p&typeid=i","cat":284480},{"id":14056,"n":"Confiture extra prunes NRT Du Lot-et-Garonne - 315g","p":2.67,"u":"8,48 €/KG","img":"https://fd6-photos.leclercdrive.fr/image.ashx?id=2699798&use=l&cat=p&typeid=i","cat":284480},{"id":14058,"n":"Confiture rhubarbe NRT Des Hauts-de-France - 315g","p":2.85,"u":"9,05 €/KG","img":"https://fd6-photos.leclercdrive.fr/image.ashx?id=779340&use=l&cat=p&typeid=i","cat":284480},{"id":14061,"n":"Confiture poires williams NRT De la Valée du Rhône - 315g","p":2.83,"u":"8,98 €/KG","img":"https://fd6-photos.leclercdrive.fr/image.ashx?id=2699792&use=l&cat=p&typeid=i","cat":284480},{"id":14062,"n":"Préparation framboises NRT Du Massif Central - 315g","p":4.02,"u":"12,76 €/KG","img":"https://fd6-photos.leclercdrive.fr/image.ashx?id=2699813&use=l&cat=p&typeid=i","cat":284480},{"id":14063,"n":"Préparation NRT Agrumes de Corse - 315g","p":2.82,"u":"8,95 €/KG","img":"https://fd6-photos.leclercdrive.fr/image.ashx?id=779352&use=l&cat=p&typeid=i","cat":284480},{"id":14064,"n":"Préparation NRT Abricots d'Occitanie - 315g","p":2.87,"u":"9,11 €/KG","img":"https://fd6-photos.leclercdrive.fr/image.ashx?id=2590466&use=l&cat=p&typeid=i","cat":284480},{"id":14068,"n":"Miel Nid d'Abeille A tartiner - 500 g","p":3.19,"u":"6,38 €/KG","img":"https://fd6-photos.leclercdrive.fr/image.ashx?id=2693120&use=l&cat=p&typeid=i","cat":287643},{"id":14075,"n":"Lait de coco Tables du monde 400ml","p":1.52,"u":"3,80 €/L","img":"https://fd6-photos.leclercdrive.fr/image.ashx?id=1960758&use=l&cat=p&typeid=i","cat":288992},{"id":14076,"n":"Fromage Mimolette Vieille NRT En dés - 150g","p":2.99,"u":"19,93 €/KG","img":"https://fd6-photos.leclercdrive.fr/image.ashx?id=2934826&use=l&cat=p&typeid=i","cat":314027},{"id":14081,"n":"Ratatouille Bio Village Bio A la provençale - 650g","p":2.35,"u":"3,62 €/KG","img":"https://fd6-photos.leclercdrive.fr/image.ashx?id=2762513&use=l&cat=p&typeid=i","cat":312612},{"id":14082,"n":"Miel de fleurs bio Bio Village 500g","p":4.99,"u":"9,98 €/KG","img":"https://fd6-photos.leclercdrive.fr/image.ashx?id=2348265&use=l&cat=p&typeid=i","cat":287643},{"id":14084,"n":"Confiture bio Bio Village Oranges - 370g","p":2.26,"u":"6,11 €/KG","img":"https://fd6-photos.leclercdrive.fr/image.ashx?id=2965623&use=l&cat=p&typeid=i","cat":284480},{"id":14085,"n":"Sardines Pêche Océan Huile d'olive - 3x135g","p":3.7,"u":"9,14 €/KG","img":"https://fd6-photos.leclercdrive.fr/image.ashx?id=2694422&use=l&cat=p&typeid=i","cat":305146},{"id":14087,"n":"Quenelles de veau Coté Table Sauce financière 400g","p":1.85,"u":"4,63 €/KG","img":"https://fd6-photos.leclercdrive.fr/image.ashx?id=2977864&use=l&cat=p&typeid=i","cat":284441},{"id":14088,"n":"Garnit bouchée reine Coté Table 400g","p":1.79,"u":"4,48 €/KG","img":"https://fd6-photos.leclercdrive.fr/image.ashx?id=2977150&use=l&cat=p&typeid=i","cat":284441},{"id":14091,"n":"Miel d'Acacia Nid d'abeille 375g","p":4.33,"u":"11,55 €/KG","img":"https://fd6-photos.leclercdrive.fr/image.ashx?id=2635901&use=l&cat=p&typeid=i","cat":287643},{"id":14093,"n":"Olives de Picholines NRT Vertes - 200g","p":3.52,"u":"17,60 €/KG","img":"https://fd6-photos.leclercdrive.fr/image.ashx?id=2704891&use=l&cat=p&typeid=i","cat":284458},{"id":14094,"n":"Confiture pêches de vigne NRT De la Valée du Rhône - 315g","p":3.03,"u":"9,62 €/KG","img":"https://fd6-photos.leclercdrive.fr/image.ashx?id=2657286&use=l&cat=p&typeid=i","cat":284480},{"id":14099,"n":"Spray nettoyant Eco+ avec Javel 750ml","p":0.87,"u":"1,16 €/L","img":"https://fd6-photos.leclercdrive.fr/image.ashx?id=2837003&use=l&cat=p&typeid=i","cat":325357},{"id":14100,"n":"Quatre-quarts breton NRT 400g","p":3.99,"u":"9,98 €/KG","img":"https://fd6-photos.leclercdrive.fr/image.ashx?id=2663827&use=l&cat=p&typeid=i","cat":294776},{"id":14111,"n":"Houmous Tables du Monde 200g","p":1.43,"u":"7,15 €/KG","img":"https://fd6-photos.leclercdrive.fr/image.ashx?id=2872258&use=l&cat=p&typeid=i","cat":315999},{"id":14113,"n":"Rasoirs jetables Siliss 2 lames - x10","p":1.19,"u":"0,12 €/P","img":"https://fd6-photos.leclercdrive.fr/image.ashx?id=2602763&use=l&cat=p&typeid=i","cat":325352},{"id":14114,"n":"Brosse à dents Dentamyl Médium x4","p":0.99,"u":"0,25 €/P","img":"https://fd6-photos.leclercdrive.fr/image.ashx?id=2790922&use=l&cat=p&typeid=i","cat":284614},{"id":14118,"n":"Carottes râpées Eco+ Assaisonnées - 500g","p":0.84,"u":"1,68 €/KG","img":"https://fd6-photos.leclercdrive.fr/image.ashx?id=2042397&use=l&cat=p&typeid=i","cat":333657},{"id":14122,"n":"Bâtonnets crâbe Eco+ x24 - 400g","p":1.25,"u":"3,13 €/KG","img":"https://fd6-photos.leclercdrive.fr/image.ashx?id=2865239&use=l&cat=p&typeid=i","cat":285189},{"id":14124,"n":"Rosette pur porc Eco+ 12 tranches - 150g","p":1.26,"u":"8,40 €/KG","img":"https://fd6-photos.leclercdrive.fr/image.ashx?id=2728222&use=l&cat=p&typeid=i","cat":316007},{"id":14126,"n":"Lasagnes bolognaise Eco+ 1kg","p":3.31,"u":"3,31 €/KG","img":"https://fd6-photos.leclercdrive.fr/image.ashx?id=2814842&use=l&cat=p&typeid=i","cat":333666},{"id":14131,"n":"Désodorisant Visior Lave-vaisselle Citron - x2","p":1.29,"u":"0,65 €/P","img":"https://fd6-photos.leclercdrive.fr/image.ashx?id=2951119&use=l&cat=p&typeid=i","cat":284657},{"id":14132,"n":"Bloc wc javel Syphon 2x40g","p":1.46,"u":"18,25 €/KG","img":"https://fd6-photos.leclercdrive.fr/image.ashx?id=2302540&use=l&cat=p&typeid=i","cat":284662},{"id":14135,"n":"Brosse à dents Eco+ Médium x2","p":0.23,"u":"0,12 €/P","img":"https://fd6-photos.leclercdrive.fr/image.ashx?id=2783783&use=l&cat=p&typeid=i","cat":284614},{"id":14138,"n":"Lingettes dépoussiérantes Eco+ x40","p":1.76,"u":"0,04 €/P","img":"https://fd6-photos.leclercdrive.fr/image.ashx?id=2805972&use=l&cat=p&typeid=i","cat":325364},{"id":14140,"n":"Savon extra-doux Manava Douceur d'amande 6x100g","p":3.16,"u":"5,27 €/KG","img":"https://fd6-photos.leclercdrive.fr/image.ashx?id=2331312&use=l&cat=p&typeid=i","cat":284597},{"id":14143,"n":"Diffuseur électrique Insectivor Anti-moustiques + recharge 35ml","p":4.65,"img":"https://fd6-photos.leclercdrive.fr/image.ashx?id=1938543&use=l&cat=p&typeid=i","cat":298368},{"id":14144,"n":"Lingettes bébé Mots d'Enfants Débarbouillantes - x40","p":1.47,"u":"0,04 €/P","img":"https://fd6-photos.leclercdrive.fr/image.ashx?id=2856471&use=l&cat=p&typeid=i","cat":284738},{"id":14150,"n":"Nettoyant sol carrelés Clair Savon huile de lin 1L","p":2.15,"u":"2,15 €/L","img":"https://fd6-photos.leclercdrive.fr/image.ashx?id=592796&use=l&cat=p&typeid=i","cat":284907},{"id":14154,"n":"Bonbons gélifiés Eco+ Frites - 200g","p":1.11,"u":"5,55 €/KG","img":"https://fd6-photos.leclercdrive.fr/image.ashx?id=2774066&use=l&cat=p&typeid=i","cat":304250},{"id":14155,"n":"Gnocchi Turini à poêler 300g","p":0.89,"u":"2,97 €/KG","img":"https://fd6-photos.leclercdrive.fr/image.ashx?id=2606810&use=l&cat=p&typeid=i","cat":333682},{"id":14158,"n":"Fromage Mystère du Prieuré Lait pasteurisé - 340g","p":2.65,"u":"7,79 €/KG","img":"https://fd6-photos.leclercdrive.fr/image.ashx?id=2900085&use=l&cat=p&typeid=i","cat":329184},{"id":14159,"n":"Bonbons gélifiés Eco+ Goût cola - 200g","p":0.95,"u":"4,75 €/KG","img":"https://fd6-photos.leclercdrive.fr/image.ashx?id=2717099&use=l&cat=p&typeid=i","cat":304250},{"id":14163,"n":"Crème nettoyante Clair 3en1 - Fraicheur - 750ml","p":1.28,"u":"1,71 €/L","img":"https://fd6-photos.leclercdrive.fr/image.ashx?id=2358324&use=l&cat=p&typeid=i","cat":325357},{"id":14164,"n":"Roquefort AOP Eco+ Lait cru brebis 150g","p":2.16,"u":"14,40 €/KG","img":"https://fd6-photos.leclercdrive.fr/image.ashx?id=2966629&use=l&cat=p&typeid=i","cat":314032},{"id":14165,"n":"Crème de soin cheveux Vitanove Boucles sans rinçage 200ml","p":1.29,"u":"6,45 €/L","img":"https://fd6-photos.leclercdrive.fr/image.ashx?id=1947997&use=l&cat=p&typeid=i","cat":284608},{"id":14167,"n":"Brosse à dents Dentamyl Extra souple x1","p":0.85,"img":"https://fd6-photos.leclercdrive.fr/image.ashx?id=2790925&use=l&cat=p&typeid=i","cat":284614},{"id":14168,"n":"Dentifrice Dentamyl Protection gencives 75ml","p":0.92,"u":"12,27 €/L","img":"https://fd6-photos.leclercdrive.fr/image.ashx?id=2489092&use=l&cat=p&typeid=i","cat":284612},{"id":14170,"n":"Nettoyant lave-vaisselle Visior 250ml","p":2.65,"u":"10,60 €/L","img":"https://fd6-photos.leclercdrive.fr/image.ashx?id=776479&use=l&cat=p&typeid=i","cat":284657},{"id":14182,"n":"Déodorant stick Carré Homme Marine - 50ml","p":2.18,"u":"43,60 €/L","img":"https://fd6-photos.leclercdrive.fr/image.ashx?id=2481207&use=l&cat=p&typeid=i","cat":284618},{"id":14183,"n":"Lame de rasoir Siliss 3 lames - x4","p":3.58,"img":"https://fd6-photos.leclercdrive.fr/image.ashx?id=2699414&use=l&cat=p&typeid=i","cat":325352},{"id":14187,"n":"Masque réparateur Vitanove Secs abîmés cassants 300ml","p":2.64,"u":"8,80 €/L","img":"https://fd6-photos.leclercdrive.fr/image.ashx?id=2931769&use=l&cat=p&typeid=i","cat":284608},{"id":14190,"n":"Savon mains en crème Manava nourrissante à l'amande - 300ml","p":0.9,"u":"3,00 €/L","img":"https://fd6-photos.leclercdrive.fr/image.ashx?id=2935471&use=l&cat=p&typeid=i","cat":284597},{"id":14193,"n":"Masque capillaire Vitanove Extra color 300ml","p":2.69,"u":"8,97 €/L","img":"https://fd6-photos.leclercdrive.fr/image.ashx?id=2149095&use=l&cat=p&typeid=i","cat":284608},{"id":14195,"n":"Bande à découper Primoplast Peaux sensibles - 10x6cm","p":0.89,"img":"https://fd6-photos.leclercdrive.fr/image.ashx?id=2955668&use=l&cat=p&typeid=i","cat":284630},{"id":14196,"n":"Après-shampooing Vitanove Réparateur - 200ml","p":1.43,"u":"7,15 €/L","img":"https://fd6-photos.leclercdrive.fr/image.ashx?id=2618311&use=l&cat=p&typeid=i","cat":284607},{"id":14211,"n":"Lotion après-rasage Carré Homme Boisée tonifiant 100ml","p":2.61,"u":"26,10 €/L","img":"https://fd6-photos.leclercdrive.fr/image.ashx?id=2854222&use=l&cat=p&typeid=i","cat":288147},{"id":14212,"n":"Lotion après-rasage Carré Homme Marine tonifiant 100ml","p":2.61,"u":"26,10 €/L","img":"https://fd6-photos.leclercdrive.fr/image.ashx?id=2854219&use=l&cat=p&typeid=i","cat":288147},{"id":14217,"n":"Crème pieds Primoplast Nutri-réparatrice - 75ml","p":1.49,"u":"19,87 €/L","img":"https://fd6-photos.leclercdrive.fr/image.ashx?id=2832930&use=l&cat=p&typeid=i","cat":325354},{"id":14218,"n":"Dentifrice enfant Dentamyl Bubble gum - 3 à 6 ans - 50ml","p":0.89,"u":"17,80 €/L","img":"https://fd6-photos.leclercdrive.fr/image.ashx?id=2075185&use=l&cat=p&typeid=i","cat":288898},{"id":14219,"n":"Dentifrice enfant Dentamyl Menthe - 7 à 13 ans - 75ml","p":0.74,"u":"9,87 €/L","img":"https://fd6-photos.leclercdrive.fr/image.ashx?id=2489113&use=l&cat=p&typeid=i","cat":288898},{"id":14222,"n":"Lait de toilette Mots d'Enfants Bébé peaux délicates - 250ml","p":1.95,"u":"7,80 €/L","img":"https://fd6-photos.leclercdrive.fr/image.ashx?id=3015024&use=l&cat=p&typeid=i","cat":284741},{"id":14223,"n":"Dépoussiérant meubles Clair Multi-surfaces 300ml","p":1.03,"u":"3,43 €/L","img":"https://fd6-photos.leclercdrive.fr/image.ashx?id=2531098&use=l&cat=p&typeid=i","cat":325364},{"id":14224,"n":"Gel wc Syphon surpuissant 750ml","p":1.07,"u":"1,43 €/L","img":"https://fd6-photos.leclercdrive.fr/image.ashx?id=2558790&use=l&cat=p&typeid=i","cat":284662},{"id":14234,"n":"Bêtises de Cambrai NRT 200g","p":2.57,"u":"12,85 €/KG","img":"https://fd6-photos.leclercdrive.fr/image.ashx?id=2771034&use=l&cat=p&typeid=i","cat":304250},{"id":14235,"n":"Change complet Chorys Taille M - x20","p":9.94,"u":"0,50 €/P","img":"https://fd6-photos.leclercdrive.fr/image.ashx?id=2905219&use=l&cat=p&typeid=i","cat":284628},{"id":14243,"n":"Pain de mie nature Epi d'Or Grandes tranches - 825g","p":1.59,"u":"1,93 €/KG","img":"https://fd6-photos.leclercdrive.fr/image.ashx?id=2860724&use=l&cat=p&typeid=i","cat":284477},{"id":14259,"n":"Ravioles de la Drôme NRT Basilic - 240g","p":3.39,"u":"14,13 €/KG","img":"https://fd6-photos.leclercdrive.fr/image.ashx?id=2441543&use=l&cat=p&typeid=i","cat":333682},{"id":14260,"n":"Crottin Chavignol NRT AOP  Fromage de chèvre - 2x60g","p":3.75,"u":"31,25 €/KG","img":"https://fd6-photos.leclercdrive.fr/image.ashx?id=2519432&use=l&cat=p&typeid=i","cat":314031},{"id":14262,"n":"Cognac v.s.o.p 40%vol. NRT 50cl","p":21.34,"u":"42,68 €/L","img":"https://fd6-photos.leclercdrive.fr/image.ashx?id=1646501&use=l&cat=p&typeid=i","cat":286032},{"id":14270,"n":"Cidre Pays d'Auge NRT AOP  4.5%vol - 75cl","p":3.89,"u":"5,19 €/L","img":"https://fd6-photos.leclercdrive.fr/image.ashx?id=2791081&use=l&cat=p&typeid=i","cat":334880},{"id":14271,"n":"Crème de marrons NRT De l'Ardèche - 325g","p":3.03,"u":"9,32 €/KG","img":"https://fd6-photos.leclercdrive.fr/image.ashx?id=1173619&use=l&cat=p&typeid=i","cat":284481},{"id":14272,"n":"Calissons NRT D'Aix-en-provence - 250g","p":5.99,"u":"23,96 €/KG","img":"https://fd6-photos.leclercdrive.fr/image.ashx?id=2326017&use=l&cat=p&typeid=i","cat":284499},{"id":14273,"n":"Fromage Pont-l'Evêque AOP  Nos Régions ont du Talent 220g","p":2.65,"u":"12,05 €/KG","img":"https://fd6-photos.leclercdrive.fr/image.ashx?id=2356344&use=l&cat=p&typeid=i","cat":329558},{"id":14276,"n":"Cassoulet au confit canard NRT - 840g","p":4.99,"u":"5,94 €/KG","img":"https://fd6-photos.leclercdrive.fr/image.ashx?id=2791410&use=l&cat=p&typeid=i","cat":284440},{"id":14278,"n":"Carottes râpées Bio Bio village - 200g","p":1.73,"u":"8,65 €/KG","img":"https://fd6-photos.leclercdrive.fr/image.ashx?id=2670374&use=l&cat=p&typeid=i","cat":333657},{"id":14282,"n":"Préparation citrons NRT De Corse -  315g","p":2.69,"u":"8,54 €/KG","img":"https://fd6-photos.leclercdrive.fr/image.ashx?id=2699810&use=l&cat=p&typeid=i","cat":284480},{"id":14283,"n":"Foie gras canard IGP Sud-Ouest NRT Entier- 180g","p":13.99,"u":"77,72 €/KG","img":"https://fd6-photos.leclercdrive.fr/image.ashx?id=2991494&use=l&cat=p&typeid=i","cat":305148},{"id":14285,"n":"Fromage Emmental Eco+ Râpé - 200g","p":1.5,"u":"7,50 €/KG","img":"https://fd6-photos.leclercdrive.fr/image.ashx?id=2942166&use=l&cat=p&typeid=i","cat":314035},{"id":14292,"n":"Eau aromatisée Volvic Zest  Citron - 1,5L","p":1.06,"u":"0,71 €/L","img":"https://fd6-photos.leclercdrive.fr/image.ashx?id=2730253&use=l&cat=p&typeid=i","cat":284537},{"id":14293,"n":"Eau aromatisée Volvic Zest Citron - 6x50cl","p":3.19,"u":"1,06 €/L","img":"https://fd6-photos.leclercdrive.fr/image.ashx?id=2730256&use=l&cat=p&typeid=i","cat":284537},{"id":14311,"n":"IGT Lambrusco vin italien Vilaveroni Secco rouge - 75cl","p":3.8,"u":"5,07 €/L","img":"https://fd6-photos.leclercdrive.fr/image.ashx?id=2333018&use=l&cat=p&typeid=i","cat":289556},{"id":14316,"n":"Lasagnes saumon Côté Table 1kg","p":7.26,"u":"7,26 €/KG","img":"https://fd6-photos.leclercdrive.fr/image.ashx?id=2790928&use=l&cat=p&typeid=i","cat":284254},{"id":14327,"n":"Poêlée Côté Table Franc-Comtoise - 900g","p":4.19,"u":"4,66 €/KG","img":"https://fd6-photos.leclercdrive.fr/image.ashx?id=2048440&use=l&cat=p&typeid=i","cat":319823},{"id":14330,"n":"Poêlée de légumes Notre Jardin Légumes grillés - 750g","p":3.11,"u":"4,15 €/KG","img":"https://fd6-photos.leclercdrive.fr/image.ashx?id=2771369&use=l&cat=p&typeid=i","cat":319823},{"id":14334,"n":"Ratatouille Notre Jardin Cuisinée 750g","p":2.85,"u":"3,80 €/KG","img":"https://fd6-photos.leclercdrive.fr/image.ashx?id=2873129&use=l&cat=p&typeid=i","cat":319823},{"id":14344,"n":"Pain de mie Nature Harrys Longue conservation - 550g","p":2.07,"u":"3,76 €/KG","img":"https://fd6-photos.leclercdrive.fr/image.ashx?id=2518109&use=l&cat=p&typeid=i","cat":284477},{"id":14349,"n":"Biscuits Truffine Equador  Meringue crème cacao - 100g","p":2.97,"u":"29,70 €/KG","img":"https://fd6-photos.leclercdrive.fr/image.ashx?id=2597618&use=l&cat=p&typeid=i","cat":284490},{"id":14351,"n":"Bandes non tissées Siliss Recharges -  2x14","p":2.23,"u":"0,08 €/P","img":"https://fd6-photos.leclercdrive.fr/image.ashx?id=2699417&use=l&cat=p&typeid=i","cat":325351},{"id":14352,"n":"Savon Manava  Karité - 2x100g","p":1.39,"u":"6,95 €/KG","img":"https://fd6-photos.leclercdrive.fr/image.ashx?id=2455371&use=l&cat=p&typeid=i","cat":284597},{"id":14359,"n":"Change complet Chorys Taille L - x20","p":10.7,"u":"0,54 €/P","img":"https://fd6-photos.leclercdrive.fr/image.ashx?id=2946163&use=l&cat=p&typeid=i","cat":284628},{"id":14360,"n":"Yaourts à boire Délisse Petits Délis fruits - 8x100g","p":3.2,"u":"4,00 €/KG","img":"https://fd6-photos.leclercdrive.fr/image.ashx?id=2754886&use=l&cat=p&typeid=i","cat":284415},{"id":14371,"n":"Mousse à la crème Duodélisse Nature - 4x100g","p":1.49,"u":"3,73 €/KG","img":"https://fd6-photos.leclercdrive.fr/image.ashx?id=2387334&use=l&cat=p&typeid=i","cat":284409},{"id":14376,"n":"Dés de fromage Les Croisés Ail et fines herbes - 120g","p":1.54,"u":"12,83 €/KG","img":"https://fd6-photos.leclercdrive.fr/image.ashx?id=2741616&use=l&cat=p&typeid=i","cat":314027},{"id":14378,"n":"Dés de fromage Les Croisés Basilic ciboulette - 120g","p":1.69,"u":"14,08 €/KG","img":"https://fd6-photos.leclercdrive.fr/image.ashx?id=2741619&use=l&cat=p&typeid=i","cat":314027},{"id":14381,"n":"Palets bretons NRT 100g","p":1.83,"u":"18,30 €/KG","img":"https://fd6-photos.leclercdrive.fr/image.ashx?id=2622299&use=l&cat=p&typeid=i","cat":284487},{"id":14383,"n":"Blocs WC Syphon Activ' Effect  Lavande - x3","p":1.09,"u":"0,36 €/P","img":"https://fd6-photos.leclercdrive.fr/image.ashx?id=2320710&use=l&cat=p&typeid=i","cat":284662},{"id":14384,"n":"Litchis  1kg","p":6.15,"u":"6,15 €/KG","img":"https://fd6-photos.leclercdrive.fr/image.ashx?id=1636401&use=l&cat=p&typeid=i","cat":284356},{"id":14389,"n":"Abricots Maitre Prunille Moelleux - 250g","p":4.12,"u":"16,48 €/KG","img":"https://fd6-photos.leclercdrive.fr/image.ashx?id=1747031&use=l&cat=p&typeid=i","cat":284357},{"id":14415,"n":"Levure chimique Vahiné 5x11g","p":0.35,"u":"6,36 €/KG","img":"https://fd6-photos.leclercdrive.fr/image.ashx?id=2490542&use=l&cat=p&typeid=i","cat":294686},{"id":14427,"n":"Pastis Ricard Anisé 45% vol - 70cl","p":15.3,"u":"21,86 €/L","img":"https://fd6-photos.leclercdrive.fr/image.ashx?id=2976776&use=l&cat=p&typeid=i","cat":284548},{"id":14428,"n":"Whisky Clan Campbell Blended Scotch 40% vol - 1L","p":19.06,"u":"19,06 €/L","img":"https://fd6-photos.leclercdrive.fr/image.ashx?id=2868921&use=l&cat=p&typeid=i","cat":284547},{"id":14429,"n":"Eau de vie Auguste Mugniot Poire Williams - 40%vol. - 50cl","p":19.99,"u":"39,98 €/L","img":"https://fd6-photos.leclercdrive.fr/image.ashx?id=857588&use=l&cat=p&typeid=i","cat":286032},{"id":14431,"n":"Rhum Lagoa 40%vol - 1L","p":13.59,"u":"13,59 €/L","img":"https://fd6-photos.leclercdrive.fr/image.ashx?id=2966481&use=l&cat=p&typeid=i","cat":284550},{"id":14434,"n":"Pastis de Marseille Vivalis 45%vol - 70cl","p":12.88,"u":"18,40 €/L","img":"https://fd6-photos.leclercdrive.fr/image.ashx?id=2805024&use=l&cat=p&typeid=i","cat":284548},{"id":14440,"n":"Bière blonde Desquiles Canette - 5.9%vol. - 50cl","p":1.35,"u":"2,70 €/L","img":"https://fd6-photos.leclercdrive.fr/image.ashx?id=2646991&use=l&cat=p&typeid=i","cat":334853},{"id":14441,"n":"Eau minérale naturelle Evian  6x1l","p":2.88,"u":"0,48 €/L","img":"https://fd6-photos.leclercdrive.fr/image.ashx?id=2969019&use=l&cat=p&typeid=i","cat":284535},{"id":14442,"n":"Champagne brut blanc Pol Carson - 37,5cl","p":11.75,"u":"31,33 €/L","img":"https://fd6-photos.leclercdrive.fr/image.ashx?id=2909849&use=l&cat=p&typeid=i","cat":284542},{"id":14444,"n":"Pétillant à la pêche Listel 3.5%vol. 75cl","p":3.74,"u":"4,99 €/L","img":"https://fd6-photos.leclercdrive.fr/image.ashx?id=2630367&use=l&cat=p&typeid=i","cat":284544},{"id":14447,"n":"Sirop Frucci Thé Pêche - 75cl","p":3.2,"u":"4,27 €/L","img":"https://fd6-photos.leclercdrive.fr/image.ashx?id=2922697&use=l&cat=p&typeid=i","cat":295020},{"id":14451,"n":"Sirop Frucci Menthe - 1L","p":2.46,"u":"2,46 €/L","img":"https://fd6-photos.leclercdrive.fr/image.ashx?id=2954067&use=l&cat=p&typeid=i","cat":295020},{"id":14452,"n":"Sirop Sport Citron - 1L","p":2.4,"u":"2,40 €/L","img":"https://fd6-photos.leclercdrive.fr/image.ashx?id=3011182&use=l&cat=p&typeid=i","cat":295020},{"id":14458,"n":"Biscuits tablette Eco+ Chocolat au lait - 150g","p":0.98,"u":"6,53 €/KG","img":"https://fd6-photos.leclercdrive.fr/image.ashx?id=2682750&use=l&cat=p&typeid=i","cat":284488},{"id":14478,"n":"Pomme de terre de consommation Lunor précuites 2x500g","p":2.84,"u":"2,84 €/KG","img":"https://fd6-photos.leclercdrive.fr/image.ashx?id=2281372&use=l&cat=p&typeid=i","cat":284352},{"id":14494,"n":"Coquilles Saint-Jacques Tipiak À la bretonne - 4x90g","p":6.59,"u":"18,31 €/KG","img":"https://fd6-photos.leclercdrive.fr/image.ashx?id=2559754&use=l&cat=p&typeid=i","cat":319775},{"id":14499,"n":"Miel de lavande Provence IGP Nos Régions ont du Talent 375g","p":6.29,"u":"16,77 €/KG","img":"https://fd6-photos.leclercdrive.fr/image.ashx?id=2771073&use=l&cat=p&typeid=i","cat":287643},{"id":14512,"n":"Sachets glaçons Elembal x15","p":0.8,"img":"https://fd6-photos.leclercdrive.fr/image.ashx?id=2671810&use=l&cat=p&typeid=i","cat":334134},{"id":14536,"n":"Escalope Fine Dinde LR x2  IGP Volailles du Maine  - 240g","p":6.41,"u":"26,71 €/KG","img":"https://fd6-photos.leclercdrive.fr/image.ashx?id=2250567&use=l&cat=p&typeid=i","cat":284337},{"id":14543,"n":"Serviettes papier Homeside Double épaisseur 33x33cm - x100","p":2.29,"img":"https://fd6-photos.leclercdrive.fr/image.ashx?id=1659678&use=l&cat=p&typeid=i","cat":334134},{"id":14544,"n":"Serviettes papier Homeside Triple épaisseur 40x40 x50","p":2.99,"u":"0,06 €/P","img":"https://fd6-photos.leclercdrive.fr/image.ashx?id=1659681&use=l&cat=p&typeid=i","cat":334134},{"id":14563,"n":"Serviettes Eco+ papier blanc x200","p":1.23,"u":"0,01 €/P","img":"https://fd6-photos.leclercdrive.fr/image.ashx?id=1413111&use=l&cat=p&typeid=i","cat":334134},{"id":14570,"n":"Nappe Eco+ papier blanche 25m","p":4.77,"u":"0,19 €/MT","img":"https://fd6-photos.leclercdrive.fr/image.ashx?id=1300431&use=l&cat=p&typeid=i","cat":334134},{"id":14574,"n":"Serviette incontinence Chorys Normal - x12","p":1.99,"u":"0,17 €/P","img":"https://fd6-photos.leclercdrive.fr/image.ashx?id=2393848&use=l&cat=p&typeid=i","cat":284628},{"id":14575,"n":"Serviette incontinence Chorys Mini - x20","p":1.99,"u":"0,10 €/P","img":"https://fd6-photos.leclercdrive.fr/image.ashx?id=2448409&use=l&cat=p&typeid=i","cat":284628},{"id":14578,"n":"Papier toilette Mimosa Rose - Ultra doux - x6","p":2.59,"u":"0,43 €/P","img":"https://fd6-photos.leclercdrive.fr/image.ashx?id=2777839&use=l&cat=p&typeid=i","cat":284634},{"id":14579,"n":"Papier toilette Mimosa Blanc - Ultra doux - x6","p":2.65,"u":"0,44 €/P","img":"https://fd6-photos.leclercdrive.fr/image.ashx?id=2777842&use=l&cat=p&typeid=i","cat":284634},{"id":14582,"n":"Bandes de cire froide Siliss Corps - Peaux sensibles - x40","p":2.21,"u":"0,06 €/P","img":"https://fd6-photos.leclercdrive.fr/image.ashx?id=2699426&use=l&cat=p&typeid=i","cat":325351},{"id":14625,"n":"Boisson énergétique Powerade Ice storm - 50cl","p":1.04,"u":"2,08 €/L","img":"https://fd6-photos.leclercdrive.fr/image.ashx?id=2970756&use=l&cat=p&typeid=i","cat":284533},{"id":14626,"n":"Boisson aux fruits Oasis Saveur Pêche Abricot - 2L","p":2.29,"u":"1,15 €/L","img":"https://fd6-photos.leclercdrive.fr/image.ashx?id=2688635&use=l&cat=p&typeid=i","cat":295018},{"id":14633,"n":"AOP Bordeaux rouge La Croix d'Austéran - 75cl","p":4.55,"u":"6,07 €/L","img":"https://fd6-photos.leclercdrive.fr/image.ashx?id=1672093&use=l&cat=p&typeid=i","cat":289556},{"id":14635,"n":"Soda Jean's Cola Bouteille - 4x50cl","p":2.75,"u":"1,38 €/L","img":"https://fd6-photos.leclercdrive.fr/image.ashx?id=2995743&use=l&cat=p&typeid=i","cat":284530},{"id":14636,"n":"Soda Jean's Cola Zéro Canette - 6x33cl","p":1.98,"u":"1,00 €/L","img":"https://fd6-photos.leclercdrive.fr/image.ashx?id=2637886&use=l&cat=p&typeid=i","cat":284530},{"id":14637,"n":"Biscuits P'tit Déli ronds Chocolat noir 200g","p":1.34,"u":"6,70 €/KG","img":"https://fd6-photos.leclercdrive.fr/image.ashx?id=2884207&use=l&cat=p&typeid=i","cat":284488},{"id":14654,"n":"Soupe liquide Liebig  Potiron - Brique 1L","p":2.75,"u":"2,75 €/L","img":"https://fd6-photos.leclercdrive.fr/image.ashx?id=2785355&use=l&cat=p&typeid=i","cat":284462},{"id":14657,"n":"Eponges gratounette Spontex x2","p":2.35,"u":"1,18 €/P","img":"https://fd6-photos.leclercdrive.fr/image.ashx?id=2392292&use=l&cat=p&typeid=i","cat":284667},{"id":14659,"n":"Gel désinfectant mains Sanytol Au thé vert - 250ml","p":3.4,"u":"13,60 €/L","img":"https://fd6-photos.leclercdrive.fr/image.ashx?id=1754056&use=l&cat=p&typeid=i","cat":284630},{"id":14660,"n":"Gel désinfectant mains Sanytol Au thé vert - 75ml","p":1.94,"u":"25,87 €/L","img":"https://fd6-photos.leclercdrive.fr/image.ashx?id=2338730&use=l&cat=p&typeid=i","cat":284630},{"id":14661,"n":"Lingettes Hygiène Intime Usage Quotidien Intima Hamamélis x20","p":1.98,"u":"0,10 €/P","img":"https://fd6-photos.leclercdrive.fr/image.ashx?id=2886675&use=l&cat=p&typeid=i","cat":284627},{"id":14675,"n":"boisson végétale lait d'amande  bio bjorg intense - 1L","p":2.83,"u":"2,83 €/L","img":"https://fd6-photos.leclercdrive.fr/image.ashx?id=2970918&use=l&cat=p&typeid=i","cat":316067},{"id":14688,"n":"Biscuits Bjorg Fourrés Chocolat lait bio 225g","p":2.94,"u":"13,07 €/KG","img":"https://fd6-photos.leclercdrive.fr/image.ashx?id=2970927&use=l&cat=p&typeid=i","cat":284488},{"id":14691,"n":"Chocolat Alter Eco Noir Absolu Pérou 85% cacao bio - 100g","p":2.7,"u":"27,00 €/KG","img":"https://fd6-photos.leclercdrive.fr/image.ashx?id=2906535&use=l&cat=p&typeid=i","cat":284956},{"id":14694,"n":"Chocolat lait Bio Alter Eco Noisettes Max Havelaar - 100g","p":2.58,"u":"25,80 €/KG","img":"https://fd6-photos.leclercdrive.fr/image.ashx?id=2967292&use=l&cat=p&typeid=i","cat":284497},{"id":14713,"n":"Rasoirs jetables Bic Twin Lady x8","p":1.71,"u":"0,21 €/P","img":"https://fd6-photos.leclercdrive.fr/image.ashx?id=2887569&use=l&cat=p&typeid=i","cat":325352},{"id":14761,"n":"Baume Après-rasage Nivea Men Peaux Sensibles - 100ml","p":4.48,"u":"44,80 €/L","img":"https://fd6-photos.leclercdrive.fr/image.ashx?id=3014590&use=l&cat=p&typeid=i","cat":288147},{"id":14762,"n":"Piles TechPlus Foxter AA/LR6 - x4","p":1.99,"img":"https://fd6-photos.leclercdrive.fr/image.ashx?id=2162165&use=l&cat=p&typeid=i","cat":300572},{"id":14763,"n":"Shampooing Pétrol Hahn Force -  250ml","p":2.35,"u":"9,40 €/L","img":"https://fd6-photos.leclercdrive.fr/image.ashx?id=2104450&use=l&cat=p&typeid=i","cat":284621},{"id":14764,"n":"Piles TechPlus Foxter AAA/LR3 - x4","p":1.99,"img":"https://fd6-photos.leclercdrive.fr/image.ashx?id=2162162&use=l&cat=p&typeid=i","cat":300572},{"id":14767,"n":"Piles alcalines Tech+ Foxter C/LR14 1,5V - x2","p":1.99,"u":"1,00 €/P","img":"https://fd6-photos.leclercdrive.fr/image.ashx?id=2162183&use=l&cat=p&typeid=i","cat":300572},{"id":14769,"n":"Piles alcalines Tech+  Foxter D/LR20 - x2","p":2.39,"u":"1,20 €/P","img":"https://fd6-photos.leclercdrive.fr/image.ashx?id=2162186&use=l&cat=p&typeid=i","cat":300572},{"id":14778,"n":"Recharges absorbeur Foxter Neutre absorbeur humidité x4","p":10.99,"u":"2,75 €/P","img":"https://fd6-photos.leclercdrive.fr/image.ashx?id=2162207&use=l&cat=p&typeid=i","cat":300576},{"id":14814,"n":"Compotes pommes Andros 4x100g","p":1.35,"u":"3,38 €/KG","img":"https://fd6-photos.leclercdrive.fr/image.ashx?id=2883925&use=l&cat=p&typeid=i","cat":284416},{"id":14828,"n":"Rouleau adhésif transparent Eco + x1","p":0.19,"img":"https://fd6-photos.leclercdrive.fr/image.ashx?id=1701136&use=l&cat=p&typeid=i","cat":334133},{"id":14833,"n":"Copies doubles Eco+ Grands carreaux A4 - x400","p":2.29,"u":"0,01 €/P","img":"https://fd6-photos.leclercdrive.fr/image.ashx?id=1929750&use=l&cat=p&typeid=i","cat":284697},{"id":14846,"n":"Cartouches d'encre Eco+ Bleu Courtes - x30","p":0.57,"u":"0,02 €/P","img":"https://fd6-photos.leclercdrive.fr/image.ashx?id=1699681&use=l&cat=p&typeid=i","cat":284696},{"id":14852,"n":"Kit traçage Eco+ 3 pièces","p":0.32,"img":"https://fd6-photos.leclercdrive.fr/image.ashx?id=2943136&use=l&cat=p&typeid=i","cat":334133},{"id":14858,"n":"Feutres Eco+ x12","p":0.35,"img":"https://fd6-photos.leclercdrive.fr/image.ashx?id=2553941&use=l&cat=p&typeid=i","cat":284696},{"id":14867,"n":"Adoucissant Hyperdou Pure Caresse - 750ml","p":1.99,"u":"2,65 €/L","img":"https://fd6-photos.leclercdrive.fr/image.ashx?id=2552388&use=l&cat=p&typeid=i","cat":284650},{"id":14873,"n":"Pastilles javel La Croix x40","p":1.87,"u":"13,96 €/KG","img":"https://fd6-photos.leclercdrive.fr/image.ashx?id=2679693&use=l&cat=p&typeid=i","cat":284661},{"id":14880,"n":"Compote Charles & Alice Pommes Mangues - 4x100g","p":1.44,"u":"3,60 €/KG","img":"https://fd6-photos.leclercdrive.fr/image.ashx?id=2757347&use=l&cat=p&typeid=i","cat":284416},{"id":14887,"n":"Compote Charles & Alice Pommes - 4x100g","p":1.46,"u":"3,65 €/KG","img":"https://fd6-photos.leclercdrive.fr/image.ashx?id=2757677&use=l&cat=p&typeid=i","cat":284416},{"id":14888,"n":"Compote Charles & Alice Pommes Poires - 4x100g","p":1.45,"u":"3,63 €/KG","img":"https://fd6-photos.leclercdrive.fr/image.ashx?id=2936902&use=l&cat=p&typeid=i","cat":284416},{"id":14892,"n":"Yaourts allégés Sveltesse   Café - 4x125g","p":1.6,"u":"3,20 €/KG","img":"https://fd6-photos.leclercdrive.fr/image.ashx?id=3009215&use=l&cat=p&typeid=i","cat":315000},{"id":14898,"n":"Coeur de laitue Florette 200g","p":1.68,"u":"8,40 €/KG","img":"https://fd6-photos.leclercdrive.fr/image.ashx?id=2476542&use=l&cat=p&typeid=i","cat":284353},{"id":14901,"n":"Mozzarella di Buffala AOP Les Croisés - 125g","p":1.65,"u":"13,20 €/KG","img":"https://fd6-photos.leclercdrive.fr/image.ashx?id=2146137&use=l&cat=p&typeid=i","cat":314026},{"id":14904,"n":"Fromage frais nature Bio Bio village - 3.5% MG - 500g","p":1.75,"u":"3,50 €/KG","img":"https://fd6-photos.leclercdrive.fr/image.ashx?id=2839944&use=l&cat=p&typeid=i","cat":284409},{"id":14918,"n":"Dessert fruitier framboise Douceur du Verger s/sucre 4x97g","p":1.49,"u":"3,84 €/KG","img":"https://fd6-photos.leclercdrive.fr/image.ashx?id=2956915&use=l&cat=p&typeid=i","cat":284416},{"id":14919,"n":"Compote Douceur du Verger Pomme Abricot - 4x97g","p":1.23,"u":"3,17 €/KG","img":"https://fd6-photos.leclercdrive.fr/image.ashx?id=2983793&use=l&cat=p&typeid=i","cat":284416},{"id":14923,"n":"Brocolis fleurettes Bio Village Bio - 600g","p":2.21,"u":"3,68 €/KG","img":"https://fd6-photos.leclercdrive.fr/image.ashx?id=2891788&use=l&cat=p&typeid=i","cat":319805},{"id":14924,"n":"Lasagnes chèvre épinards Côté Table - 500g","p":2.95,"u":"5,90 €/KG","img":"https://fd6-photos.leclercdrive.fr/image.ashx?id=2647874&use=l&cat=p&typeid=i","cat":284254},{"id":14932,"n":"Rhum blanc Saint James 40% vol - 70cl","p":11.2,"u":"16,00 €/L","img":"https://fd6-photos.leclercdrive.fr/image.ashx?id=2970948&use=l&cat=p&typeid=i","cat":284550},{"id":14934,"n":"Gin Gibson 37.5%vol - 70cl","p":11.41,"u":"16,30 €/L","img":"https://fd6-photos.leclercdrive.fr/image.ashx?id=2755396&use=l&cat=p&typeid=i","cat":284550},{"id":14965,"n":"Bas-armagnac AOC 40%vol. - 50cl","p":19.84,"u":"39,68 €/L","img":"https://fd6-photos.leclercdrive.fr/image.ashx?id=2663305&use=l&cat=p&typeid=i","cat":286032},{"id":14971,"n":"Eau de vie Auguste Mugniot Mirabelle - 40%vol. - 50cl","p":21.21,"u":"42,42 €/L","img":"https://fd6-photos.leclercdrive.fr/image.ashx?id=2448522&use=l&cat=p&typeid=i","cat":286032},{"id":14972,"n":"Eau de vie Auguste Mugniot Kirsch - 40%vol. - 50cl","p":21.54,"u":"43,08 €/L","img":"https://fd6-photos.leclercdrive.fr/image.ashx?id=2448525&use=l&cat=p&typeid=i","cat":286032},{"id":14974,"n":"Cognac v.s. Duc de Borzac 40%vol. - 70cl","p":18.98,"u":"27,11 €/L","img":"https://fd6-photos.leclercdrive.fr/image.ashx?id=2397138&use=l&cat=p&typeid=i","cat":286032},{"id":14976,"n":"Vodka Novotna  Pure grain 37.5%vol - 1,5L","p":22.07,"u":"14,71 €/L","img":"https://fd6-photos.leclercdrive.fr/image.ashx?id=784852&use=l&cat=p&typeid=i","cat":284550},{"id":14978,"n":"Liqueur de whisky Baird's Irish cream 17%vol. - 70cl","p":6.69,"u":"9,56 €/L","img":"https://fd6-photos.leclercdrive.fr/image.ashx?id=1654895&use=l&cat=p&typeid=i","cat":286032},{"id":14979,"n":"Crème de cassis de dijon NRT 20%vol. - 70cl","p":9.99,"u":"14,27 €/L","img":"https://fd6-photos.leclercdrive.fr/image.ashx?id=2762632&use=l&cat=p&typeid=i","cat":286032},{"id":14980,"n":"Crème de framboise Auguste  Mugniot 15%vol. - 50cl","p":5.49,"u":"10,98 €/L","img":"https://fd6-photos.leclercdrive.fr/image.ashx?id=829186&use=l&cat=p&typeid=i","cat":286032},{"id":14982,"n":"Cocktail Punch coco Lagoa 15%vol - 70cl","p":4.99,"u":"7,13 €/L","img":"https://fd6-photos.leclercdrive.fr/image.ashx?id=2958311&use=l&cat=p&typeid=i","cat":284551},{"id":14983,"n":"Pastis de Marseille Vivalis 45%vol - 1,5L","p":25.35,"u":"16,90 €/L","img":"https://fd6-photos.leclercdrive.fr/image.ashx?id=2820418&use=l&cat=p&typeid=i","cat":284548},{"id":14984,"n":"Guignolet Auguste Mugniot Kirsch - 15%vol. - 1L","p":7.12,"u":"7,12 €/L","img":"https://fd6-photos.leclercdrive.fr/image.ashx?id=745118&use=l&cat=p&typeid=i","cat":286032},{"id":14985,"n":"Liqueur de gentiane Boliane 15%vol. 1L","p":4.42,"u":"4,42 €/L","img":"https://fd6-photos.leclercdrive.fr/image.ashx?id=2081669&use=l&cat=p&typeid=i","cat":284913},{"id":14987,"n":"Scotch Whisky Baird's 40%vol - 1,5L","p":22.93,"u":"15,29 €/L","img":"https://fd6-photos.leclercdrive.fr/image.ashx?id=2913660&use=l&cat=p&typeid=i","cat":284547},{"id":14993,"n":"Bière blonde Leffe Rituel 9% - 6x25cl","p":5.6,"u":"3,73 €/L","img":"https://fd6-photos.leclercdrive.fr/image.ashx?id=2548285&use=l&cat=p&typeid=i","cat":334852},{"id":14996,"n":"Bière blonde Desquiles 5.9%vol. - 3x33cl","p":3.29,"u":"3,32 €/L","img":"https://fd6-photos.leclercdrive.fr/image.ashx?id=2637874&use=l&cat=p&typeid=i","cat":334878},{"id":14997,"n":"Bière blonde du Nord NRT - 7° - 6x25cl","p":3.72,"u":"2,48 €/L","img":"https://fd6-photos.leclercdrive.fr/image.ashx?id=1928911&use=l&cat=p&typeid=i","cat":334852},{"id":15007,"n":"Protège-slips Doulys Ultra-mince Normal Plié - x30","p":1.19,"u":"0,04 €/P","img":"https://fd6-photos.leclercdrive.fr/image.ashx?id=2816109&use=l&cat=p&typeid=i","cat":284625},{"id":15008,"n":"Eau de source Laqueuille 1L","p":0.26,"u":"0,26 €/L","img":"https://fd6-photos.leclercdrive.fr/image.ashx?id=2617204&use=l&cat=p&typeid=i","cat":284535},{"id":15009,"n":"Champagne Mercier Demi-sec 12%vol - 75cl","p":24.9,"u":"33,20 €/L","img":"https://fd6-photos.leclercdrive.fr/image.ashx?id=1867171&use=l&cat=p&typeid=i","cat":284542},{"id":15010,"n":"Serviette incontinence Chorys Extra - x10","p":1.99,"u":"0,20 €/P","img":"https://fd6-photos.leclercdrive.fr/image.ashx?id=2393851&use=l&cat=p&typeid=i","cat":284628},{"id":15011,"n":"Vin pétillant de l'UE arômatisé Pêche  - 75 cl","p":2.85,"u":"3,80 €/L","img":"https://fd6-photos.leclercdrive.fr/image.ashx?id=2720160&use=l&cat=p&typeid=i","cat":284544},{"id":15013,"n":"Vin pétillant de l'UE  arômatisé Framboise - 75 cl","p":2.86,"u":"3,81 €/L","img":"https://fd6-photos.leclercdrive.fr/image.ashx?id=2720163&use=l&cat=p&typeid=i","cat":284544},{"id":15015,"n":"Pétillant Festalie sans alcool Raisin - 75cl","p":2.94,"u":"3,92 €/L","img":"https://fd6-photos.leclercdrive.fr/image.ashx?id=2017259&use=l&cat=p&typeid=i","cat":289460},{"id":15016,"n":"AOP Crémant d'Alsace Wolfberger Brut - 75cl","p":5.94,"u":"7,92 €/L","img":"https://fd6-photos.leclercdrive.fr/image.ashx?id=2323502&use=l&cat=p&typeid=i","cat":284544},{"id":15022,"n":"Jus de pamplemousse rose Bio Bio Village - 1L","p":3.82,"u":"3,82 €/L","img":"https://fd6-photos.leclercdrive.fr/image.ashx?id=2901524&use=l&cat=p&typeid=i","cat":284914},{"id":15023,"n":"Crème adhésive Dentamyl 50g","p":2.08,"u":"41,60 €/KG","img":"https://fd6-photos.leclercdrive.fr/image.ashx?id=2643372&use=l&cat=p&typeid=i","cat":285158},{"id":15025,"n":"Nectar Jafaden Pomme kiwi - 1L","p":2.35,"u":"2,35 €/L","img":"https://fd6-photos.leclercdrive.fr/image.ashx?id=2895771&use=l&cat=p&typeid=i","cat":284915},{"id":15034,"n":"Déodorant bille Bio Naïa 50ml","p":1.35,"u":"27,00 €/L","img":"https://fd6-photos.leclercdrive.fr/image.ashx?id=2481210&use=l&cat=p&typeid=i","cat":284595},{"id":15036,"n":"Huile sèche corps bio Bio Naïa Spray - 100ml","p":4.59,"u":"45,90 €/L","img":"https://fd6-photos.leclercdrive.fr/image.ashx?id=1655769&use=l&cat=p&typeid=i","cat":325349},{"id":15039,"n":"Crème visage bio Bio Naïa Hydratante 50ml","p":1.99,"u":"39,80 €/L","img":"https://fd6-photos.leclercdrive.fr/image.ashx?id=2436651&use=l&cat=p&typeid=i","cat":325345},{"id":15053,"n":"Déodorant Manava Grenade - 200ml","p":1.39,"u":"6,95 €/L","img":"https://fd6-photos.leclercdrive.fr/image.ashx?id=2699276&use=l&cat=p&typeid=i","cat":284595},{"id":15058,"n":"Biscuits tablettes Bio Village Bio Chocolat au lait 150g","p":2.38,"u":"15,87 €/KG","img":"https://fd6-photos.leclercdrive.fr/image.ashx?id=2650819&use=l&cat=p&typeid=i","cat":284488},{"id":15059,"n":"Gaufrettes P'tit Déli Praliné chocolat au lait - 175g","p":1.85,"u":"10,57 €/KG","img":"https://fd6-photos.leclercdrive.fr/image.ashx?id=2817157&use=l&cat=p&typeid=i","cat":284488},{"id":15060,"n":"Biscuits tablettes Bio Village Bio Chocolat noir 150g","p":2.39,"u":"15,93 €/KG","img":"https://fd6-photos.leclercdrive.fr/image.ashx?id=2708943&use=l&cat=p&typeid=i","cat":284488},{"id":15066,"n":"Savon douceur Manava Bouquet fleurs blanches 4x100g","p":1.45,"u":"3,63 €/KG","img":"https://fd6-photos.leclercdrive.fr/image.ashx?id=2358342&use=l&cat=p&typeid=i","cat":284597},{"id":15076,"n":"Recharges plaquettes Insectivor Anti-moustiques - x30","p":3.24,"u":"0,11 €/P","img":"https://fd6-photos.leclercdrive.fr/image.ashx?id=1938552&use=l&cat=p&typeid=i","cat":298368},{"id":15079,"n":"Fourche à bécher Jardipro Manche béquille","p":19.99,"img":"https://fd6-photos.leclercdrive.fr/image.ashx?id=594335&use=l&cat=p&typeid=i","cat":335920},{"id":15095,"n":"Boisson végétale Noisette Bio  Bjorg- 1L","p":2.39,"u":"2,39 €/L","img":"https://fd6-photos.leclercdrive.fr/image.ashx?id=2972970&use=l&cat=p&typeid=i","cat":316067},{"id":15125,"n":"Marrons glacés Equador 10 marrons entiers - 200g","p":8.19,"u":"40,95 €/KG","img":"https://fd6-photos.leclercdrive.fr/image.ashx?id=2228004&use=l&cat=p&typeid=i","cat":327603},{"id":15130,"n":"Gâteaux fourrés P'tit Déli Abricot x7 - 196g","p":2.69,"u":"13,72 €/KG","img":"https://fd6-photos.leclercdrive.fr/image.ashx?id=2046047&use=l&cat=p&typeid=i","cat":284495},{"id":15131,"n":"Nectar multifruits Jafaden 2L","p":2.49,"u":"1,25 €/L","img":"https://fd6-photos.leclercdrive.fr/image.ashx?id=2956032&use=l&cat=p&typeid=i","cat":284917},{"id":15140,"n":"Biscuits Croustine P'tit Déli Meringue noisette 100g","p":2.29,"u":"22,90 €/KG","img":"https://fd6-photos.leclercdrive.fr/image.ashx?id=2545574&use=l&cat=p&typeid=i","cat":284487},{"id":15145,"n":"Champignons Tables du Monde Noirs déshydratés 25g","p":2.49,"u":"99,60 €/KG","img":"https://fd6-photos.leclercdrive.fr/image.ashx?id=2920166&use=l&cat=p&typeid=i","cat":288992},{"id":15149,"n":"Petit Beurre P'tit Déli Pépites chocolat x24 200g","p":1.87,"u":"9,35 €/KG","img":"https://fd6-photos.leclercdrive.fr/image.ashx?id=2694100&use=l&cat=p&typeid=i","cat":284487},{"id":15152,"n":"Biscuits P'tit Déli Fleur de caramel 100g","p":2.25,"u":"22,50 €/KG","img":"https://fd6-photos.leclercdrive.fr/image.ashx?id=2935220&use=l&cat=p&typeid=i","cat":284490},{"id":15159,"n":"Fécule de maïs Tablier Blanc 400g","p":1.19,"u":"2,98 €/KG","img":"https://fd6-photos.leclercdrive.fr/image.ashx?id=2853690&use=l&cat=p&typeid=i","cat":288382},{"id":15162,"n":"Rillettes pur porc Côté Table 3x78g","p":2.75,"u":"11,75 €/KG","img":"https://fd6-photos.leclercdrive.fr/image.ashx?id=2518514&use=l&cat=p&typeid=i","cat":305149},{"id":15163,"n":"Sablés fourrés P'tit Déli Noisette 125g","p":1.92,"u":"15,36 €/KG","img":"https://fd6-photos.leclercdrive.fr/image.ashx?id=2791266&use=l&cat=p&typeid=i","cat":284487},{"id":15181,"n":"Boisson aux fruits Oasis Saveur Fraise Framboise - 2L","p":2.37,"u":"1,19 €/L","img":"https://fd6-photos.leclercdrive.fr/image.ashx?id=2677819&use=l&cat=p&typeid=i","cat":295018},{"id":15182,"n":"Filets de maquereaux Saupiquet Tomate basilic - 169g","p":2.02,"u":"11,95 €/KG","img":"https://fd6-photos.leclercdrive.fr/image.ashx?id=2829964&use=l&cat=p&typeid=i","cat":303868},{"id":15183,"n":"Filets de maquereaux Saupiquet Escabèche - 169g","p":2.07,"u":"12,25 €/KG","img":"https://fd6-photos.leclercdrive.fr/image.ashx?id=2829970&use=l&cat=p&typeid=i","cat":303868},{"id":15256,"n":"Barre chocolat au lait Lion x6 barres - 252g","p":2.49,"u":"9,88 €/KG","img":"https://fd6-photos.leclercdrive.fr/image.ashx?id=2736991&use=l&cat=p&typeid=i","cat":284498},{"id":15288,"n":"Mouchoirs blancs 4 plis Caresse Mini étuis x15","p":1.16,"u":"0,08 €/P","img":"https://fd6-photos.leclercdrive.fr/image.ashx?id=2824262&use=l&cat=p&typeid=i","cat":284638},{"id":15306,"n":"Eau minérale naturelle St Amand 6x1.5L","p":2.48,"u":"0,28 €/L","img":"https://fd6-photos.leclercdrive.fr/image.ashx?id=2902678&use=l&cat=p&typeid=i","cat":284535},{"id":15403,"n":"Quatre-quarts P'tit Déli De Bretagne 250g","p":1.83,"u":"7,32 €/KG","img":"https://fd6-photos.leclercdrive.fr/image.ashx?id=2891884&use=l&cat=p&typeid=i","cat":294776},{"id":15432,"n":"Hachés poulet gratin Maître Coq 180g","p":2.44,"u":"13,56 €/KG","img":"https://fd6-photos.leclercdrive.fr/image.ashx?id=1884313&use=l&cat=p&typeid=i","cat":333684},{"id":15433,"n":"Hachés de poulet rotis  Maître Coq - 180g","p":2.59,"u":"14,39 €/KG","img":"https://fd6-photos.leclercdrive.fr/image.ashx?id=1884310&use=l&cat=p&typeid=i","cat":316010},{"id":15451,"n":"Escalope de dinde Maître Coq Fine x2 - 240g","p":3.87,"u":"16,13 €/KG","img":"https://fd6-photos.leclercdrive.fr/image.ashx?id=2770088&use=l&cat=p&typeid=i","cat":284337},{"id":15452,"n":"Escalope dinde Maître Coq 600g","p":7.74,"u":"12,90 €/KG","img":"https://fd6-photos.leclercdrive.fr/image.ashx?id=2773421&use=l&cat=p&typeid=i","cat":284337},{"id":15476,"n":"Eau nettoyante Mots d'Enfants Hydratante - 250ml","p":1.93,"u":"7,72 €/L","img":"https://fd6-photos.leclercdrive.fr/image.ashx?id=3015048&use=l&cat=p&typeid=i","cat":284741},{"id":15492,"n":"AOC Muscadet blanc Botinière - 75 Cl","p":4.52,"u":"6,03 €/L","img":"https://fd6-photos.leclercdrive.fr/image.ashx?id=2476275&use=l&cat=p&typeid=i","cat":289557},{"id":15499,"n":"Ruban adhésif Crystal Scotch Dévidoir 25mx19mm x1","p":1.95,"img":"https://fd6-photos.leclercdrive.fr/image.ashx?id=2753587&use=l&cat=p&typeid=i","cat":334133},{"id":15513,"n":"Gâteau cacao Oreo Lu Rouleaux Vanille - 154g","p":0.95,"u":"6,17 €/KG","img":"https://fd6-photos.leclercdrive.fr/image.ashx?id=3002282&use=l&cat=p&typeid=i","cat":284488},{"id":15525,"n":"Mini gâches briochettes NRT Chocolat noir x8 - 360g","p":2.79,"u":"7,75 €/KG","img":"https://fd6-photos.leclercdrive.fr/image.ashx?id=2670440&use=l&cat=p&typeid=i","cat":284478},{"id":15542,"n":"Prépartion mirabelles NRT De Lorraine  - 315g","p":2.64,"u":"8,38 €/KG","img":"https://fd6-photos.leclercdrive.fr/image.ashx?id=2699795&use=l&cat=p&typeid=i","cat":284480},{"id":15544,"n":"Crackers Tokapi  Fromage et graines - 65g","p":1.34,"u":"20,62 €/KG","img":"https://fd6-photos.leclercdrive.fr/image.ashx?id=2075247&use=l&cat=p&typeid=i","cat":297000},{"id":15564,"n":"Chips paysannes Pom'lisse Nature - 150g","p":0.99,"u":"6,60 €/KG","img":"https://fd6-photos.leclercdrive.fr/image.ashx?id=2927854&use=l&cat=p&typeid=i","cat":284447},{"id":15590,"n":"pain complet 3 céréales bio  bjorg 500g","p":2.39,"u":"4,78 €/KG","img":"https://fd6-photos.leclercdrive.fr/image.ashx?id=2752951&use=l&cat=p&typeid=i","cat":325069},{"id":15592,"n":"Fromage enfant Ficello Nature à effilocher x8 - 168g","p":3.31,"u":"19,70 €/KG","img":"https://fd6-photos.leclercdrive.fr/image.ashx?id=2375376&use=l&cat=p&typeid=i","cat":314030},{"id":15594,"n":"Mozzarella tris Galbani 3x125g","p":3.5,"u":"9,33 €/KG","img":"https://fd6-photos.leclercdrive.fr/image.ashx?id=2838425&use=l&cat=p&typeid=i","cat":314026},{"id":15602,"n":"Bière La Goudale 7.2%vol. - 75cl","p":2.38,"u":"3,17 €/L","img":"https://fd6-photos.leclercdrive.fr/image.ashx?id=2830153&use=l&cat=p&typeid=i","cat":334852},{"id":15603,"n":"Bière La Divine Brasseur Gayant Blonde - 8.5%vol. - 75cl","p":3.2,"u":"4,27 €/L","img":"https://fd6-photos.leclercdrive.fr/image.ashx?id=2020410&use=l&cat=p&typeid=i","cat":334872},{"id":15615,"n":"Multifruits Jafaden 100% Pur jus - 1,5L","p":1.99,"u":"1,33 €/L","img":"https://fd6-photos.leclercdrive.fr/image.ashx?id=2890000&use=l&cat=p&typeid=i","cat":284917},{"id":15629,"n":"Salade maxi Florette Mâche - 200g","p":1.98,"u":"9,90 €/KG","img":"https://fd6-photos.leclercdrive.fr/image.ashx?id=2228849&use=l&cat=p&typeid=i","cat":284353},{"id":15635,"n":"Jeunes pousses douces  Florette - 175g","p":1.98,"u":"11,31 €/KG","img":"https://fd6-photos.leclercdrive.fr/image.ashx?id=2844070&use=l&cat=p&typeid=i","cat":284353},{"id":15646,"n":"Saumon Atlantique Connétable 112g","p":4.78,"u":"42,68 €/KG","img":"https://fd6-photos.leclercdrive.fr/image.ashx?id=2960162&use=l&cat=p&typeid=i","cat":305147},{"id":15647,"n":"Soupe Paysanne Légumes Knorr Déshydratée - Au lard - 97g","p":1.18,"u":"12,16 €/KG","img":"https://fd6-photos.leclercdrive.fr/image.ashx?id=2768870&use=l&cat=p&typeid=i","cat":284463},{"id":15741,"n":"Tampons Doulys Compact Super - x20","p":2.35,"u":"0,12 €/P","img":"https://fd6-photos.leclercdrive.fr/image.ashx?id=2965470&use=l&cat=p&typeid=i","cat":284626},{"id":15746,"n":"Soupe Liquide Liebig  Bisque de Homard - 300g","p":2.41,"u":"8,03 €/KG","img":"https://fd6-photos.leclercdrive.fr/image.ashx?id=2651390&use=l&cat=p&typeid=i","cat":287366},{"id":15801,"n":"IGP Pays d'Oc rosé Cinsault Syrah Ormes de Cambras 12% 75cl","p":2.79,"u":"3,72 €/L","img":"https://fd6-photos.leclercdrive.fr/image.ashx?id=2105158&use=l&cat=p&typeid=i","cat":289558},{"id":15805,"n":"Boisson énergisante Red Bull sans sucres, 4x250ml","p":4.18,"u":"4,18 €/L","img":"https://fd6-photos.leclercdrive.fr/image.ashx?id=3009371&use=l&cat=p&typeid=i","cat":284533},{"id":15806,"n":"Boisson énergisante Red Bull Sans Sucres , 250ml","p":1.04,"u":"4,16 €/L","img":"https://fd6-photos.leclercdrive.fr/image.ashx?id=2551618&use=l&cat=p&typeid=i","cat":284533},{"id":15807,"n":"Boisson aux fruits Oasis Goût Pomme Cassis Framboise 2L","p":2.51,"u":"1,26 €/L","img":"https://fd6-photos.leclercdrive.fr/image.ashx?id=3014452&use=l&cat=p&typeid=i","cat":295018},{"id":15808,"n":"AOC Côtes du Rhône rosé Prestige Cellier Dauphins 75cl","p":3.18,"u":"4,24 €/L","img":"https://fd6-photos.leclercdrive.fr/image.ashx?id=2829988&use=l&cat=p&typeid=i","cat":289558},{"id":15821,"n":"Baume Soin lèvres Mixa Anti-dessèchement lot de 2","p":2.29,"u":"1,15 €/P","img":"https://fd6-photos.leclercdrive.fr/image.ashx?id=2425607&use=l&cat=p&typeid=i","cat":285485},{"id":15875,"n":"Eau de Cologne Bien Etre Naturelle - 250ml","p":4.36,"u":"17,44 €/L","img":"https://fd6-photos.leclercdrive.fr/image.ashx?id=2353665&use=l&cat=p&typeid=i","cat":291525},{"id":15895,"n":"Soin cheveux nutrition Garnier Cheveu bouclé à frisé - 200ml","p":2.39,"u":"11,95 €/L","img":"https://fd6-photos.leclercdrive.fr/image.ashx?id=2985354&use=l&cat=p&typeid=i","cat":284608},{"id":15908,"n":"Shampooing Pétrol Hahn original Cheveux normaux 250ml","p":2.4,"u":"9,60 €/L","img":"https://fd6-photos.leclercdrive.fr/image.ashx?id=2480512&use=l&cat=p&typeid=i","cat":284621},{"id":15909,"n":"Shampooing Pétrol Hahn Anti-chûte 250ml","p":2.36,"u":"9,44 €/L","img":"https://fd6-photos.leclercdrive.fr/image.ashx?id=2450649&use=l&cat=p&typeid=i","cat":284606},{"id":15910,"n":"Lait de toilette Mixa Bébé  Très Doux - 400ml","p":3.43,"u":"8,58 €/L","img":"https://fd6-photos.leclercdrive.fr/image.ashx?id=2548672&use=l&cat=p&typeid=i","cat":284740},{"id":15912,"n":"Mousse à raser Williams Peau sensible 200ml","p":1.67,"u":"8,35 €/L","img":"https://fd6-photos.leclercdrive.fr/image.ashx?id=2785976&use=l&cat=p&typeid=i","cat":284617},{"id":15919,"n":"Soin hydratant L'Oréal Paris Men Expert Anti-fatigue - 50ml","p":5.81,"u":"116,20 €/L","img":"https://fd6-photos.leclercdrive.fr/image.ashx?id=2811278&use=l&cat=p&typeid=i","cat":284622},{"id":15937,"n":"Serviette Hygienique Vania  Maxi confort normal plus - x16","p":1.8,"u":"0,11 €/P","img":"https://fd6-photos.leclercdrive.fr/image.ashx?id=2908027&use=l&cat=p&typeid=i","cat":284624},{"id":15969,"n":"Gel nettoyant canalisations  Destop Javel Agrumes - 750ml","p":2.63,"u":"3,51 €/L","img":"https://fd6-photos.leclercdrive.fr/image.ashx?id=2885956&use=l&cat=p&typeid=i","cat":284908},{"id":16025,"n":"Yaourts Lait entier Bio Village Bio Fraise morceaux - 4x125g","p":1.5,"u":"3,00 €/KG","img":"https://fd6-photos.leclercdrive.fr/image.ashx?id=2841968&use=l&cat=p&typeid=i","cat":284410},{"id":16026,"n":"Yaourts brassé Bio Village Bio Pêche - 4x125g","p":1.5,"u":"3,00 €/KG","img":"https://fd6-photos.leclercdrive.fr/image.ashx?id=2841965&use=l&cat=p&typeid=i","cat":284410},{"id":16029,"n":"Carottes Bio Bio Village En rondelles - 600g","p":1.79,"u":"2,98 €/KG","img":"https://fd6-photos.leclercdrive.fr/image.ashx?id=2891809&use=l&cat=p&typeid=i","cat":319805},{"id":16033,"n":"Choux-fleurs Bio Bio Village En fleurettes - 600g","p":1.99,"u":"3,32 €/KG","img":"https://fd6-photos.leclercdrive.fr/image.ashx?id=2891794&use=l&cat=p&typeid=i","cat":319805},{"id":16034,"n":"Petits pois Bio Bio Village Très fins - 600g","p":2.39,"u":"3,98 €/KG","img":"https://fd6-photos.leclercdrive.fr/image.ashx?id=2996021&use=l&cat=p&typeid=i","cat":319805},{"id":16042,"n":"Bâtonnets Trium Café x4 - 280g","p":3.11,"u":"11,11 €/KG","img":"https://fd6-photos.leclercdrive.fr/image.ashx?id=2920767&use=l&cat=p&typeid=i","cat":284265},{"id":16043,"n":"Crevettes cuites Pêche Océan Décortiquées - MSC - 200g","p":3.49,"u":"17,45 €/KG","img":"https://fd6-photos.leclercdrive.fr/image.ashx?id=2478766&use=l&cat=p&typeid=i","cat":319787},{"id":16046,"n":"Fromage de chèvre Les Croisés Frais rond - 200g","p":1.89,"u":"9,45 €/KG","img":"https://fd6-photos.leclercdrive.fr/image.ashx?id=2983796&use=l&cat=p&typeid=i","cat":314031},{"id":16061,"n":"Sauce Tomates Barilla Basilic - 400g","p":1.65,"u":"4,13 €/KG","img":"https://fd6-photos.leclercdrive.fr/image.ashx?id=2832518&use=l&cat=p&typeid=i","cat":287599},{"id":16062,"n":"Sauce Pesto Genovese Barilla Au basilic frais - 190g","p":1.98,"u":"10,42 €/KG","img":"https://fd6-photos.leclercdrive.fr/image.ashx?id=2737585&use=l&cat=p&typeid=i","cat":287599},{"id":16063,"n":"Sauce Pesto Barilla Rosso - 200g","p":1.95,"u":"9,75 €/KG","img":"https://fd6-photos.leclercdrive.fr/image.ashx?id=2308348&use=l&cat=p&typeid=i","cat":287599},{"id":16065,"n":"Bouillon de boeuf Maggi 8 tablettes 80g","p":0.88,"u":"11,00 €/KG","img":"https://fd6-photos.leclercdrive.fr/image.ashx?id=2729932&use=l&cat=p&typeid=i","cat":288379},{"id":16076,"n":"Sauce Italienne Zapetti 3x95g","p":2.21,"u":"7,75 €/KG","img":"https://fd6-photos.leclercdrive.fr/image.ashx?id=2579978&use=l&cat=p&typeid=i","cat":288384},{"id":16077,"n":"Sauce tomate cuisinée Zapetti 3x95g","p":1.62,"u":"5,68 €/KG","img":"https://fd6-photos.leclercdrive.fr/image.ashx?id=2579981&use=l&cat=p&typeid=i","cat":288384},{"id":16095,"n":"Spray anti-moustique Marie Rose 8h - 100ml","p":5.68,"u":"56,80 €/L","img":"https://fd6-photos.leclercdrive.fr/image.ashx?id=2666749&use=l&cat=p&typeid=i","cat":299654},{"id":16142,"n":"Eau de source de Montagne 6x1L","p":1.56,"u":"0,26 €/L","img":"https://fd6-photos.leclercdrive.fr/image.ashx?id=2597621&use=l&cat=p&typeid=i","cat":284535},{"id":16153,"n":"Biscuits petit déj Bio Village Bio Chocolat / Noisettes - 200g","p":2.08,"u":"10,40 €/KG","img":"https://fd6-photos.leclercdrive.fr/image.ashx?id=2371560&use=l&cat=p&typeid=i","cat":284491},{"id":16159,"n":"Brume d'eau pure Inell 400ml","p":1.65,"u":"4,13 €/L","img":"https://fd6-photos.leclercdrive.fr/image.ashx?id=806289&use=l&cat=p&typeid=i","cat":290295},{"id":16171,"n":"Riz Thaï Bio Village Bio - 500g","p":2.45,"u":"4,90 €/KG","img":"https://fd6-photos.leclercdrive.fr/image.ashx?id=2441510&use=l&cat=p&typeid=i","cat":284428},{"id":16172,"n":"Mini Barres chocolatées Lion x18 barres - 350g","p":4.0,"u":"11,43 €/KG","img":"https://fd6-photos.leclercdrive.fr/image.ashx?id=2925553&use=l&cat=p&typeid=i","cat":284498},{"id":16229,"n":"Liqueur Guignolet A. Mugniot 15%vol. - 1L","p":6.44,"u":"6,44 €/L","img":"https://fd6-photos.leclercdrive.fr/image.ashx?id=2641259&use=l&cat=p&typeid=i","cat":286032},{"id":16231,"n":"Porto Tawny Dorrao 20%vol - 75cl","p":11.65,"u":"15,53 €/L","img":"https://fd6-photos.leclercdrive.fr/image.ashx?id=2869856&use=l&cat=p&typeid=i","cat":284913},{"id":16233,"n":"AOC Banyuls Traditionnel Guillaume d'Arria - 75cl","p":6.41,"u":"8,55 €/L","img":"https://fd6-photos.leclercdrive.fr/image.ashx?id=2974750&use=l&cat=p&typeid=i","cat":289556},{"id":16254,"n":"Câpres surfines Rustica Au vinaigre - 60g","p":1.23,"u":"20,50 €/KG","img":"https://fd6-photos.leclercdrive.fr/image.ashx?id=2916686&use=l&cat=p&typeid=i","cat":284458},{"id":16271,"n":"Maïs Géant Vert extra croquant sans résidu pesticides - 285g","p":1.18,"u":"4,14 €/KG","img":"https://fd6-photos.leclercdrive.fr/image.ashx?id=2754267&use=l&cat=p&typeid=i","cat":312611},{"id":16272,"n":"Maïs Géant Vert extra tendre sans résidu pesticides - 285g","p":1.15,"u":"4,04 €/KG","img":"https://fd6-photos.leclercdrive.fr/image.ashx?id=2462448&use=l&cat=p&typeid=i","cat":312611},{"id":16303,"n":"Petits oignons Rustica Vinaigre doux - 190g","p":0.79,"u":"4,16 €/KG","img":"https://fd6-photos.leclercdrive.fr/image.ashx?id=2916683&use=l&cat=p&typeid=i","cat":284458},{"id":16429,"n":"Oeufs frais plein air Bio Bio village - x10","p":3.41,"u":"0,34 €/P","img":"https://fd6-photos.leclercdrive.fr/image.ashx?id=2983844&use=l&cat=p&typeid=i","cat":284378},{"id":16430,"n":"Lait de coco bio Jardin Bio Bio - 400ml","p":2.54,"u":"6,35 €/L","img":"https://fd6-photos.leclercdrive.fr/image.ashx?id=2790132&use=l&cat=p&typeid=i","cat":288992},{"id":16431,"n":"Raviolis bio boeuf Jardin Bio 72cl","p":4.64,"u":"6,44 €/L","img":"https://fd6-photos.leclercdrive.fr/image.ashx?id=2972469&use=l&cat=p&typeid=i","cat":284442},{"id":16432,"n":"Pâte brisée Bio  Bio village - 230g","p":1.99,"u":"8,65 €/KG","img":"https://fd6-photos.leclercdrive.fr/image.ashx?id=2274177&use=l&cat=p&typeid=i","cat":333681},{"id":16433,"n":"Pâte feuilletée Bio Bio village - 230g","p":1.65,"u":"7,17 €/KG","img":"https://fd6-photos.leclercdrive.fr/image.ashx?id=2969006&use=l&cat=p&typeid=i","cat":333681},{"id":16434,"n":"Raviolis aux 3 fromages Bio Bio village - 250g","p":2.9,"u":"11,60 €/KG","img":"https://fd6-photos.leclercdrive.fr/image.ashx?id=2843608&use=l&cat=p&typeid=i","cat":333682},{"id":16436,"n":"Pâtes torsades Bio Village Bio -  500g","p":0.85,"u":"1,70 €/KG","img":"https://fd6-photos.leclercdrive.fr/image.ashx?id=2625367&use=l&cat=p&typeid=i","cat":284427},{"id":16438,"n":"Riz long Bio Village Bio - 500g","p":1.94,"u":"3,88 €/KG","img":"https://fd6-photos.leclercdrive.fr/image.ashx?id=2582996&use=l&cat=p&typeid=i","cat":284428},{"id":16439,"n":"Riz Basmati Bio Village Bio - 500g","p":1.5,"u":"3,00 €/KG","img":"https://fd6-photos.leclercdrive.fr/image.ashx?id=2441507&use=l&cat=p&typeid=i","cat":284428},{"id":16490,"n":"Yaourt nature 0% MG Bio Bio village - 4x125g","p":1.34,"u":"2,68 €/KG","img":"https://fd6-photos.leclercdrive.fr/image.ashx?id=2077427&use=l&cat=p&typeid=i","cat":315000},{"id":16491,"n":"Yaourts Lait brebis Bio Village Bio Vanille - 2x125g","p":1.89,"u":"7,56 €/KG","img":"https://fd6-photos.leclercdrive.fr/image.ashx?id=2646994&use=l&cat=p&typeid=i","cat":314998},{"id":16492,"n":"Légumes pour couscous bio Jardin Bio - 660g","p":3.47,"u":"4,82 €/L","img":"https://fd6-photos.leclercdrive.fr/image.ashx?id=2534887&use=l&cat=p&typeid=i","cat":312612},{"id":16493,"n":"Pâte à tartiner bio Jardin Bio Cacao noisettes - 350g","p":3.88,"u":"11,09 €/KG","img":"https://fd6-photos.leclercdrive.fr/image.ashx?id=2918844&use=l&cat=p&typeid=i","cat":284481},{"id":16520,"n":"Mayonnaise Eco+ Bocal - 470g","p":1.17,"u":"2,49 €/KG","img":"https://fd6-photos.leclercdrive.fr/image.ashx?id=2954322&use=l&cat=p&typeid=i","cat":298295},{"id":16522,"n":"Soufflés cacahuète Eco+ 100g","p":0.34,"u":"3,40 €/KG","img":"https://fd6-photos.leclercdrive.fr/image.ashx?id=2678785&use=l&cat=p&typeid=i","cat":284449},{"id":16524,"n":"Pâtes Eco+ Spaghetti - 1kg","p":1.02,"u":"1,02 €/KG","img":"https://fd6-photos.leclercdrive.fr/image.ashx?id=2757494&use=l&cat=p&typeid=i","cat":284427},{"id":16525,"n":"Purée de pommes de terre Eco+ Déshydratée 4x125g","p":1.39,"u":"2,78 €/KG","img":"https://fd6-photos.leclercdrive.fr/image.ashx?id=2961656&use=l&cat=p&typeid=i","cat":284431},{"id":16526,"n":"Assortiment biscuits salés Eco+ 350g","p":1.06,"u":"3,03 €/KG","img":"https://fd6-photos.leclercdrive.fr/image.ashx?id=2613255&use=l&cat=p&typeid=i","cat":297000},{"id":16527,"n":"Bouillon déshydraté Eco+ Volaille - 12x10g","p":0.67,"u":"5,58 €/KG","img":"https://fd6-photos.leclercdrive.fr/image.ashx?id=1735897&use=l&cat=p&typeid=i","cat":288379},{"id":16528,"n":"Bouillon déshydraté Eco+ Boeuf - 12x10g","p":0.69,"u":"5,75 €/KG","img":"https://fd6-photos.leclercdrive.fr/image.ashx?id=1735894&use=l&cat=p&typeid=i","cat":288379},{"id":16536,"n":"Sucre Eco+ En morceaux - 1kg","p":1.33,"u":"1,33 €/KG","img":"https://fd6-photos.leclercdrive.fr/image.ashx?id=2675676&use=l&cat=p&typeid=i","cat":284502},{"id":16547,"n":"Barquette chiens Eco+ A la Volaille - 300g","p":0.52,"u":"1,73 €/KG","img":"https://fd6-photos.leclercdrive.fr/image.ashx?id=2052727&use=l&cat=p&typeid=i","cat":284673},{"id":16548,"n":"Barquette pour chats Eco+ Riche en volaille - 100g","p":0.24,"u":"2,40 €/KG","img":"https://fd6-photos.leclercdrive.fr/image.ashx?id=2052736&use=l&cat=p&typeid=i","cat":285286},{"id":16550,"n":"Limonade Eco+ 1,5L","p":0.38,"u":"0,25 €/L","img":"https://fd6-photos.leclercdrive.fr/image.ashx?id=2245752&use=l&cat=p&typeid=i","cat":284531},{"id":16552,"n":"Jus de pomme abc Eco+ 1L","p":0.85,"u":"0,85 €/L","img":"https://fd6-photos.leclercdrive.fr/image.ashx?id=2802269&use=l&cat=p&typeid=i","cat":284522},{"id":16553,"n":"Soda cola Eco+ 1,5L","p":0.49,"u":"0,33 €/L","img":"https://fd6-photos.leclercdrive.fr/image.ashx?id=2082552&use=l&cat=p&typeid=i","cat":284530},{"id":16554,"n":"Soda cola light 1,5l","p":0.4,"u":"0,27 €/L","img":"https://fd6-photos.leclercdrive.fr/image.ashx?id=2821792&use=l&cat=p&typeid=i","cat":284530},{"id":16555,"n":"Boisson aromatisée Eco+ Exotique 2L","p":0.97,"u":"0,49 €/L","img":"https://fd6-photos.leclercdrive.fr/image.ashx?id=2755049&use=l&cat=p&typeid=i","cat":295018},{"id":16558,"n":"Thé glacé pêche Eco  2L","p":1.25,"u":"0,63 €/L","img":"https://fd6-photos.leclercdrive.fr/image.ashx?id=2764955&use=l&cat=p&typeid=i","cat":295019},{"id":16560,"n":"Lingettes multi-usages Eco+ Citron x50","p":0.62,"img":"https://fd6-photos.leclercdrive.fr/image.ashx?id=2308533&use=l&cat=p&typeid=i","cat":325358},{"id":16561,"n":"Eau de javel Eco+ Bidon - 5L","p":1.09,"u":"0,22 €/L","img":"https://fd6-photos.leclercdrive.fr/image.ashx?id=2883913&use=l&cat=p&typeid=i","cat":284661},{"id":16569,"n":"Mini pâté en croute Eco+ 450g","p":1.97,"u":"4,38 €/KG","img":"https://fd6-photos.leclercdrive.fr/image.ashx?id=2724541&use=l&cat=p&typeid=i","cat":316003},{"id":16577,"n":"Crème sous pression Eco+ Crème légère et sucrée - 250g","p":1.69,"u":"6,76 €/KG","img":"https://fd6-photos.leclercdrive.fr/image.ashx?id=2856242&use=l&cat=p&typeid=i","cat":284382},{"id":16582,"n":"Pommes frites Eco+ 2,5kg","p":2.81,"u":"1,12 €/KG","img":"https://fd6-photos.leclercdrive.fr/image.ashx?id=2660523&use=l&cat=p&typeid=i","cat":319791},{"id":16583,"n":"Pommes rissolées surgelées Eco+ 1kg","p":1.11,"u":"1,11 €/KG","img":"https://fd6-photos.leclercdrive.fr/image.ashx?id=2085934&use=l&cat=p&typeid=i","cat":319792},{"id":16642,"n":"Génoises fourrées P'tit Déli Agrumes - 150g","p":1.09,"u":"7,27 €/KG","img":"https://fd6-photos.leclercdrive.fr/image.ashx?id=2482502&use=l&cat=p&typeid=i","cat":284489},{"id":16701,"n":"Bouchées RAFFAELLO Noix de coco Amandes - 180g","p":4.71,"u":"26,17 €/KG","img":"https://fd6-photos.leclercdrive.fr/image.ashx?id=2937857&use=l&cat=p&typeid=i","cat":327595},{"id":16737,"n":"Viande hachée 15% MG Férial 500g","p":7.29,"u":"14,58 €/KG","img":"https://fd6-photos.leclercdrive.fr/image.ashx?id=2904013&use=l&cat=p&typeid=i","cat":284332},{"id":16741,"n":"Viande hachée 5% MG Férial 350g","p":5.71,"u":"16,31 €/KG","img":"https://fd6-photos.leclercdrive.fr/image.ashx?id=2904010&use=l&cat=p&typeid=i","cat":284332},{"id":16742,"n":"Steak haché Férial 15%mg - 800g","p":11.49,"u":"14,36 €/KG","img":"https://fd6-photos.leclercdrive.fr/image.ashx?id=2904004&use=l&cat=p&typeid=i","cat":284332},{"id":16747,"n":"Viande hachée 15% MG Férial 350g","p":5.59,"u":"15,97 €/KG","img":"https://fd6-photos.leclercdrive.fr/image.ashx?id=2904007&use=l&cat=p&typeid=i","cat":284332},{"id":16765,"n":"Steak haché Férial pur boeuf 5%mg - 250g","p":4.74,"u":"18,96 €/KG","img":"https://fd6-photos.leclercdrive.fr/image.ashx?id=2903998&use=l&cat=p&typeid=i","cat":284332},{"id":16782,"n":"Steak haché Férial 15%mg 250g","p":3.99,"u":"15,96 €/KG","img":"https://fd6-photos.leclercdrive.fr/image.ashx?id=2904001&use=l&cat=p&typeid=i","cat":284332},{"id":16783,"n":"AOP Saumur brut Les Caractères - 75cl","p":4.49,"u":"5,99 €/L","img":"https://fd6-photos.leclercdrive.fr/image.ashx?id=2895774&use=l&cat=p&typeid=i","cat":284544},{"id":16800,"n":"Eau minérale naturelle Contrex 6x1L","p":2.58,"u":"0,43 €/L","img":"https://fd6-photos.leclercdrive.fr/image.ashx?id=2731720&use=l&cat=p&typeid=i","cat":284535},{"id":16805,"n":"Viande bovine Férial steak ** à griller - 280g","p":5.79,"u":"20,68 €/KG","img":"https://fd6-photos.leclercdrive.fr/image.ashx?id=2483557&use=l&cat=p&typeid=i","cat":284328},{"id":16829,"n":"Fusilli Côté Snack Pâtes 4 fromages - 300g","p":1.89,"u":"6,30 €/KG","img":"https://fd6-photos.leclercdrive.fr/image.ashx?id=2748726&use=l&cat=p&typeid=i","cat":334983},{"id":16841,"n":"Génoises fourrées P'tit Déli Framboise cassis - 150g","p":1.06,"u":"7,07 €/KG","img":"https://fd6-photos.leclercdrive.fr/image.ashx?id=2473981&use=l&cat=p&typeid=i","cat":284489},{"id":16842,"n":"Spéculoos P'tit Déli 2x250g","p":1.47,"u":"2,94 €/KG","img":"https://fd6-photos.leclercdrive.fr/image.ashx?id=2046364&use=l&cat=p&typeid=i","cat":284487},{"id":16847,"n":"Chewing-gum Freedent white Menthe douce 70g","p":2.15,"u":"30,71 €/KG","img":"https://fd6-photos.leclercdrive.fr/image.ashx?id=2237289&use=l&cat=p&typeid=i","cat":304251},{"id":16848,"n":"Chewing gum Freedent white Menthe verte 70g","p":2.13,"u":"30,43 €/KG","img":"https://fd6-photos.leclercdrive.fr/image.ashx?id=2355899&use=l&cat=p&typeid=i","cat":304251},{"id":16849,"n":"Chewing-gum Freedent white Menthe forte 70g","p":2.13,"u":"30,43 €/KG","img":"https://fd6-photos.leclercdrive.fr/image.ashx?id=2237292&use=l&cat=p&typeid=i","cat":304251},{"id":16916,"n":"Croquette Tous Mes Amis Vitalité - viande de boeuf 10kg","p":12.99,"u":"1,30 €/KG","img":"https://fd6-photos.leclercdrive.fr/image.ashx?id=2078635&use=l&cat=p&typeid=i","cat":284672},{"id":16920,"n":"Coeurs d'artichaut Notre Jardin 240g","p":2.49,"u":"10,38 €/KG","img":"https://fd6-photos.leclercdrive.fr/image.ashx?id=2501994&use=l&cat=p&typeid=i","cat":312611},{"id":16934,"n":"Viande bovine  Férial 1x  Faux filet *** à griller - 160g","p":4.51,"u":"28,19 €/KG","img":"https://fd6-photos.leclercdrive.fr/image.ashx?id=2591554&use=l&cat=p&typeid=i","cat":284328},{"id":16996,"n":"Liquide de rinçage Visior Lave-vaisselle - 750ml","p":0.89,"u":"1,19 €/L","img":"https://fd6-photos.leclercdrive.fr/image.ashx?id=2874377&use=l&cat=p&typeid=i","cat":284657},{"id":17014,"n":"Fromage apéritif Apéricube Sélection festive 48 cubes","p":4.17,"u":"16,68 €/KG","img":"https://fd6-photos.leclercdrive.fr/image.ashx?id=2882665&use=l&cat=p&typeid=i","cat":314027},{"id":17036,"n":"Mouchoirs blancs 3 plis Caresse Boîte mouchoirs papier x90","p":1.04,"u":"0,01 €/P","img":"https://fd6-photos.leclercdrive.fr/image.ashx?id=2777915&use=l&cat=p&typeid=i","cat":284638},{"id":17037,"n":"Rasoir Carré Homme 5 lames - x1","p":4.69,"img":"https://fd6-photos.leclercdrive.fr/image.ashx?id=2704657&use=l&cat=p&typeid=i","cat":284616},{"id":17104,"n":"Tuiles Tokapi  Nature - 170g","p":1.35,"u":"7,94 €/KG","img":"https://fd6-photos.leclercdrive.fr/image.ashx?id=2632849&use=l&cat=p&typeid=i","cat":287899},{"id":17105,"n":"Chips Tuiles Tokapi Crème oignon - 170g","p":1.35,"u":"7,94 €/KG","img":"https://fd6-photos.leclercdrive.fr/image.ashx?id=2643375&use=l&cat=p&typeid=i","cat":287899},{"id":17108,"n":"Brume d'eau pure Inell 150ml","p":1.25,"u":"8,33 €/L","img":"https://fd6-photos.leclercdrive.fr/image.ashx?id=2712980&use=l&cat=p&typeid=i","cat":290295},{"id":17112,"n":"Limonade Bio village Bio - 1L","p":0.96,"u":"0,96 €/L","img":"https://fd6-photos.leclercdrive.fr/image.ashx?id=2632900&use=l&cat=p&typeid=i","cat":284531},{"id":17113,"n":"Cidre bouché Bio village Bio 4% vol - 75cl","p":2.29,"u":"3,05 €/L","img":"https://fd6-photos.leclercdrive.fr/image.ashx?id=2907255&use=l&cat=p&typeid=i","cat":334880},{"id":17158,"n":"Mozzarella Bio  Bio village - 125g","p":1.21,"u":"9,68 €/KG","img":"https://fd6-photos.leclercdrive.fr/image.ashx?id=2856350&use=l&cat=p&typeid=i","cat":314026},{"id":17167,"n":"Paupiettes de dinde Maître Coq Nature x4 - 520g","p":9.5,"u":"18,27 €/KG","img":"https://fd6-photos.leclercdrive.fr/image.ashx?id=2569482&use=l&cat=p&typeid=i","cat":284337},{"id":17189,"n":"Biscuit petit dej P'tit Déli Miel/pépites chocolat - 400g","p":2.15,"u":"5,38 €/KG","img":"https://fd6-photos.leclercdrive.fr/image.ashx?id=2999502&use=l&cat=p&typeid=i","cat":284491},{"id":17220,"n":"Nettoyant spray Clair Anti-calcaire 750ml","p":0.94,"u":"1,25 €/L","img":"https://fd6-photos.leclercdrive.fr/image.ashx?id=2882316&use=l&cat=p&typeid=i","cat":325362},{"id":17223,"n":"Mouchoirs blancs 3 plis Caresse Boîte déco décor aléatoire x70","p":1.52,"u":"0,02 €/P","img":"https://fd6-photos.leclercdrive.fr/image.ashx?id=2812548&use=l&cat=p&typeid=i","cat":284638},{"id":17294,"n":"Pâtes crozets nature Alpina 400g","p":2.64,"u":"6,60 €/KG","img":"https://fd6-photos.leclercdrive.fr/image.ashx?id=2795072&use=l&cat=p&typeid=i","cat":284427},{"id":17295,"n":"Pâtes crozets Alpina Savoie Au sarrasin - 400g","p":2.68,"u":"6,70 €/KG","img":"https://fd6-photos.leclercdrive.fr/image.ashx?id=2795075&use=l&cat=p&typeid=i","cat":284427},{"id":17338,"n":"Feutres de coloriage Esquisse Lavable - Pointe moyenne x24","p":2.3,"img":"https://fd6-photos.leclercdrive.fr/image.ashx?id=2727659&use=l&cat=p&typeid=i","cat":284696},{"id":17340,"n":"Pizza Cuite sur pierre Turini  Poulet rôti poivrons - 400g","p":2.23,"u":"5,58 €/KG","img":"https://fd6-photos.leclercdrive.fr/image.ashx?id=2815235&use=l&cat=p&typeid=i","cat":284256},{"id":17348,"n":"Lanières poivrons Notre Jardin 600g","p":2.15,"u":"3,58 €/KG","img":"https://fd6-photos.leclercdrive.fr/image.ashx?id=2916680&use=l&cat=p&typeid=i","cat":319805},{"id":17362,"n":"Moules ASC Pêche Océan Décortiquées - 500g","p":3.38,"u":"6,76 €/KG","img":"https://fd6-photos.leclercdrive.fr/image.ashx?id=2835023&use=l&cat=p&typeid=i","cat":319787},{"id":17379,"n":"Gants fins latex Mapa Douceur satiné taille L - x10","p":3.02,"u":"0,30 €/P","img":"https://fd6-photos.leclercdrive.fr/image.ashx?id=2864489&use=l&cat=p&typeid=i","cat":284668},{"id":17380,"n":"Gants fins latex Mapa Douceur satiné taille M - x10","p":2.99,"u":"0,30 €/P","img":"https://fd6-photos.leclercdrive.fr/image.ashx?id=2592504&use=l&cat=p&typeid=i","cat":284668},{"id":17383,"n":"Gants ultra-résistants Mapa Taille L - x2","p":1.94,"u":"0,97 €/P","img":"https://fd6-photos.leclercdrive.fr/image.ashx?id=2732437&use=l&cat=p&typeid=i","cat":284668},{"id":17384,"n":"Gants ultra-résistants Mapa Taille M","p":1.95,"img":"https://fd6-photos.leclercdrive.fr/image.ashx?id=2732434&use=l&cat=p&typeid=i","cat":284668},{"id":17389,"n":"Biscuits dorés extra P'tit Déli 2x150g","p":1.19,"u":"3,97 €/KG","img":"https://fd6-photos.leclercdrive.fr/image.ashx?id=778210&use=l&cat=p&typeid=i","cat":284487},{"id":17390,"n":"Tampon à récurer Mamison x3","p":0.68,"u":"0,23 €/P","img":"https://fd6-photos.leclercdrive.fr/image.ashx?id=2216957&use=l&cat=p&typeid=i","cat":284667},{"id":17392,"n":"Mouchoirs blanc 4 plis Univert Etuis x15 - Ecolabel","p":1.95,"u":"0,13 €/P","img":"https://fd6-photos.leclercdrive.fr/image.ashx?id=2549951&use=l&cat=p&typeid=i","cat":284638},{"id":17409,"n":"Lotion capillaire Carré Homme Cheveux blancs et gris 400ml","p":1.99,"u":"4,98 €/L","img":"https://fd6-photos.leclercdrive.fr/image.ashx?id=1961961&use=l&cat=p&typeid=i","cat":284621},{"id":17410,"n":"Gel anticalcaire Texil 750ml","p":2.59,"u":"3,45 €/L","img":"https://fd6-photos.leclercdrive.fr/image.ashx?id=2958711&use=l&cat=p&typeid=i","cat":284653},{"id":17413,"n":"Sacs congélation zip Elembal Petit modèle x25","p":1.45,"u":"0,06 €/P","img":"https://fd6-photos.leclercdrive.fr/image.ashx?id=2751883&use=l&cat=p&typeid=i","cat":334134},{"id":17414,"n":"Activateur de lavage Textil Spécial blanc 10 tablettes","p":2.1,"u":"9,33 €/KG","img":"https://fd6-photos.leclercdrive.fr/image.ashx?id=2964565&use=l&cat=p&typeid=i","cat":284651},{"id":17417,"n":"AOC Rosé d'Anjou vin rosé Les Caractères - BIB 3L","p":12.49,"u":"4,16 €/L","img":"https://fd6-photos.leclercdrive.fr/image.ashx?id=2921405&use=l&cat=p&typeid=i","cat":289560},{"id":17421,"n":"Sirop Frucci Anis - 1L","p":4.16,"u":"4,16 €/L","img":"https://fd6-photos.leclercdrive.fr/image.ashx?id=2954082&use=l&cat=p&typeid=i","cat":295020},{"id":17422,"n":"IGP Pays d'Oc Syrah vin rouge Vieux Carion -75 cl","p":2.25,"u":"3,00 €/L","img":"https://fd6-photos.leclercdrive.fr/image.ashx?id=2934667&use=l&cat=p&typeid=i","cat":289556},{"id":17423,"n":"IGP Côtes de Gascogne vin blanc Terrasses d'Autan - 75cl","p":2.99,"u":"3,99 €/L","img":"https://fd6-photos.leclercdrive.fr/image.ashx?id=2886448&use=l&cat=p&typeid=i","cat":289557},{"id":17425,"n":"Fromage blanc Délisse Vanille 2,5%MG - 8x100g","p":2.82,"u":"3,53 €/KG","img":"https://fd6-photos.leclercdrive.fr/image.ashx?id=3012827&use=l&cat=p&typeid=i","cat":284409},{"id":17445,"n":"AOP Saumur demi-sec Les Caractères - 75cl","p":4.49,"u":"5,99 €/L","img":"https://fd6-photos.leclercdrive.fr/image.ashx?id=2895777&use=l&cat=p&typeid=i","cat":284544},{"id":17469,"n":"Biscuits P'tit Déli Bâtonnets Chocolat blanc 150g","p":1.7,"u":"11,33 €/KG","img":"https://fd6-photos.leclercdrive.fr/image.ashx?id=2470195&use=l&cat=p&typeid=i","cat":284488},{"id":17571,"n":"Crème entière fluide UHT Délisse - Brique 30%mg - 1L","p":4.25,"u":"4,25 €/L","img":"https://fd6-photos.leclercdrive.fr/image.ashx?id=2509980&use=l&cat=p&typeid=i","cat":284381},{"id":17584,"n":"Dissolvant Maybelline New York Manucure Express - 125ml","p":3.16,"u":"25,28 €/L","img":"https://fd6-photos.leclercdrive.fr/image.ashx?id=2348367&use=l&cat=p&typeid=i","cat":325347},{"id":17625,"n":"Bûche glacée Eskiss Fruits rouges et biscuit - 564g","p":3.59,"u":"6,37 €/KG","img":"https://fd6-photos.leclercdrive.fr/image.ashx?id=2459156&use=l&cat=p&typeid=i","cat":284266},{"id":17627,"n":"Mini bûches glacées Eskiss Assortiment - 311g","p":2.29,"u":"7,36 €/KG","img":"https://fd6-photos.leclercdrive.fr/image.ashx?id=2614458&use=l&cat=p&typeid=i","cat":284266},{"id":17645,"n":"Whisky Jameson 40%vol - 1L","p":26.6,"u":"26,60 €/L","img":"https://fd6-photos.leclercdrive.fr/image.ashx?id=2880922&use=l&cat=p&typeid=i","cat":284547},{"id":17653,"n":"Fromage apéritif Apéricube Best of des saveurs 48 cubes","p":4.17,"u":"16,68 €/KG","img":"https://fd6-photos.leclercdrive.fr/image.ashx?id=2882662&use=l&cat=p&typeid=i","cat":314027},{"id":17694,"n":"Couches bébé Mots d'Enfants T4+ Ultra confort - 9/20kg - x144","p":20.5,"u":"0,14 €/P","img":"https://fd6-photos.leclercdrive.fr/image.ashx?id=2689426&use=l&cat=p&typeid=i","cat":284737},{"id":17710,"n":"Sauce Hollandaise Knorr Au jus de citron - 30cl","p":1.5,"u":"5,00 €/L","img":"https://fd6-photos.leclercdrive.fr/image.ashx?id=2985099&use=l&cat=p&typeid=i","cat":288381},{"id":17717,"n":"Blanc de poulet Tradilège x4 160g","p":1.36,"u":"8,50 €/KG","img":"https://fd6-photos.leclercdrive.fr/image.ashx?id=2925738&use=l&cat=p&typeid=i","cat":316010},{"id":17718,"n":"Blanc de dinde Tradilège 4 tranches 160g","p":1.65,"u":"10,31 €/KG","img":"https://fd6-photos.leclercdrive.fr/image.ashx?id=2989787&use=l&cat=p&typeid=i","cat":316010},{"id":17754,"n":"Flageolets Cassegrain - 2x265g","p":3.07,"u":"5,79 €/KG","img":"https://fd6-photos.leclercdrive.fr/image.ashx?id=2983090&use=l&cat=p&typeid=i","cat":312606},{"id":17768,"n":"Boudins blancs au porto Tradilège x3 - 375g","p":3.9,"u":"10,40 €/KG","img":"https://fd6-photos.leclercdrive.fr/image.ashx?id=2252040&use=l&cat=p&typeid=i","cat":316012},{"id":17813,"n":"Détachant Texil avant lavage 500ml","p":1.75,"u":"3,50 €/L","img":"https://fd6-photos.leclercdrive.fr/image.ashx?id=2958708&use=l&cat=p&typeid=i","cat":284651},{"id":17845,"n":"Saumon crème fraîche Marie Fondue poireaux 400g","p":5.07,"u":"12,68 €/KG","img":"https://fd6-photos.leclercdrive.fr/image.ashx?id=2996785&use=l&cat=p&typeid=i","cat":319786},{"id":17899,"n":"Knacks pur porc Tradilège Fumées au bois x10 - 350g","p":1.52,"u":"4,34 €/KG","img":"https://fd6-photos.leclercdrive.fr/image.ashx?id=2448321&use=l&cat=p&typeid=i","cat":316012},{"id":17901,"n":"Macaroni d'Alsace NRT 250g","p":1.39,"u":"5,56 €/KG","img":"https://fd6-photos.leclercdrive.fr/image.ashx?id=2839989&use=l&cat=p&typeid=i","cat":284427},{"id":17917,"n":"Nettoyant canalisations Ouragan Fraîcheur mentholée - 1L","p":3.7,"u":"3,70 €/L","img":"https://fd6-photos.leclercdrive.fr/image.ashx?id=2367544&use=l&cat=p&typeid=i","cat":284662},{"id":17937,"n":"IGP Pruneaux d'agen Bio Village Bio - 250g","p":2.96,"u":"11,84 €/KG","img":"https://fd6-photos.leclercdrive.fr/image.ashx?id=2049211&use=l&cat=p&typeid=i","cat":284357},{"id":17938,"n":"Flan nappé caramel Bio Bio Village - 4x125g","p":1.99,"u":"3,98 €/KG","img":"https://fd6-photos.leclercdrive.fr/image.ashx?id=1079077&use=l&cat=p&typeid=i","cat":284420},{"id":17969,"n":"Purée de fruit NATURNES Pomme pêche 4M+ - 4x130g","p":2.23,"u":"4,29 €/KG","img":"https://fd6-photos.leclercdrive.fr/image.ashx?id=2629644&use=l&cat=p&typeid=i","cat":312387},{"id":18000,"n":"Lait céréales Blédidej 12 mois Chocolat biscuité - 4x250ml","p":3.55,"u":"3,55 €/L","img":"https://fd6-photos.leclercdrive.fr/image.ashx?id=2921028&use=l&cat=p&typeid=i","cat":312226},{"id":18001,"n":"Lait céréales Blédidej 6 mois Briochée - 4x250ml","p":3.64,"u":"3,64 €/L","img":"https://fd6-photos.leclercdrive.fr/image.ashx?id=2921049&use=l&cat=p&typeid=i","cat":312226},{"id":18002,"n":"Lait céréales Blédidej 12 mois Biscuité vanille - 4x250ml","p":3.44,"u":"3,44 €/L","img":"https://fd6-photos.leclercdrive.fr/image.ashx?id=2921034&use=l&cat=p&typeid=i","cat":312226},{"id":18003,"n":"Lait céréales Blédidej 12 mois Vanille chocolat - 4x250ml","p":3.44,"u":"3,44 €/L","img":"https://fd6-photos.leclercdrive.fr/image.ashx?id=2921031&use=l&cat=p&typeid=i","cat":312226},{"id":18066,"n":"Nouilles chinoises Suzi Wan En nid - 250g","p":1.66,"u":"6,64 €/KG","img":"https://fd6-photos.leclercdrive.fr/image.ashx?id=2886253&use=l&cat=p&typeid=i","cat":288992},{"id":18070,"n":"Fromage frais bio Bio Village Fruits panachés - 12x50g","p":2.76,"u":"4,60 €/KG","img":"https://fd6-photos.leclercdrive.fr/image.ashx?id=2992630&use=l&cat=p&typeid=i","cat":284409},{"id":18088,"n":"Eau déminéralisée  Mieuxa - 1L","p":0.79,"u":"0,79 €/L","img":"https://fd6-photos.leclercdrive.fr/image.ashx?id=2500096&use=l&cat=p&typeid=i","cat":300576},{"id":18096,"n":"Plat bébé Blédina 8 mois  Légumes saumon - 2x200g","p":2.68,"u":"6,70 €/KG","img":"https://fd6-photos.leclercdrive.fr/image.ashx?id=2975059&use=l&cat=p&typeid=i","cat":312236},{"id":18098,"n":"Lait céréales bébé Blédiner 6m Carotte soir - 4x250ml","p":3.77,"u":"3,77 €/L","img":"https://fd6-photos.leclercdrive.fr/image.ashx?id=2478556&use=l&cat=p&typeid=i","cat":312239},{"id":18100,"n":"Lait céréales bébé Blédiner 12m Légumes soir - 2x250ml","p":1.8,"u":"3,60 €/L","img":"https://fd6-photos.leclercdrive.fr/image.ashx?id=2960144&use=l&cat=p&typeid=i","cat":312239},{"id":18102,"n":"Lait céréales bébé Blédiner 6m Légume soir - 4x250ml","p":3.68,"u":"3,68 €/L","img":"https://fd6-photos.leclercdrive.fr/image.ashx?id=2730061&use=l&cat=p&typeid=i","cat":312239},{"id":18123,"n":"Barres Copains Copines x16 - 200g","p":2.25,"u":"11,25 €/KG","img":"https://fd6-photos.leclercdrive.fr/image.ashx?id=2872442&use=l&cat=p&typeid=i","cat":284498},{"id":18124,"n":"Pêche poire cerise  Douceur du Verger - 4x70g","p":2.79,"u":"9,96 €/KG","img":"https://fd6-photos.leclercdrive.fr/image.ashx?id=2149378&use=l&cat=p&typeid=i","cat":284507},{"id":18207,"n":"Lingettes démaquillantes Inell x25","p":1.34,"u":"0,05 €/P","img":"https://fd6-photos.leclercdrive.fr/image.ashx?id=2769579&use=l&cat=p&typeid=i","cat":284603},{"id":18208,"n":"Lingettes démaquillantes Inell x25","p":1.34,"u":"0,05 €/P","img":"https://fd6-photos.leclercdrive.fr/image.ashx?id=2752622&use=l&cat=p&typeid=i","cat":284603},{"id":18218,"n":"Chipolatas Férial x6 - 330g","p":3.49,"u":"10,58 €/KG","img":"https://fd6-photos.leclercdrive.fr/image.ashx?id=2837096&use=l&cat=p&typeid=i","cat":284334},{"id":18219,"n":"Merguez Férial x6 - 330g","p":4.19,"u":"12,70 €/KG","img":"https://fd6-photos.leclercdrive.fr/image.ashx?id=2840019&use=l&cat=p&typeid=i","cat":284334},{"id":18221,"n":"Lardons supérieurs Tradilège Nature - 2x100g","p":1.85,"u":"9,25 €/KG","img":"https://fd6-photos.leclercdrive.fr/image.ashx?id=2933340&use=l&cat=p&typeid=i","cat":316011},{"id":18223,"n":"Lardons supérieurs Tradilège Fumés - 2x100g","p":1.85,"u":"9,25 €/KG","img":"https://fd6-photos.leclercdrive.fr/image.ashx?id=2933343&use=l&cat=p&typeid=i","cat":316011},{"id":18224,"n":"Allumettes Tradilège Nature - 2x100g","p":1.75,"u":"8,75 €/KG","img":"https://fd6-photos.leclercdrive.fr/image.ashx?id=2933349&use=l&cat=p&typeid=i","cat":316011},{"id":18225,"n":"Allumettes Tradilège Fumées - 2x100g","p":1.75,"u":"8,75 €/KG","img":"https://fd6-photos.leclercdrive.fr/image.ashx?id=2933346&use=l&cat=p&typeid=i","cat":316011},{"id":18227,"n":"Lardons supérieurs Tradilège Nature - 160g","p":1.5,"u":"9,38 €/KG","img":"https://fd6-photos.leclercdrive.fr/image.ashx?id=2751949&use=l&cat=p&typeid=i","cat":316011},{"id":18230,"n":"Lardons supérieurs Tradilège Fumés - 160g","p":1.5,"u":"9,38 €/KG","img":"https://fd6-photos.leclercdrive.fr/image.ashx?id=2816636&use=l&cat=p&typeid=i","cat":316011},{"id":18231,"n":"Poitrine fumée Tradilège 4 tranches 300 gr","p":4.65,"u":"15,50 €/KG","img":"https://fd6-photos.leclercdrive.fr/image.ashx?id=2852273&use=l&cat=p&typeid=i","cat":316011},{"id":18233,"n":"Poitrine Fumée Tradilège Tranches fines - 2x7T - 200g","p":2.48,"u":"12,40 €/KG","img":"https://fd6-photos.leclercdrive.fr/image.ashx?id=2852267&use=l&cat=p&typeid=i","cat":316011},{"id":18234,"n":"Jambon blanc Tradilège A l'italienne 4 tranches 120g","p":2.19,"u":"18,25 €/KG","img":"https://fd6-photos.leclercdrive.fr/image.ashx?id=2984182&use=l&cat=p&typeid=i","cat":316009},{"id":18235,"n":"Mousse de foie Tradilège Supérieure 180g","p":1.24,"u":"6,89 €/KG","img":"https://fd6-photos.leclercdrive.fr/image.ashx?id=2693147&use=l&cat=p&typeid=i","cat":316008},{"id":18236,"n":"Mousse de foie Tradilège 2x50g","p":0.99,"u":"9,90 €/KG","img":"https://fd6-photos.leclercdrive.fr/image.ashx?id=2999625&use=l&cat=p&typeid=i","cat":316008},{"id":18246,"n":"Rillettes du Mans Tradilège 400g","p":2.32,"u":"5,80 €/KG","img":"https://fd6-photos.leclercdrive.fr/image.ashx?id=2580385&use=l&cat=p&typeid=i","cat":316008},{"id":18250,"n":"Saucisses Francfort Tradilège x4 240g","p":2.07,"u":"8,63 €/KG","img":"https://fd6-photos.leclercdrive.fr/image.ashx?id=2905955&use=l&cat=p&typeid=i","cat":316012},{"id":18251,"n":"Knacks Tradilège Fumées au bois - x4 - 140g","p":1.05,"u":"7,50 €/KG","img":"https://fd6-photos.leclercdrive.fr/image.ashx?id=2930739&use=l&cat=p&typeid=i","cat":316012},{"id":18252,"n":"Knacks Tradilège Fumées au bois - x6 - 210g","p":1.38,"u":"6,57 €/KG","img":"https://fd6-photos.leclercdrive.fr/image.ashx?id=2448318&use=l&cat=p&typeid=i","cat":316012},{"id":18257,"n":"Saucisses Cocktail Tradilège 400g","p":2.82,"u":"7,05 €/KG","img":"https://fd6-photos.leclercdrive.fr/image.ashx?id=2659082&use=l&cat=p&typeid=i","cat":316012},{"id":18258,"n":"Saucisse Tradilège Mini Knacks Pot micro ondable 200g","p":2.59,"u":"12,95 €/KG","img":"https://fd6-photos.leclercdrive.fr/image.ashx?id=2930921&use=l&cat=p&typeid=i","cat":316012},{"id":18259,"n":"Saucisson à l'ail Tradilège Fumé - 300g","p":2.08,"u":"6,93 €/KG","img":"https://fd6-photos.leclercdrive.fr/image.ashx?id=2930742&use=l&cat=p&typeid=i","cat":316006},{"id":18262,"n":"Cervelas supérieur Tradilège 300g","p":2.1,"u":"7,00 €/KG","img":"https://fd6-photos.leclercdrive.fr/image.ashx?id=2421636&use=l&cat=p&typeid=i","cat":316012},{"id":18266,"n":"Dés de jambon Tradilège 2x75g","p":1.49,"u":"9,93 €/KG","img":"https://fd6-photos.leclercdrive.fr/image.ashx?id=2925732&use=l&cat=p&typeid=i","cat":316011},{"id":18267,"n":"Allumettes de jambon Tradilège 2x75g","p":1.05,"u":"7,00 €/KG","img":"https://fd6-photos.leclercdrive.fr/image.ashx?id=2925716&use=l&cat=p&typeid=i","cat":316011},{"id":18268,"n":"Rôti de porc Tradilège 4 tranches 160g","p":2.14,"u":"13,38 €/KG","img":"https://fd6-photos.leclercdrive.fr/image.ashx?id=2984173&use=l&cat=p&typeid=i","cat":316009},{"id":18275,"n":"Blanc de poulet Tradilège x2 tranches - 80g","p":0.99,"u":"12,38 €/KG","img":"https://fd6-photos.leclercdrive.fr/image.ashx?id=2930751&use=l&cat=p&typeid=i","cat":316010},{"id":18279,"n":"Dés de poulet Tradilège 2x75g","p":2.82,"u":"18,80 €/KG","img":"https://fd6-photos.leclercdrive.fr/image.ashx?id=2984185&use=l&cat=p&typeid=i","cat":316011},{"id":18287,"n":"Céréales Extra Kellogg's Chocolat au lait - 500g","p":3.29,"u":"6,58 €/KG","img":"https://fd6-photos.leclercdrive.fr/image.ashx?id=2692707&use=l&cat=p&typeid=i","cat":309512},{"id":18347,"n":"Porc : Paupiette Férial x6 780g","p":7.78,"u":"9,97 €/KG","img":"https://fd6-photos.leclercdrive.fr/image.ashx?id=2852291&use=l&cat=p&typeid=i","cat":284331},{"id":18351,"n":"Fromage à tartiner Les Croisés Nature - 25%mg - 150g","p":1.24,"u":"8,27 €/KG","img":"https://fd6-photos.leclercdrive.fr/image.ashx?id=1671226&use=l&cat=p&typeid=i","cat":314029},{"id":18362,"n":"Biscuit bébé Blédina 10 mois Boudoir - 120g","p":1.88,"u":"15,67 €/KG","img":"https://fd6-photos.leclercdrive.fr/image.ashx?id=2801114&use=l&cat=p&typeid=i","cat":312227},{"id":18363,"n":"Pots bébé bio Babybio Maïs poulet - 8 mois - 2x200g","p":2.85,"u":"7,13 €/KG","img":"https://fd6-photos.leclercdrive.fr/image.ashx?id=2827461&use=l&cat=p&typeid=i","cat":312236},{"id":18364,"n":"Haricots rouges D'aucy  250g","p":1.25,"u":"5,00 €/KG","img":"https://fd6-photos.leclercdrive.fr/image.ashx?id=2538434&use=l&cat=p&typeid=i","cat":312606},{"id":18374,"n":"Petits pois d'aucy  Extra-fins - 280g","p":1.06,"u":"3,79 €/KG","img":"https://fd6-photos.leclercdrive.fr/image.ashx?id=2503434&use=l&cat=p&typeid=i","cat":312607},{"id":18375,"n":"Petits pois carottes d''Aucy Extra fins - 265g","p":1.08,"u":"4,08 €/KG","img":"https://fd6-photos.leclercdrive.fr/image.ashx?id=2475324&use=l&cat=p&typeid=i","cat":312607},{"id":18381,"n":"Cannelle moulue Ducros 39g","p":1.16,"u":"29,74 €/KG","img":"https://fd6-photos.leclercdrive.fr/image.ashx?id=2983204&use=l&cat=p&typeid=i","cat":298297},{"id":18389,"n":"Poivre Ducros Spécial moulin - 100g","p":4.37,"u":"43,70 €/KG","img":"https://fd6-photos.leclercdrive.fr/image.ashx?id=2559439&use=l&cat=p&typeid=i","cat":284457},{"id":18393,"n":"Persil Ducros 17g","p":1.67,"u":"98,24 €/KG","img":"https://fd6-photos.leclercdrive.fr/image.ashx?id=2559436&use=l&cat=p&typeid=i","cat":298297},{"id":18394,"n":"Persil Ducros 30g","p":3.49,"u":"116,33 €/KG","img":"https://fd6-photos.leclercdrive.fr/image.ashx?id=2486554&use=l&cat=p&typeid=i","cat":298297},{"id":18398,"n":"Piment doux moulu Ducros 40g","p":2.19,"u":"54,75 €/KG","img":"https://fd6-photos.leclercdrive.fr/image.ashx?id=2490494&use=l&cat=p&typeid=i","cat":298297},{"id":18399,"n":"Poivre gris moulu Ducros 2x18g","p":2.27,"u":"63,06 €/KG","img":"https://fd6-photos.leclercdrive.fr/image.ashx?id=2759454&use=l&cat=p&typeid=i","cat":298297},{"id":18404,"n":"Safran moulu Ducros 4 doses - 0.4g","p":4.38,"img":"https://fd6-photos.leclercdrive.fr/image.ashx?id=2580490&use=l&cat=p&typeid=i","cat":298297},{"id":18408,"n":"Thon entier Pêche Océan Naturel - 140g","p":1.9,"u":"13,57 €/KG","img":"https://fd6-photos.leclercdrive.fr/image.ashx?id=2941426&use=l&cat=p&typeid=i","cat":303867},{"id":18409,"n":"Thon entier Pêche Océan Naturel - 93g","p":1.39,"u":"14,95 €/KG","img":"https://fd6-photos.leclercdrive.fr/image.ashx?id=2942184&use=l&cat=p&typeid=i","cat":303867},{"id":18410,"n":"Pâtées chat Gold Gourmet Les noisettes -  12x85g","p":5.69,"u":"5,58 €/KG","img":"https://fd6-photos.leclercdrive.fr/image.ashx?id=2908318&use=l&cat=p&typeid=i","cat":285286},{"id":18428,"n":"Veau *** à griller x4 côtes - 4x200g","p":20.19,"u":"25,24 €/KG","img":"https://fd6-photos.leclercdrive.fr/image.ashx?id=621178&use=l&cat=p&typeid=i","cat":284329},{"id":18437,"n":"Allumettes Bacon Tradilège Fumées - 2x100g","p":1.74,"u":"8,70 €/KG","img":"https://fd6-photos.leclercdrive.fr/image.ashx?id=2905952&use=l&cat=p&typeid=i","cat":316011},{"id":18441,"n":"Pur jus de fruits Jafaden Mandarine - 1L","p":2.39,"u":"2,39 €/L","img":"https://fd6-photos.leclercdrive.fr/image.ashx?id=2956044&use=l&cat=p&typeid=i","cat":284915},{"id":18501,"n":"Aromat Knorr 70g","p":1.56,"u":"22,29 €/KG","img":"https://fd6-photos.leclercdrive.fr/image.ashx?id=2866750&use=l&cat=p&typeid=i","cat":298297},{"id":18521,"n":"Papier toilette Mimosa Blanc double épaisseur - x12","p":2.85,"u":"0,24 €/P","img":"https://fd6-photos.leclercdrive.fr/image.ashx?id=2783343&use=l&cat=p&typeid=i","cat":284634},{"id":18562,"n":"Feuille papier calque Esquisse x12 21x29,7cm","p":1.19,"img":"https://fd6-photos.leclercdrive.fr/image.ashx?id=2943172&use=l&cat=p&typeid=i","cat":284697},{"id":18571,"n":"Surligneur Stabilo Boss Original - Jaune","p":1.62,"img":"https://fd6-photos.leclercdrive.fr/image.ashx?id=2736265&use=l&cat=p&typeid=i","cat":284696},{"id":18577,"n":"Papier toilette Mimosa Blanc - Ultra doux - x24","p":4.33,"u":"0,18 €/P","img":"https://fd6-photos.leclercdrive.fr/image.ashx?id=2777851&use=l&cat=p&typeid=i","cat":284634},{"id":18598,"n":"Yaourts à la Grecque Délisse Mûre Framboise - 4x150g","p":1.99,"u":"3,32 €/KG","img":"https://fd6-photos.leclercdrive.fr/image.ashx?id=2699441&use=l&cat=p&typeid=i","cat":314999},{"id":18669,"n":"Snacks Tokapi 4 saveurs - 100g","p":0.87,"u":"8,70 €/KG","img":"https://fd6-photos.leclercdrive.fr/image.ashx?id=2884234&use=l&cat=p&typeid=i","cat":284449},{"id":18670,"n":"Tuiles Tokapi Bacon - 170g","p":1.39,"u":"8,18 €/KG","img":"https://fd6-photos.leclercdrive.fr/image.ashx?id=2657205&use=l&cat=p&typeid=i","cat":287899},{"id":18671,"n":"Tuiles Tokapi Paprika - 170g","p":1.35,"u":"7,94 €/KG","img":"https://fd6-photos.leclercdrive.fr/image.ashx?id=2632852&use=l&cat=p&typeid=i","cat":287899},{"id":18676,"n":"Allume-feu Silex cubes 18 sachets individuels","p":3.23,"img":"https://fd6-photos.leclercdrive.fr/image.ashx?id=2643584&use=l&cat=p&typeid=i","cat":300578},{"id":18723,"n":"Boulettes provençale Férial x12 - 300g","p":4.09,"u":"13,63 €/KG","img":"https://fd6-photos.leclercdrive.fr/image.ashx?id=2816627&use=l&cat=p&typeid=i","cat":284332},{"id":18746,"n":"Pavés de boeuf à l'échalote Férial x2 - 240g","p":4.79,"u":"19,96 €/KG","img":"https://fd6-photos.leclercdrive.fr/image.ashx?id=2854273&use=l&cat=p&typeid=i","cat":284328},{"id":18747,"n":"Pavés de boeuf marinés 3 poivre Férial x2 - 240g","p":4.75,"u":"19,79 €/KG","img":"https://fd6-photos.leclercdrive.fr/image.ashx?id=2854276&use=l&cat=p&typeid=i","cat":284328},{"id":18748,"n":"Pavés de boeuf marinés nature F x2 - 240g","p":4.99,"u":"20,79 €/KG","img":"https://fd6-photos.leclercdrive.fr/image.ashx?id=2854270&use=l&cat=p&typeid=i","cat":284328},{"id":18754,"n":"Boulettes nature Férial x12 - 300g","p":4.09,"u":"13,63 €/KG","img":"https://fd6-photos.leclercdrive.fr/image.ashx?id=2816624&use=l&cat=p&typeid=i","cat":284332},{"id":18853,"n":"Soin de jour Diadermine Lift+ Elastine Anti-rides - 50ml","p":6.84,"u":"136,80 €/L","img":"https://fd6-photos.leclercdrive.fr/image.ashx?id=2464024&use=l&cat=p&typeid=i","cat":325345},{"id":18953,"n":"Thon entier Pêche Océan Naturel - 186g","p":2.5,"u":"13,44 €/KG","img":"https://fd6-photos.leclercdrive.fr/image.ashx?id=2942190&use=l&cat=p&typeid=i","cat":303867},{"id":18968,"n":"Gâteaux mini marbrés P'tit Déli Chocolat x7 - 189g","p":1.59,"u":"8,41 €/KG","img":"https://fd6-photos.leclercdrive.fr/image.ashx?id=1947360&use=l&cat=p&typeid=i","cat":284495},{"id":18983,"n":"Crème glacée Eskiss Noix de coco - 494g","p":2.82,"u":"5,71 €/KG","img":"https://fd6-photos.leclercdrive.fr/image.ashx?id=2982607&use=l&cat=p&typeid=i","cat":284263},{"id":18996,"n":"Confiture Bonne Maman 4 fruits rouges - 370g","p":2.45,"u":"6,62 €/KG","img":"https://fd6-photos.leclercdrive.fr/image.ashx?id=2547474&use=l&cat=p&typeid=i","cat":284480},{"id":19022,"n":"Sirop Frucci Orange - 1L","p":4.26,"u":"4,26 €/L","img":"https://fd6-photos.leclercdrive.fr/image.ashx?id=2954070&use=l&cat=p&typeid=i","cat":295020},{"id":19023,"n":"Sirop Frucci Citron - 1L","p":2.04,"u":"2,04 €/L","img":"https://fd6-photos.leclercdrive.fr/image.ashx?id=2955656&use=l&cat=p&typeid=i","cat":295020},{"id":19066,"n":"Vodka Poliakov 37,5%vol - 1L","p":15.94,"u":"15,94 €/L","img":"https://fd6-photos.leclercdrive.fr/image.ashx?id=2576916&use=l&cat=p&typeid=i","cat":284550},{"id":19098,"n":"Cookies gros éclats Granola Chocolat - 184g","p":1.8,"u":"9,78 €/KG","img":"https://fd6-photos.leclercdrive.fr/image.ashx?id=2996413&use=l&cat=p&typeid=i","cat":325066},{"id":19102,"n":"Croquettes chat Purina One Stérilisé-Saumon/Céréales-1,5kg","p":6.85,"u":"4,57 €/KG","img":"https://fd6-photos.leclercdrive.fr/image.ashx?id=2541268&use=l&cat=p&typeid=i","cat":284680},{"id":19109,"n":"Café moulu Bio Ethiquable  100% Arabica Equateur - 250g","p":4.67,"u":"18,68 €/KG","img":"https://fd6-photos.leclercdrive.fr/image.ashx?id=2875153&use=l&cat=p&typeid=i","cat":284750},{"id":19110,"n":"Boeuf Bourguignon Côté Table 300g","p":2.04,"u":"6,80 €/KG","img":"https://fd6-photos.leclercdrive.fr/image.ashx?id=2517679&use=l&cat=p&typeid=i","cat":284953},{"id":19112,"n":"Thé vert Bio Ethiquable Gingembre Citron vert x20 - 36g","p":2.39,"u":"66,39 €/KG","img":"https://fd6-photos.leclercdrive.fr/image.ashx?id=2870842&use=l&cat=p&typeid=i","cat":293233},{"id":19114,"n":"Sucre de canne Bio Ethiquable Complet en poudre - 500g","p":2.34,"u":"4,68 €/KG","img":"https://fd6-photos.leclercdrive.fr/image.ashx?id=2875483&use=l&cat=p&typeid=i","cat":284502},{"id":19119,"n":"Pains au lait La Boulangère Bio x8 - 280g","p":2.05,"u":"7,32 €/KG","img":"https://fd6-photos.leclercdrive.fr/image.ashx?id=2972460&use=l&cat=p&typeid=i","cat":293505},{"id":19138,"n":"Semoule Couscous Bio Village Semi complet Bio - 500g","p":1.95,"u":"3,90 €/KG","img":"https://fd6-photos.leclercdrive.fr/image.ashx?id=2814217&use=l&cat=p&typeid=i","cat":284429},{"id":19149,"n":"Huile d'olive Bio Soléou Vierge extra - 1L","p":12.49,"u":"12,49 €/L","img":"https://fd6-photos.leclercdrive.fr/image.ashx?id=2559008&use=l&cat=p&typeid=i","cat":284453},{"id":19150,"n":"Compotes Andros Délice de rhubarbe - 4x100g","p":2.49,"u":"6,23 €/KG","img":"https://fd6-photos.leclercdrive.fr/image.ashx?id=2845461&use=l&cat=p&typeid=i","cat":284416},{"id":19155,"n":"Farine de blé Bio Francine 1kg","p":1.39,"u":"1,39 €/KG","img":"https://fd6-photos.leclercdrive.fr/image.ashx?id=2989117&use=l&cat=p&typeid=i","cat":284503},{"id":19199,"n":"Pain de mie La Boulangère à la  Farine complète Bio - 500g","p":2.05,"u":"4,10 €/KG","img":"https://fd6-photos.leclercdrive.fr/image.ashx?id=2912386&use=l&cat=p&typeid=i","cat":284477},{"id":19202,"n":"Galettes bio Bio Village 4 céréales x17 - 130g","p":0.99,"u":"7,62 €/KG","img":"https://fd6-photos.leclercdrive.fr/image.ashx?id=2816154&use=l&cat=p&typeid=i","cat":318651},{"id":19210,"n":"Flageolets Préparés Cassegrain Extra Fins 265g","p":1.8,"u":"6,79 €/KG","img":"https://fd6-photos.leclercdrive.fr/image.ashx?id=2983084&use=l&cat=p&typeid=i","cat":312606},{"id":19211,"n":"Lentilles Préparées Cassegrain Tendres et Fondants 265g","p":1.65,"u":"6,23 €/KG","img":"https://fd6-photos.leclercdrive.fr/image.ashx?id=2952460&use=l&cat=p&typeid=i","cat":312609},{"id":19231,"n":"Petit Pois Cassegrain Tendres et Fondants 140g","p":1.3,"u":"9,29 €/KG","img":"https://fd6-photos.leclercdrive.fr/image.ashx?id=2912974&use=l&cat=p&typeid=i","cat":312607},{"id":19239,"n":"Fruits au sirop St Mamet Pêches - 475g","p":2.87,"u":"6,04 €/KG","img":"https://fd6-photos.leclercdrive.fr/image.ashx?id=2630217&use=l&cat=p&typeid=i","cat":284507},{"id":19240,"n":"Fruits au sirop St Mamet Poires Williams - 465g","p":3.18,"u":"6,84 €/KG","img":"https://fd6-photos.leclercdrive.fr/image.ashx?id=2630223&use=l&cat=p&typeid=i","cat":284507},{"id":19255,"n":"Croquettes chat Purina One Light Adulte -Poulet/Blé -1,5kg","p":7.15,"u":"4,77 €/KG","img":"https://fd6-photos.leclercdrive.fr/image.ashx?id=2432010&use=l&cat=p&typeid=i","cat":284680},{"id":19256,"n":"Croquettes chat Purina One Adulte d'intérieur-Dinde -1,5kg","p":7.17,"u":"4,78 €/KG","img":"https://fd6-photos.leclercdrive.fr/image.ashx?id=2902271&use=l&cat=p&typeid=i","cat":284680},{"id":19257,"n":"Croquettes chat Purina One Sensible Adulte-Dinde/Riz-450g","p":2.6,"u":"5,78 €/KG","img":"https://fd6-photos.leclercdrive.fr/image.ashx?id=2459658&use=l&cat=p&typeid=i","cat":284680},{"id":19262,"n":"Thon Saupiquet Mayonnaise - 2x135g","p":2.18,"u":"8,07 €/KG","img":"https://fd6-photos.leclercdrive.fr/image.ashx?id=2681017&use=l&cat=p&typeid=i","cat":303867},{"id":19263,"n":"Filets de maquereaux Saupiquet A la moutarde - 169g","p":2.07,"u":"12,25 €/KG","img":"https://fd6-photos.leclercdrive.fr/image.ashx?id=2829961&use=l&cat=p&typeid=i","cat":303868},{"id":19279,"n":"Sucre de canne Daddy En morceaux - 1kg","p":2.23,"u":"2,23 €/KG","img":"https://fd6-photos.leclercdrive.fr/image.ashx?id=2908576&use=l&cat=p&typeid=i","cat":284502},{"id":19284,"n":"Huile pépins de raisin Cauvin 1l","p":6.66,"u":"6,66 €/L","img":"https://fd6-photos.leclercdrive.fr/image.ashx?id=2479234&use=l&cat=p&typeid=i","cat":284453},{"id":19285,"n":"Sauce crudités Rustica Fines herbes - 50cl","p":0.88,"u":"1,76 €/L","img":"https://fd6-photos.leclercdrive.fr/image.ashx?id=1972916&use=l&cat=p&typeid=i","cat":284456},{"id":19293,"n":"Lait céréales bébé Blédiner 12m Carotte pois soir - 2x250ml","p":1.82,"u":"3,64 €/L","img":"https://fd6-photos.leclercdrive.fr/image.ashx?id=2949856&use=l&cat=p&typeid=i","cat":312239},{"id":19296,"n":"Gressins Tokapi Sésame - 125g","p":1.17,"u":"9,36 €/KG","img":"https://fd6-photos.leclercdrive.fr/image.ashx?id=1993574&use=l&cat=p&typeid=i","cat":297000},{"id":19297,"n":"Lait céréales bébé Blédiner 6m Potiron soir - 2x250ml","p":1.83,"u":"3,66 €/L","img":"https://fd6-photos.leclercdrive.fr/image.ashx?id=2960141&use=l&cat=p&typeid=i","cat":312239},{"id":19301,"n":"Céréales Tipiak Méditerranéennes 2x200g","p":1.97,"u":"4,93 €/KG","img":"https://fd6-photos.leclercdrive.fr/image.ashx?id=2766253&use=l&cat=p&typeid=i","cat":284429},{"id":19303,"n":"Mini penne Turini 500g","p":0.98,"u":"1,96 €/KG","img":"https://fd6-photos.leclercdrive.fr/image.ashx?id=3015063&use=l&cat=p&typeid=i","cat":284427},{"id":19304,"n":"Mini farfalle Turini 500g","p":1.26,"u":"2,52 €/KG","img":"https://fd6-photos.leclercdrive.fr/image.ashx?id=2607494&use=l&cat=p&typeid=i","cat":284427},{"id":19305,"n":"Pâtes Spaghetti Panzani 3 Minutes - 500G","p":1.2,"u":"2,40 €/KG","img":"https://fd6-photos.leclercdrive.fr/image.ashx?id=3008035&use=l&cat=p&typeid=i","cat":284427},{"id":19308,"n":"Epices pour guacamole Old el paso - 20g","p":1.11,"u":"55,50 €/KG","img":"https://fd6-photos.leclercdrive.fr/image.ashx?id=2858168&use=l&cat=p&typeid=i","cat":288993},{"id":19319,"n":"Cookies Eco+ Pépites de chocolat - 200g","p":0.92,"u":"4,60 €/KG","img":"https://fd6-photos.leclercdrive.fr/image.ashx?id=2821875&use=l&cat=p&typeid=i","cat":325066},{"id":19347,"n":"Allume-feu Silex liquide 1L","p":3.99,"u":"3,99 €/L","img":"https://fd6-photos.leclercdrive.fr/image.ashx?id=2779193&use=l&cat=p&typeid=i","cat":300578},{"id":19353,"n":"Mao Croqui Haribo Sachet bonbons - 250g","p":1.35,"u":"5,40 €/KG","img":"https://fd6-photos.leclercdrive.fr/image.ashx?id=2805192&use=l&cat=p&typeid=i","cat":304250},{"id":19356,"n":"Infusion bio Jardin Bio Thym Menthe - x20 sachets - 30g","p":2.77,"u":"92,33 €/KG","img":"https://fd6-photos.leclercdrive.fr/image.ashx?id=2792654&use=l&cat=p&typeid=i","cat":293234},{"id":19366,"n":"Barres céréales Grany Chocolat - 125g","p":1.83,"u":"14,64 €/KG","img":"https://fd6-photos.leclercdrive.fr/image.ashx?id=2773613&use=l&cat=p&typeid=i","cat":285869},{"id":19367,"n":"Chocolat au lait Alter Eco  fondant Bio - 100g","p":2.84,"u":"28,40 €/KG","img":"https://fd6-photos.leclercdrive.fr/image.ashx?id=2912353&use=l&cat=p&typeid=i","cat":284497},{"id":19386,"n":"Méli mélo céréales lég Tipiak 330g","p":2.24,"u":"6,79 €/KG","img":"https://fd6-photos.leclercdrive.fr/image.ashx?id=2563715&use=l&cat=p&typeid=i","cat":284429},{"id":19392,"n":"Café moulu Eco+ Robusta - 4x250g","p":8.89,"u":"8,89 €/KG","img":"https://fd6-photos.leclercdrive.fr/image.ashx?id=2700954&use=l&cat=p&typeid=i","cat":284750},{"id":19393,"n":"Café moulu Eco+ Décaféiné - 250g","p":2.63,"u":"10,52 €/KG","img":"https://fd6-photos.leclercdrive.fr/image.ashx?id=2784171&use=l&cat=p&typeid=i","cat":284750},{"id":19408,"n":"Soupe Velouté Bio Village Bio Légumes verts - 1L","p":2.42,"u":"2,42 €/L","img":"https://fd6-photos.leclercdrive.fr/image.ashx?id=2352237&use=l&cat=p&typeid=i","cat":284462},{"id":19411,"n":"Compote Allégée en sucres Eco+ Coupelle pomme - 4x100g","p":0.55,"u":"1,38 €/KG","img":"https://fd6-photos.leclercdrive.fr/image.ashx?id=2953188&use=l&cat=p&typeid=i","cat":284508},{"id":19416,"n":"Dessert fruitier Andros Pomme allégé 730g","p":1.28,"u":"1,75 €/KG","img":"https://fd6-photos.leclercdrive.fr/image.ashx?id=2369930&use=l&cat=p&typeid=i","cat":284508},{"id":19418,"n":"Pâtes serpentini Turini 500g","p":0.84,"u":"1,68 €/KG","img":"https://fd6-photos.leclercdrive.fr/image.ashx?id=2744231&use=l&cat=p&typeid=i","cat":284427},{"id":19420,"n":"Pâtes Torsades Turini Nature tomate épinard - 500g","p":1.1,"u":"2,20 €/KG","img":"https://fd6-photos.leclercdrive.fr/image.ashx?id=2607485&use=l&cat=p&typeid=i","cat":284427},{"id":19424,"n":"Spaghetti Turini Au blé complet - 500g","p":0.95,"u":"1,90 €/KG","img":"https://fd6-photos.leclercdrive.fr/image.ashx?id=2607497&use=l&cat=p&typeid=i","cat":284427},{"id":19426,"n":"Gâteaux L'Ourson Lulu LU Chocolat - 150g","p":1.3,"u":"8,67 €/KG","img":"https://fd6-photos.leclercdrive.fr/image.ashx?id=3014425&use=l&cat=p&typeid=i","cat":284495},{"id":19427,"n":"Pâtes penne Turini Blé complet - 500g","p":1.0,"u":"2,00 €/KG","img":"https://fd6-photos.leclercdrive.fr/image.ashx?id=2607500&use=l&cat=p&typeid=i","cat":284427},{"id":19432,"n":"Pains au chocolat Eco+ x10 - 450g","p":1.55,"u":"3,44 €/KG","img":"https://fd6-photos.leclercdrive.fr/image.ashx?id=2927833&use=l&cat=p&typeid=i","cat":296366},{"id":19433,"n":"Pain au lait Eco+ x10 - 400g","p":0.99,"u":"2,48 €/KG","img":"https://fd6-photos.leclercdrive.fr/image.ashx?id=2643578&use=l&cat=p&typeid=i","cat":293505},{"id":19435,"n":"Barres de céréales Special K Kellogg's Chocolat lait - 6x20g","p":2.17,"u":"18,08 €/KG","img":"https://fd6-photos.leclercdrive.fr/image.ashx?id=2306366&use=l&cat=p&typeid=i","cat":285869},{"id":19440,"n":"Flageolets d'aucy  Extra-fins - 530g","p":1.89,"u":"3,57 €/KG","img":"https://fd6-photos.leclercdrive.fr/image.ashx?id=2486152&use=l&cat=p&typeid=i","cat":312606},{"id":19442,"n":"Flageolets d'aucy  Extra-fins - 265g","p":1.34,"u":"5,06 €/KG","img":"https://fd6-photos.leclercdrive.fr/image.ashx?id=2503437&use=l&cat=p&typeid=i","cat":312606},{"id":19455,"n":"Confiture bio Jardin Bio Allégée framboises - 320g","p":3.2,"u":"10,00 €/KG","img":"https://fd6-photos.leclercdrive.fr/image.ashx?id=2537580&use=l&cat=p&typeid=i","cat":284480},{"id":19463,"n":"Sticks dentaires Lydog Moyen chien - x7 - 180g","p":1.39,"u":"7,72 €/KG","img":"https://fd6-photos.leclercdrive.fr/image.ashx?id=1878598&use=l&cat=p&typeid=i","cat":294527},{"id":19470,"n":"Gourmandise de Pois Cassegrain à la Provençale 375g","p":3.29,"u":"8,77 €/KG","img":"https://fd6-photos.leclercdrive.fr/image.ashx?id=2912998&use=l&cat=p&typeid=i","cat":312607},{"id":19471,"n":"Mélange Le Sélect Vico Graines variées - 100g","p":2.4,"u":"24,00 €/KG","img":"https://fd6-photos.leclercdrive.fr/image.ashx?id=2569839&use=l&cat=p&typeid=i","cat":284448},{"id":19472,"n":"Fruits au sirop Del Monte Ananas en tranches - 350g","p":2.26,"u":"6,46 €/KG","img":"https://fd6-photos.leclercdrive.fr/image.ashx?id=2802326&use=l&cat=p&typeid=i","cat":284507},{"id":19473,"n":"Assiettes rondes Homeside Biodégradables 23cm x25","p":2.99,"img":"https://fd6-photos.leclercdrive.fr/image.ashx?id=1659687&use=l&cat=p&typeid=i","cat":334134},{"id":19478,"n":"Gobelets Homeside Biodégradables 25cl x12","p":2.0,"u":"0,17 €/P","img":"https://fd6-photos.leclercdrive.fr/image.ashx?id=1659690&use=l&cat=p&typeid=i","cat":334134},{"id":19487,"n":"Cassoulet Toulousain   Raynal Et Roquelaure - 840g","p":4.5,"u":"5,36 €/KG","img":"https://fd6-photos.leclercdrive.fr/image.ashx?id=2928387&use=l&cat=p&typeid=i","cat":284440},{"id":19491,"n":"Couscous tunisien Côté Table Kefta merguez - 300g","p":2.19,"u":"7,30 €/KG","img":"https://fd6-photos.leclercdrive.fr/image.ashx?id=2900097&use=l&cat=p&typeid=i","cat":284953},{"id":19493,"n":"Colin d'alaska Côté Table Barquette micro-ondable 300g","p":1.99,"u":"6,63 €/KG","img":"https://fd6-photos.leclercdrive.fr/image.ashx?id=2770311&use=l&cat=p&typeid=i","cat":284953},{"id":19505,"n":"Olives vertes Crespo Dénoyautées 160g","p":2.0,"u":"12,50 €/KG","img":"https://fd6-photos.leclercdrive.fr/image.ashx?id=2616895&use=l&cat=p&typeid=i","cat":284458},{"id":19518,"n":"Cahier de Brouillon Eco+ 96 pages","p":0.49,"img":"https://fd6-photos.leclercdrive.fr/image.ashx?id=2943133&use=l&cat=p&typeid=i","cat":284697},{"id":19535,"n":"Stick lèvres Inell Nourrissant - 2 pièces","p":1.99,"u":"1,00 €/P","img":"https://fd6-photos.leclercdrive.fr/image.ashx?id=2841622&use=l&cat=p&typeid=i","cat":285485},{"id":19542,"n":"Filets de saumon rose Findus Pacifique - MSC - x4 - 400g","p":11.34,"u":"28,35 €/KG","img":"https://fd6-photos.leclercdrive.fr/image.ashx?id=2735326&use=l&cat=p&typeid=i","cat":319786},{"id":19569,"n":"AOP Fitou Rocflamboyant Rouge - 75cl","p":3.4,"u":"4,53 €/L","img":"https://fd6-photos.leclercdrive.fr/image.ashx?id=1965234&use=l&cat=p&typeid=i","cat":289556},{"id":19575,"n":"Lait démaquillant Inell Douceur 250ml","p":1.59,"u":"6,36 €/L","img":"https://fd6-photos.leclercdrive.fr/image.ashx?id=2691622&use=l&cat=p&typeid=i","cat":284603},{"id":19601,"n":"Gâteaux marbrés P'tit Déli x14 378g","p":2.97,"u":"7,86 €/KG","img":"https://fd6-photos.leclercdrive.fr/image.ashx?id=1947363&use=l&cat=p&typeid=i","cat":284495},{"id":19604,"n":"Gâteaux P'tit Déli A base de yaourt x7 - 189g","p":1.88,"u":"9,95 €/KG","img":"https://fd6-photos.leclercdrive.fr/image.ashx?id=2059086&use=l&cat=p&typeid=i","cat":294776},{"id":19609,"n":"Tuiles Tokapi Fromage - 170g","p":1.39,"u":"8,18 €/KG","img":"https://fd6-photos.leclercdrive.fr/image.ashx?id=2647426&use=l&cat=p&typeid=i","cat":287899},{"id":19611,"n":"Soupe Velouté Régal Soupe Tomates - 2x30cl","p":1.49,"u":"2,48 €/L","img":"https://fd6-photos.leclercdrive.fr/image.ashx?id=2819271&use=l&cat=p&typeid=i","cat":284462},{"id":19617,"n":"Soupe Boeuf tomates Régal Soupe Vermicelles - 54g","p":0.99,"u":"18,33 €/KG","img":"https://fd6-photos.leclercdrive.fr/image.ashx?id=2663278&use=l&cat=p&typeid=i","cat":284463},{"id":19622,"n":"Soupe Minestrone Régal Soupe Déshydratée - 104g","p":0.68,"u":"6,54 €/KG","img":"https://fd6-photos.leclercdrive.fr/image.ashx?id=2663275&use=l&cat=p&typeid=i","cat":284463},{"id":19623,"n":"Soupe Crème asperge Régal Soupe Déshydratée - 70g","p":1.05,"u":"15,00 €/KG","img":"https://fd6-photos.leclercdrive.fr/image.ashx?id=2663272&use=l&cat=p&typeid=i","cat":284463},{"id":19625,"n":"Mini goûters P'tit Déli Fraise 168g","p":1.13,"u":"6,73 €/KG","img":"https://fd6-photos.leclercdrive.fr/image.ashx?id=2310498&use=l&cat=p&typeid=i","cat":284489},{"id":19635,"n":"Soufflés Tornades Tokapi Bacon - 85g","p":0.68,"u":"8,00 €/KG","img":"https://fd6-photos.leclercdrive.fr/image.ashx?id=1855966&use=l&cat=p&typeid=i","cat":284449},{"id":19639,"n":"Bougies chauffe plats Eco+ Blanches - x100","p":3.31,"u":"0,03 €/P","img":"https://fd6-photos.leclercdrive.fr/image.ashx?id=2635544&use=l&cat=p&typeid=i","cat":335913},{"id":19643,"n":"Muesli Floconneux Bio Village Fruits secs Bio - 500g","p":2.13,"u":"4,26 €/KG","img":"https://fd6-photos.leclercdrive.fr/image.ashx?id=2869808&use=l&cat=p&typeid=i","cat":309512},{"id":19644,"n":"Assiettes rondes Homeside Dessert Biodégradables 18cm x25","p":2.23,"img":"https://fd6-photos.leclercdrive.fr/image.ashx?id=1659684&use=l&cat=p&typeid=i","cat":334134},{"id":19645,"n":"Mini-crêpes fourrées Tokapi Cheddar - 65g","p":1.99,"u":"30,62 €/KG","img":"https://fd6-photos.leclercdrive.fr/image.ashx?id=2853889&use=l&cat=p&typeid=i","cat":297000},{"id":19660,"n":"Cordons bleus Pic'Express Au poulet 4x100g","p":3.63,"u":"9,08 €/KG","img":"https://fd6-photos.leclercdrive.fr/image.ashx?id=2852949&use=l&cat=p&typeid=i","cat":319780},{"id":19684,"n":"tofu nature bio bjorg  - 2x200g","p":2.68,"u":"6,70 €/KG","img":"https://fd6-photos.leclercdrive.fr/image.ashx?id=2907979&use=l&cat=p&typeid=i","cat":284953},{"id":19699,"n":"Sucre pure canne blond Beghin Say - 1kg","p":2.91,"u":"2,91 €/KG","img":"https://fd6-photos.leclercdrive.fr/image.ashx?id=2977321&use=l&cat=p&typeid=i","cat":284502},{"id":19702,"n":"Sucre en poudre Béghin Say 750g","p":1.71,"u":"2,28 €/KG","img":"https://fd6-photos.leclercdrive.fr/image.ashx?id=2866352&use=l&cat=p&typeid=i","cat":284502},{"id":19709,"n":"Chili con carne Zapetti 800g","p":4.43,"u":"5,54 €/KG","img":"https://fd6-photos.leclercdrive.fr/image.ashx?id=2545717&use=l&cat=p&typeid=i","cat":325094},{"id":19715,"n":"Tarama oeufs de cabillaud Blini 100g","p":1.46,"u":"14,60 €/KG","img":"https://fd6-photos.leclercdrive.fr/image.ashx?id=2640479&use=l&cat=p&typeid=i","cat":316032},{"id":19719,"n":"Yaourts Lait entier Bio Village Bio Vanille - 4x125g","p":1.27,"u":"2,54 €/KG","img":"https://fd6-photos.leclercdrive.fr/image.ashx?id=2702336&use=l&cat=p&typeid=i","cat":286006},{"id":19723,"n":"Sacs congélation zip Elembal Grand x15","p":1.8,"u":"0,12 €/P","img":"https://fd6-photos.leclercdrive.fr/image.ashx?id=2751889&use=l&cat=p&typeid=i","cat":334134},{"id":19729,"n":"Biscuit P'tit Déli Palmiers Chocolat au lait 110g","p":1.25,"u":"11,36 €/KG","img":"https://fd6-photos.leclercdrive.fr/image.ashx?id=2573403&use=l&cat=p&typeid=i","cat":284488},{"id":19732,"n":"Les p'tites spirales P'tit Déli Chocolat  x6 - 150g","p":1.35,"u":"9,00 €/KG","img":"https://fd6-photos.leclercdrive.fr/image.ashx?id=2660422&use=l&cat=p&typeid=i","cat":284495},{"id":19743,"n":"Déodorant atomiseur Carré Homme Musc 200ml","p":1.35,"u":"6,75 €/L","img":"https://fd6-photos.leclercdrive.fr/image.ashx?id=2375998&use=l&cat=p&typeid=i","cat":284618},{"id":19744,"n":"Déodorant atomiseur Carré Homme Marine 200ml","p":1.35,"u":"6,75 €/L","img":"https://fd6-photos.leclercdrive.fr/image.ashx?id=2390707&use=l&cat=p&typeid=i","cat":284618},{"id":19750,"n":"Cotons Duo Démaquillants Inell Duo carré - Disques x50","p":1.24,"u":"0,02 €/P","img":"https://fd6-photos.leclercdrive.fr/image.ashx?id=1709937&use=l&cat=p&typeid=i","cat":285593},{"id":19756,"n":"Gaufres fines du Nord NRT 300g","p":3.5,"u":"11,67 €/KG","img":"https://fd6-photos.leclercdrive.fr/image.ashx?id=2622320&use=l&cat=p&typeid=i","cat":284487},{"id":19758,"n":"Essuie-tout Bobine Uni Vert Compact - 500 feuilles x1","p":4.5,"img":"https://fd6-photos.leclercdrive.fr/image.ashx?id=2684826&use=l&cat=p&typeid=i","cat":284635},{"id":19788,"n":"Stick lèvres Inell Hydratant - 2 pièces","p":1.5,"u":"0,75 €/P","img":"https://fd6-photos.leclercdrive.fr/image.ashx?id=2776042&use=l&cat=p&typeid=i","cat":285485},{"id":19796,"n":"Papier aluminium Elembal 30m","p":2.76,"img":"https://fd6-photos.leclercdrive.fr/image.ashx?id=2940905&use=l&cat=p&typeid=i","cat":334134},{"id":19798,"n":"Dissolvant doux Inell Sans acétone - 150ml","p":1.42,"u":"9,47 €/L","img":"https://fd6-photos.leclercdrive.fr/image.ashx?id=2691640&use=l&cat=p&typeid=i","cat":325347},{"id":19814,"n":"Piles alcalines Foxter AA/LR6 1,5V - x8","p":1.69,"u":"0,21 €/P","img":"https://fd6-photos.leclercdrive.fr/image.ashx?id=2162174&use=l&cat=p&typeid=i","cat":300572},{"id":19815,"n":"Piles alcalines Foxter AAA/LR3 1,5V - x8","p":1.69,"img":"https://fd6-photos.leclercdrive.fr/image.ashx?id=2162153&use=l&cat=p&typeid=i","cat":300572},{"id":19856,"n":"Pâtes Barilla Coquillettes - 1kg","p":1.86,"u":"1,86 €/KG","img":"https://fd6-photos.leclercdrive.fr/image.ashx?id=2392230&use=l&cat=p&typeid=i","cat":284427},{"id":19874,"n":"Clafoutis La Laitière Aux cerises - 4x85g","p":2.59,"u":"7,62 €/KG","img":"https://fd6-photos.leclercdrive.fr/image.ashx?id=2628230&use=l&cat=p&typeid=i","cat":284419},{"id":19877,"n":"Mozzarella Spécial Cuisine Les Croisés - 400g","p":2.94,"u":"7,35 €/KG","img":"https://fd6-photos.leclercdrive.fr/image.ashx?id=2992531&use=l&cat=p&typeid=i","cat":314026},{"id":19881,"n":"Dés Salakis herbes de Provence Fromage brebis - 300g","p":3.34,"u":"11,13 €/KG","img":"https://fd6-photos.leclercdrive.fr/image.ashx?id=2729686&use=l&cat=p&typeid=i","cat":314026},{"id":19898,"n":"Oeufs frais Matines x12","p":2.8,"u":"0,23 €/P","img":"https://fd6-photos.leclercdrive.fr/image.ashx?id=2796231&use=l&cat=p&typeid=i","cat":284378},{"id":19901,"n":"Oeufs De Nos Villages Plein air, moyen  - x12","p":3.41,"u":"0,28 €/P","img":"https://fd6-photos.leclercdrive.fr/image.ashx?id=2153942&use=l&cat=p&typeid=i","cat":284378},{"id":19906,"n":"Yaourts brassés aux fruits Bio Bio village - 12x125g","p":4.49,"u":"2,99 €/KG","img":"https://fd6-photos.leclercdrive.fr/image.ashx?id=2841971&use=l&cat=p&typeid=i","cat":284410},{"id":19909,"n":"Yaourts Lait entier Bio Village Bio Vanille - 12x125g","p":3.27,"u":"2,18 €/KG","img":"https://fd6-photos.leclercdrive.fr/image.ashx?id=2032376&use=l&cat=p&typeid=i","cat":286006},{"id":19913,"n":"Mousse liégeoise Viennois  Chocolat - 4x90g","p":1.64,"u":"4,56 €/KG","img":"https://fd6-photos.leclercdrive.fr/image.ashx?id=2785172&use=l&cat=p&typeid=i","cat":285042},{"id":19924,"n":"Dessert fruitier pomme Bio Bio village - 4x100g","p":1.73,"u":"4,33 €/KG","img":"https://fd6-photos.leclercdrive.fr/image.ashx?id=2462427&use=l&cat=p&typeid=i","cat":284416},{"id":19933,"n":"Pizza Crousti-moelleuse Marie Royale - 3x400g","p":6.94,"u":"5,78 €/KG","img":"https://fd6-photos.leclercdrive.fr/image.ashx?id=2996800&use=l&cat=p&typeid=i","cat":284256},{"id":19935,"n":"Pizza Crousti-moelleuse Marie 4 fromages - 3x390g","p":6.58,"u":"5,62 €/KG","img":"https://fd6-photos.leclercdrive.fr/image.ashx?id=2996803&use=l&cat=p&typeid=i","cat":284256},{"id":19941,"n":"Pur jus d'orange Jafaden Avec pulpe - 1L","p":2.45,"u":"2,45 €/L","img":"https://fd6-photos.leclercdrive.fr/image.ashx?id=2395258&use=l&cat=p&typeid=i","cat":285435},{"id":19957,"n":"Purée brocolis Notre Jardin Nature 750g","p":1.69,"u":"2,25 €/KG","img":"https://fd6-photos.leclercdrive.fr/image.ashx?id=2856163&use=l&cat=p&typeid=i","cat":319805},{"id":19960,"n":"Purée carottes Notre Jardin Nature 750g","p":2.43,"u":"3,24 €/KG","img":"https://fd6-photos.leclercdrive.fr/image.ashx?id=2856166&use=l&cat=p&typeid=i","cat":319805},{"id":19991,"n":"Fromage frais Délisse Fruits panachés - 6x100g","p":2.56,"u":"4,27 €/KG","img":"https://fd6-photos.leclercdrive.fr/image.ashx?id=2913669&use=l&cat=p&typeid=i","cat":284414},{"id":19993,"n":"Crème dessert Délisse Vanille sur lit chocolat 4x125g","p":1.42,"u":"2,84 €/KG","img":"https://fd6-photos.leclercdrive.fr/image.ashx?id=2841950&use=l&cat=p&typeid=i","cat":285041},{"id":20008,"n":"Compote Andros Pomme nature - 12x100g","p":3.15,"u":"2,63 €/KG","img":"https://fd6-photos.leclercdrive.fr/image.ashx?id=2989114&use=l&cat=p&typeid=i","cat":284416},{"id":20010,"n":"Yaourts lait entier nature Bio  Bio village - 12x125g","p":2.46,"u":"1,64 €/KG","img":"https://fd6-photos.leclercdrive.fr/image.ashx?id=2102992&use=l&cat=p&typeid=i","cat":284409},{"id":20013,"n":"Compote Charles & Alice Pommes Abricots - 4x100g","p":1.46,"u":"3,65 €/KG","img":"https://fd6-photos.leclercdrive.fr/image.ashx?id=2757350&use=l&cat=p&typeid=i","cat":284416},{"id":20030,"n":"Mayonnaise Colona Tube 500ml","p":3.21,"u":"6,42 €/L","img":"https://fd6-photos.leclercdrive.fr/image.ashx?id=2687176&use=l&cat=p&typeid=i","cat":298295},{"id":20031,"n":"Sauce Hannibal Colona 500ml","p":2.89,"u":"5,78 €/L","img":"https://fd6-photos.leclercdrive.fr/image.ashx?id=2687179&use=l&cat=p&typeid=i","cat":318431},{"id":20032,"n":"Whisky Jack Daniel's Old N°7 1L","p":28.5,"pp":25.65,"u":"25,65 €/L","img":"https://fd6-photos.leclercdrive.fr/image.ashx?id=2805189&use=l&cat=p&typeid=i","cat":284547},{"id":20033,"n":"Bière brune Leffe 6,5% - 75cl","p":3.18,"u":"4,24 €/L","img":"https://fd6-photos.leclercdrive.fr/image.ashx?id=2457482&use=l&cat=p&typeid=i","cat":334852},{"id":20034,"n":"Crème dessert La Laitière Pot crème biscuit - 4x100g","p":2.27,"u":"5,68 €/KG","img":"https://fd6-photos.leclercdrive.fr/image.ashx?id=2692128&use=l&cat=p&typeid=i","cat":285041},{"id":20038,"n":"Crème aux œufs La Laitière lit de caramel - 4x100g","p":1.85,"u":"4,63 €/KG","img":"https://fd6-photos.leclercdrive.fr/image.ashx?id=2744593&use=l&cat=p&typeid=i","cat":284419},{"id":20043,"n":"Gâteaux de riz La Laitière   Caramel - 4x100g","p":2.82,"u":"7,05 €/KG","img":"https://fd6-photos.leclercdrive.fr/image.ashx?id=2630202&use=l&cat=p&typeid=i","cat":284418},{"id":20044,"n":"Bière Leffe Ruby 5% - 75cl","p":2.98,"u":"3,97 €/L","img":"https://fd6-photos.leclercdrive.fr/image.ashx?id=1589629&use=l&cat=p&typeid=i","cat":334878},{"id":20047,"n":"Bière belge blonde Kasteel 11%vol. - 33cl","p":2.09,"u":"6,33 €/L","img":"https://fd6-photos.leclercdrive.fr/image.ashx?id=2483215&use=l&cat=p&typeid=i","cat":334872},{"id":20050,"n":"Bière belge Duvel 8,5%vol. - 33cl","p":1.77,"u":"5,36 €/L","img":"https://fd6-photos.leclercdrive.fr/image.ashx?id=2389304&use=l&cat=p&typeid=i","cat":334872},{"id":20055,"n":"Gaufre Rita fourrée Vanille 3x150g","p":2.77,"u":"6,16 €/KG","img":"https://fd6-photos.leclercdrive.fr/image.ashx?id=1642877&use=l&cat=p&typeid=i","cat":284487},{"id":20058,"n":"Madère Cruz 17%vol sous blister 20cl","p":3.05,"u":"15,25 €/L","img":"https://fd6-photos.leclercdrive.fr/image.ashx?id=2484044&use=l&cat=p&typeid=i","cat":284913},{"id":20060,"n":"Biscuits Gouda Delacre Canasta  Fourrés fromage - 75g","p":1.71,"u":"22,80 €/KG","img":"https://fd6-photos.leclercdrive.fr/image.ashx?id=2661841&use=l&cat=p&typeid=i","cat":297000},{"id":20075,"n":"Corned beef Hereford 340g","p":3.46,"u":"10,18 €/KG","img":"https://fd6-photos.leclercdrive.fr/image.ashx?id=2896946&use=l&cat=p&typeid=i","cat":305149},{"id":20081,"n":"Eau minérale naturelle St Amand Bouchon sport - 12x33cl","p":2.84,"u":"0,72 €/L","img":"https://fd6-photos.leclercdrive.fr/image.ashx?id=2877763&use=l&cat=p&typeid=i","cat":284535},{"id":20085,"n":"Bière bleue Chimay Brune - 9%vol. - 33cl","p":1.87,"u":"5,67 €/L","img":"https://fd6-photos.leclercdrive.fr/image.ashx?id=1758849&use=l&cat=p&typeid=i","cat":334872},{"id":20086,"n":"Bière brune Chimay Rouge - 7%vol. - 33cl","p":1.51,"u":"4,58 €/L","img":"https://fd6-photos.leclercdrive.fr/image.ashx?id=1758843&use=l&cat=p&typeid=i","cat":334872},{"id":20099,"n":"Boules Démanquillantes Inell x100","p":1.4,"u":"0,01 €/P","img":"https://fd6-photos.leclercdrive.fr/image.ashx?id=2404284&use=l&cat=p&typeid=i","cat":285593},{"id":20109,"n":"Whisky Bourbon John Davon's 40%vol. - 70cl","p":13.15,"u":"18,79 €/L","img":"https://fd6-photos.leclercdrive.fr/image.ashx?id=2907177&use=l&cat=p&typeid=i","cat":284547},{"id":20110,"n":"Jus d'orange Jafaden A base de concentré  - 6x1L","p":10.56,"u":"1,76 €/L","img":"https://fd6-photos.leclercdrive.fr/image.ashx?id=2751895&use=l&cat=p&typeid=i","cat":284521},{"id":20138,"n":"Chips Pom'Lisse Nature - 200g","p":1.19,"u":"5,95 €/KG","img":"https://fd6-photos.leclercdrive.fr/image.ashx?id=2710783&use=l&cat=p&typeid=i","cat":284447},{"id":20146,"n":"Brique de brebis Les Croisés 150g","p":2.45,"u":"16,33 €/KG","img":"https://fd6-photos.leclercdrive.fr/image.ashx?id=2645903&use=l&cat=p&typeid=i","cat":314031},{"id":20154,"n":"Pâtes Barilla Macaroni - 1kg","p":1.89,"u":"1,89 €/KG","img":"https://fd6-photos.leclercdrive.fr/image.ashx?id=2602317&use=l&cat=p&typeid=i","cat":284427},{"id":20172,"n":"Petits pots bébé P'TIT SOUPER Aubergine pâtes 8M+ - 2x200g","p":1.99,"u":"4,98 €/KG","img":"https://fd6-photos.leclercdrive.fr/image.ashx?id=2526511&use=l&cat=p&typeid=i","cat":312239},{"id":20175,"n":"Petits pots bébé P'TIT SOUPER  7 légumes 8M+ - 2x200g","p":1.68,"u":"4,20 €/KG","img":"https://fd6-photos.leclercdrive.fr/image.ashx?id=2526508&use=l&cat=p&typeid=i","cat":312239},{"id":20180,"n":"Crème Fraîche Elle&Vire Epaisse Légère - 12% MG - 33cl","p":1.62,"u":"4,91 €/L","img":"https://fd6-photos.leclercdrive.fr/image.ashx?id=2871949&use=l&cat=p&typeid=i","cat":284381},{"id":20183,"n":"Emmental français Entremont 45%mg - 250g","p":2.82,"u":"11,28 €/KG","img":"https://fd6-photos.leclercdrive.fr/image.ashx?id=2983138&use=l&cat=p&typeid=i","cat":314034},{"id":20195,"n":"Camembert Isigny Ste Mère Au lait cru - 250g","p":3.45,"u":"13,80 €/KG","img":"https://fd6-photos.leclercdrive.fr/image.ashx?id=2284415&use=l&cat=p&typeid=i","cat":314033},{"id":20213,"n":"Camembert Cœur de Lion  8 portions - 240g","p":2.85,"u":"11,88 €/KG","img":"https://fd6-photos.leclercdrive.fr/image.ashx?id=2767962&use=l&cat=p&typeid=i","cat":314033},{"id":20214,"n":"Mousse Délisse Caramel beurre salé - 4x60g","p":1.44,"u":"6,00 €/KG","img":"https://fd6-photos.leclercdrive.fr/image.ashx?id=3009511&use=l&cat=p&typeid=i","cat":284417},{"id":20218,"n":"Mozzarella vache Casa Azzurra Boule - 125g","p":1.02,"u":"8,16 €/KG","img":"https://fd6-photos.leclercdrive.fr/image.ashx?id=2904302&use=l&cat=p&typeid=i","cat":314026},{"id":20220,"n":"Flan Délisse Chocolat - 12x100g","p":3.45,"u":"2,88 €/KG","img":"https://fd6-photos.leclercdrive.fr/image.ashx?id=2989932&use=l&cat=p&typeid=i","cat":284420},{"id":20221,"n":"Mascarpone Casa Azzurra 250g","p":2.62,"u":"10,48 €/KG","img":"https://fd6-photos.leclercdrive.fr/image.ashx?id=2290266&use=l&cat=p&typeid=i","cat":314026},{"id":20222,"n":"Ricotta Casa Azzurra 250g","p":1.57,"u":"6,28 €/KG","img":"https://fd6-photos.leclercdrive.fr/image.ashx?id=1849630&use=l&cat=p&typeid=i","cat":314026},{"id":20239,"n":"Gâteaux fourrés P'tit Déli Chocolat x7 - 189g","p":2.18,"u":"11,53 €/KG","img":"https://fd6-photos.leclercdrive.fr/image.ashx?id=2554517&use=l&cat=p&typeid=i","cat":284495},{"id":20244,"n":"Compotes Pom'Potes Gourdes BIO  Pomme Nature - 12x90g","p":6.15,"u":"5,69 €/KG","img":"https://fd6-photos.leclercdrive.fr/image.ashx?id=2901608&use=l&cat=p&typeid=i","cat":284508},{"id":20247,"n":"Lait écrémé Bio Village Bio - UHT - Bouteille : 1L","p":1.1,"u":"1,10 €/L","img":"https://fd6-photos.leclercdrive.fr/image.ashx?id=2981921&use=l&cat=p&typeid=i","cat":284949},{"id":20267,"n":"Compote bio Bio Village Coupelle pomme poire - 4x100g","p":2.29,"u":"5,73 €/KG","img":"https://fd6-photos.leclercdrive.fr/image.ashx?id=2442710&use=l&cat=p&typeid=i","cat":284508},{"id":20288,"n":"Soufflés Snack's Tokapi Cacahuète - 55g","p":0.39,"u":"7,09 €/KG","img":"https://fd6-photos.leclercdrive.fr/image.ashx?id=2844517&use=l&cat=p&typeid=i","cat":284449},{"id":20291,"n":"Déodorant bille Manava Vanille 50ml","p":1.29,"u":"25,80 €/L","img":"https://fd6-photos.leclercdrive.fr/image.ashx?id=2481213&use=l&cat=p&typeid=i","cat":284595},{"id":20292,"n":"Déodorant bille Manava Anti traces 50ml","p":0.69,"u":"13,80 €/L","img":"https://fd6-photos.leclercdrive.fr/image.ashx?id=2481216&use=l&cat=p&typeid=i","cat":284595},{"id":20299,"n":"AOC Saint Mont rouge  Marquis de Seillan - 75cl","p":4.99,"pp":3.29,"u":"4,39 €/L","img":"https://fd6-photos.leclercdrive.fr/image.ashx?id=2753982&use=l&cat=p&typeid=i","cat":289556},{"id":20300,"n":"Tarte Tomates Chèvre Courgette Côté Table - 400g","p":2.8,"u":"7,00 €/KG","img":"https://fd6-photos.leclercdrive.fr/image.ashx?id=2791767&use=l&cat=p&typeid=i","cat":284257},{"id":20306,"n":"Rillettes crabe Ronde des Mers 150g","p":1.99,"u":"13,27 €/KG","img":"https://fd6-photos.leclercdrive.fr/image.ashx?id=2981876&use=l&cat=p&typeid=i","cat":285191},{"id":20309,"n":"Jambon supérieur Tradilège -25% de sel - Découenné x4-160g","p":1.95,"u":"12,19 €/KG","img":"https://fd6-photos.leclercdrive.fr/image.ashx?id=2991518&use=l&cat=p&typeid=i","cat":316009},{"id":20329,"n":"Le Breizh Surimi  Compagnie des pêche x30 - 500g","p":3.85,"u":"7,70 €/KG","img":"https://fd6-photos.leclercdrive.fr/image.ashx?id=2973129&use=l&cat=p&typeid=i","cat":285189},{"id":20362,"n":"Coeurs filets merlu Pêche Océan MSC 4 à 5 pièces 400g","p":5.3,"u":"13,25 €/KG","img":"https://fd6-photos.leclercdrive.fr/image.ashx?id=2953725&use=l&cat=p&typeid=i","cat":319786},{"id":20375,"n":"Saucisson Justin Bridou Bâton de Berger Noisette - 250g","p":4.39,"u":"17,56 €/KG","img":"https://fd6-photos.leclercdrive.fr/image.ashx?id=2948054&use=l&cat=p&typeid=i","cat":316006},{"id":20380,"n":"Jambon cru 6 tranches Aoste sans conservateur - 165g","p":4.77,"u":"28,91 €/KG","img":"https://fd6-photos.leclercdrive.fr/image.ashx?id=2950285&use=l&cat=p&typeid=i","cat":316007},{"id":20382,"n":"Saucisse Fuet Original Tournebon - 170g","p":3.44,"u":"20,24 €/KG","img":"https://fd6-photos.leclercdrive.fr/image.ashx?id=2166145&use=l&cat=p&typeid=i","cat":316006},{"id":20397,"n":"Tagliatelles Weight Watchers Poulet champignons 300g","p":3.31,"u":"11,03 €/KG","img":"https://fd6-photos.leclercdrive.fr/image.ashx?id=2960759&use=l&cat=p&typeid=i","cat":333665},{"id":20408,"n":"Déodorant bille Carré homme Anti traces et transpirant 50ml","p":0.69,"u":"13,80 €/L","img":"https://fd6-photos.leclercdrive.fr/image.ashx?id=2596772&use=l&cat=p&typeid=i","cat":284618},{"id":20413,"n":"Petites gambas fettucine Marie Au pesto tomates confites 280g","p":3.28,"u":"11,71 €/KG","img":"https://fd6-photos.leclercdrive.fr/image.ashx?id=2921537&use=l&cat=p&typeid=i","cat":333665},{"id":20414,"n":"Essuie-tout blanc Mimosa Super absorbant - x2","p":2.75,"u":"1,38 €/P","img":"https://fd6-photos.leclercdrive.fr/image.ashx?id=2727371&use=l&cat=p&typeid=i","cat":284635},{"id":20418,"n":"Cabillaud au citron Marie Printanière de légumes - 290g","p":3.58,"u":"12,34 €/KG","img":"https://fd6-photos.leclercdrive.fr/image.ashx?id=2317417&use=l&cat=p&typeid=i","cat":333665},{"id":20423,"n":"Emincé poulet farfalles Marie Aux champignons 280g","p":2.98,"u":"10,64 €/KG","img":"https://fd6-photos.leclercdrive.fr/image.ashx?id=2317411&use=l&cat=p&typeid=i","cat":333665},{"id":20429,"n":"Clafoutis aux cerises Délisse 4x85g","p":2.25,"u":"6,62 €/KG","img":"https://fd6-photos.leclercdrive.fr/image.ashx?id=2891776&use=l&cat=p&typeid=i","cat":284419},{"id":20447,"n":"Chips Pom'lisse Nature - 350g","p":1.89,"u":"5,40 €/KG","img":"https://fd6-photos.leclercdrive.fr/image.ashx?id=2710786&use=l&cat=p&typeid=i","cat":284447},{"id":20452,"n":"Paëlla Valenciana Fleury Michon 400g","p":3.54,"u":"8,85 €/KG","img":"https://fd6-photos.leclercdrive.fr/image.ashx?id=2656739&use=l&cat=p&typeid=i","cat":333665},{"id":20455,"n":"Taboulé à la menthe Bonduelle 300g","p":1.46,"u":"4,87 €/KG","img":"https://fd6-photos.leclercdrive.fr/image.ashx?id=2907893&use=l&cat=p&typeid=i","cat":333657},{"id":20468,"n":"Blanc de poulet Fleury Michon -25% de sel - x2 - 80g","p":1.42,"u":"17,75 €/KG","img":"https://fd6-photos.leclercdrive.fr/image.ashx?id=2885971&use=l&cat=p&typeid=i","cat":316010},{"id":20476,"n":"Cocktail Punch Old Nick Coco 16%vol. - 70cl","p":5.48,"u":"7,83 €/L","img":"https://fd6-photos.leclercdrive.fr/image.ashx?id=2999213&use=l&cat=p&typeid=i","cat":284551},{"id":20488,"n":"Crème de cassis de Dijon Guyot 15%vol. - 70cl","p":5.95,"pp":4.16,"u":"5,94 €/L","img":"https://fd6-photos.leclercdrive.fr/image.ashx?id=1727598&use=l&cat=p&typeid=i","cat":286032},{"id":20495,"n":"Boisson Jafaden Cranberry Light - 1L","p":1.59,"u":"1,59 €/L","img":"https://fd6-photos.leclercdrive.fr/image.ashx?id=2584014&use=l&cat=p&typeid=i","cat":284915},{"id":20501,"n":"Yaourts aux fruits Délisse Fruits Jaunes - 8x125g","p":2.29,"u":"2,29 €/KG","img":"https://fd6-photos.leclercdrive.fr/image.ashx?id=2533319&use=l&cat=p&typeid=i","cat":284410},{"id":20545,"n":"Haricots verts Bio Bio Village 600g","p":1.46,"u":"2,43 €/KG","img":"https://fd6-photos.leclercdrive.fr/image.ashx?id=2891812&use=l&cat=p&typeid=i","cat":319805},{"id":20554,"n":"Sardines Pêche Océan Huile de tournesol - 3x135g","p":2.83,"u":"6,99 €/KG","img":"https://fd6-photos.leclercdrive.fr/image.ashx?id=2692955&use=l&cat=p&typeid=i","cat":305146},{"id":20603,"n":"Sauce à l'Echalote Rustica Déshydratée 33g","p":0.68,"u":"20,61 €/KG","img":"https://fd6-photos.leclercdrive.fr/image.ashx?id=2188835&use=l&cat=p&typeid=i","cat":288381},{"id":20612,"n":"Thon Pêche Océan A la catalane - 2x135g","p":1.87,"u":"6,93 €/KG","img":"https://fd6-photos.leclercdrive.fr/image.ashx?id=2941432&use=l&cat=p&typeid=i","cat":303867},{"id":20614,"n":"Pâtes Spaghetti court Lustucru 4x250g","p":2.71,"u":"2,71 €/KG","img":"https://fd6-photos.leclercdrive.fr/image.ashx?id=2023170&use=l&cat=p&typeid=i","cat":284427},{"id":20616,"n":"Coquillettes Lustucru Oeufs frais - 4x250g","p":3.76,"u":"3,76 €/KG","img":"https://fd6-photos.leclercdrive.fr/image.ashx?id=2341065&use=l&cat=p&typeid=i","cat":284427},{"id":20628,"n":"Merguez Férial x12 - 660g","p":8.29,"u":"12,56 €/KG","img":"https://fd6-photos.leclercdrive.fr/image.ashx?id=2852285&use=l&cat=p&typeid=i","cat":284334},{"id":20634,"n":"Lait céréales Blédidej 6 mois Vanille - 4x250ml","p":3.44,"u":"3,44 €/L","img":"https://fd6-photos.leclercdrive.fr/image.ashx?id=2921046&use=l&cat=p&typeid=i","cat":312226},{"id":20635,"n":"Litière agglomérante Catsan  Pour chat - 5L","p":6.08,"u":"1,22 €/L","img":"https://fd6-photos.leclercdrive.fr/image.ashx?id=2681925&use=l&cat=p&typeid=i","cat":284683},{"id":20642,"n":"Gants de ménage Mamison Taille L - x1 paire","p":1.01,"img":"https://fd6-photos.leclercdrive.fr/image.ashx?id=2635682&use=l&cat=p&typeid=i","cat":284668},{"id":20646,"n":"Filtre à thé Britley x30","p":1.64,"u":"0,05 €/P","img":"https://fd6-photos.leclercdrive.fr/image.ashx?id=2755058&use=l&cat=p&typeid=i","cat":293233},{"id":20648,"n":"Maquereaux Pêche Océan Moutarde à l'ancienne - 169g","p":1.66,"u":"9,82 €/KG","img":"https://fd6-photos.leclercdrive.fr/image.ashx?id=2515676&use=l&cat=p&typeid=i","cat":303868},{"id":20653,"n":"Lait démaquillant Inell Peaux normales et mixtes 250ml","p":1.89,"u":"7,56 €/L","img":"https://fd6-photos.leclercdrive.fr/image.ashx?id=2691619&use=l&cat=p&typeid=i","cat":284603},{"id":20665,"n":"Saucisson sec Bio Village bio 200g","p":4.55,"u":"22,75 €/KG","img":"https://fd6-photos.leclercdrive.fr/image.ashx?id=2330511&use=l&cat=p&typeid=i","cat":316006},{"id":20683,"n":"Pommes duchesse Pom'lisse 750g","p":1.29,"u":"1,72 €/KG","img":"https://fd6-photos.leclercdrive.fr/image.ashx?id=2851577&use=l&cat=p&typeid=i","cat":319792},{"id":20684,"n":"Cordon bleu de poulet Eco+ 800g","p":3.9,"u":"4,88 €/KG","img":"https://fd6-photos.leclercdrive.fr/image.ashx?id=2779871&use=l&cat=p&typeid=i","cat":319780},{"id":20685,"n":"Purée 4 légumes Notre Jardin 750g","p":2.24,"u":"2,99 €/KG","img":"https://fd6-photos.leclercdrive.fr/image.ashx?id=2856160&use=l&cat=p&typeid=i","cat":319805},{"id":20688,"n":"Tagliatelles carbonara Marie 330g","p":3.19,"u":"9,67 €/KG","img":"https://fd6-photos.leclercdrive.fr/image.ashx?id=2980920&use=l&cat=p&typeid=i","cat":333665},{"id":20692,"n":"Filet de saumon Fleury Michon purée de brocolis - 300g","p":3.84,"u":"12,80 €/KG","img":"https://fd6-photos.leclercdrive.fr/image.ashx?id=3003278&use=l&cat=p&typeid=i","cat":333665},{"id":20700,"n":"Macaroni sauce tomate Marie Boulettes de viande 280g","p":2.84,"u":"10,14 €/KG","img":"https://fd6-photos.leclercdrive.fr/image.ashx?id=2980968&use=l&cat=p&typeid=i","cat":333665},{"id":20705,"n":"Salade Notre Jardin Coeurs de laitue - 70g","p":0.89,"u":"12,71 €/KG","img":"https://fd6-photos.leclercdrive.fr/image.ashx?id=2720166&use=l&cat=p&typeid=i","cat":284353},{"id":20715,"n":"Betterave rouge Bio  Bio Village - 500g","p":1.25,"u":"2,50 €/KG","img":"https://fd6-photos.leclercdrive.fr/image.ashx?id=2888428&use=l&cat=p&typeid=i","cat":284352},{"id":20717,"n":"Sirop Frucci Cassis - 1L","p":3.11,"u":"3,11 €/L","img":"https://fd6-photos.leclercdrive.fr/image.ashx?id=2954079&use=l&cat=p&typeid=i","cat":295020},{"id":20718,"n":"Sirop Frucci Orgeat - 1L","p":4.18,"u":"4,18 €/L","img":"https://fd6-photos.leclercdrive.fr/image.ashx?id=2954085&use=l&cat=p&typeid=i","cat":295020},{"id":20721,"n":"Epinards Bonduelle Feuilles préservées - 750g","p":2.14,"u":"2,85 €/KG","img":"https://fd6-photos.leclercdrive.fr/image.ashx?id=2910028&use=l&cat=p&typeid=i","cat":319805},{"id":20724,"n":"Cheeseburger Charal 6x140g - 840g","p":8.76,"u":"10,43 €/KG","img":"https://fd6-photos.leclercdrive.fr/image.ashx?id=2741952&use=l&cat=p&typeid=i","cat":319822},{"id":20726,"n":"Yaourts Malo Nature Bio - 4x125g","p":1.76,"u":"3,52 €/KG","img":"https://fd6-photos.leclercdrive.fr/image.ashx?id=2908630&use=l&cat=p&typeid=i","cat":284409},{"id":20727,"n":"Yaourts Malo Vanille Bio - 4x125g","p":2.18,"u":"4,36 €/KG","img":"https://fd6-photos.leclercdrive.fr/image.ashx?id=2908633&use=l&cat=p&typeid=i","cat":286006},{"id":20744,"n":"Philadelphia Nature - 150g","p":1.73,"u":"11,53 €/KG","img":"https://fd6-photos.leclercdrive.fr/image.ashx?id=1586142&use=l&cat=p&typeid=i","cat":314029},{"id":20753,"n":"Mouchoirs The Original Kleenex® Etuis mini x24","p":2.95,"u":"0,12 €/P","img":"https://fd6-photos.leclercdrive.fr/image.ashx?id=2840301&use=l&cat=p&typeid=i","cat":284638},{"id":20758,"n":"Riz cantonais Tables du Monde 900g","p":3.99,"u":"4,43 €/KG","img":"https://fd6-photos.leclercdrive.fr/image.ashx?id=2903953&use=l&cat=p&typeid=i","cat":284254},{"id":20760,"n":"Légumes vapeurs Notre Jardin 2x200g","p":2.47,"u":"6,18 €/KG","img":"https://fd6-photos.leclercdrive.fr/image.ashx?id=2900106&use=l&cat=p&typeid=i","cat":319805},{"id":20762,"n":"Légumes vapeurs Notre Jardin Méditerranéens 2x200g","p":1.8,"u":"4,50 €/KG","img":"https://fd6-photos.leclercdrive.fr/image.ashx?id=2916689&use=l&cat=p&typeid=i","cat":319805},{"id":20775,"n":"Carottes râpées Menu Fraîcheur  1kg","p":1.98,"u":"1,98 €/KG","img":"https://fd6-photos.leclercdrive.fr/image.ashx?id=2850814&use=l&cat=p&typeid=i","cat":333657},{"id":20789,"n":"Déodorant Carré Homme Anti-transpirant 200ml","p":1.35,"u":"6,75 €/L","img":"https://fd6-photos.leclercdrive.fr/image.ashx?id=2610693&use=l&cat=p&typeid=i","cat":284618},{"id":20792,"n":"Cire Institut Siliss Professionnelle - 400g","p":5.6,"u":"14,00 €/KG","img":"https://fd6-photos.leclercdrive.fr/image.ashx?id=2699684&use=l&cat=p&typeid=i","cat":325351},{"id":20818,"n":"Tomate cocktail en grappe Panier du Primeur - 500g","p":2.49,"u":"4,98 €/KG","img":"https://fd6-photos.leclercdrive.fr/image.ashx?id=2649897&use=l&cat=p&typeid=i","cat":284352},{"id":20834,"n":"AOP Saumur Champigny rouge Charles de Villeneuve - 75cl","p":5.95,"pp":4.46,"u":"5,95 €/L","img":"https://fd6-photos.leclercdrive.fr/image.ashx?id=2859275&use=l&cat=p&typeid=i","cat":289556},{"id":20840,"n":"Yaourts Mamie Nova Panaché de fruits - 6x150g","p":3.39,"u":"3,77 €/KG","img":"https://fd6-photos.leclercdrive.fr/image.ashx?id=2886954&use=l&cat=p&typeid=i","cat":284410},{"id":20862,"n":"Sauce Provençale Turini 190g","p":0.59,"u":"3,11 €/KG","img":"https://fd6-photos.leclercdrive.fr/image.ashx?id=2386152&use=l&cat=p&typeid=i","cat":287599},{"id":20863,"n":"Allumettes de bacon Herta Fumées 200g","p":2.15,"u":"10,75 €/KG","img":"https://fd6-photos.leclercdrive.fr/image.ashx?id=2876242&use=l&cat=p&typeid=i","cat":316011},{"id":20880,"n":"Le Parmentier de saumon Maison Briau - 750g","p":6.98,"u":"9,31 €/KG","img":"https://fd6-photos.leclercdrive.fr/image.ashx?id=2850605&use=l&cat=p&typeid=i","cat":333666},{"id":20986,"n":"Sauce Napolitaine Turini 190g","p":0.85,"u":"4,47 €/KG","img":"https://fd6-photos.leclercdrive.fr/image.ashx?id=2552430&use=l&cat=p&typeid=i","cat":287599},{"id":20987,"n":"Liqueur Litchi Soho 15%vol. - 70cl","p":8.25,"pp":6.25,"u":"8,93 €/L","img":"https://fd6-photos.leclercdrive.fr/image.ashx?id=2971927&use=l&cat=p&typeid=i","cat":286032},{"id":21017,"n":"Poisson Pané Findus  Colin d'Alaska - x10 - 510g","p":4.2,"u":"8,24 €/KG","img":"https://fd6-photos.leclercdrive.fr/image.ashx?id=2735332&use=l&cat=p&typeid=i","cat":319788},{"id":21027,"n":"Sauce bolognaise Turini 190g","p":0.85,"u":"4,47 €/KG","img":"https://fd6-photos.leclercdrive.fr/image.ashx?id=2634869&use=l&cat=p&typeid=i","cat":287599},{"id":21040,"n":"Whisky Monkey Shoulder 40%vol - 70cl","p":24.8,"pp":22.8,"u":"32,57 €/L","img":"https://fd6-photos.leclercdrive.fr/image.ashx?id=2917528&use=l&cat=p&typeid=i","cat":284547},{"id":21077,"n":"Bière blonde La Goudale 7.2%vol. - 6x25cl","p":4.23,"u":"2,82 €/L","img":"https://fd6-photos.leclercdrive.fr/image.ashx?id=2789865&use=l&cat=p&typeid=i","cat":334852},{"id":21081,"n":"Bière blonde Rince Cochon 50cl","p":1.86,"u":"3,72 €/L","img":"https://fd6-photos.leclercdrive.fr/image.ashx?id=2021232&use=l&cat=p&typeid=i","cat":334853},{"id":21115,"n":"Lambrusco Rosato Vilaveroni 75cl","p":4.19,"u":"5,59 €/L","img":"https://fd6-photos.leclercdrive.fr/image.ashx?id=2333030&use=l&cat=p&typeid=i","cat":289558},{"id":21221,"n":"Déodorant bille Nivea  Pearl & Beauty - 50ml","p":2.3,"u":"46,00 €/L","img":"https://fd6-photos.leclercdrive.fr/image.ashx?id=2871061&use=l&cat=p&typeid=i","cat":284595},{"id":21222,"n":"Déodorant Bille Homme Nivea Men Dry Impact 72H - 50ml","p":1.27,"u":"25,40 €/L","img":"https://fd6-photos.leclercdrive.fr/image.ashx?id=2865995&use=l&cat=p&typeid=i","cat":284618},{"id":21223,"n":"Déodorant Bille Homme Nivea Men Cool Kick 48H - 50ml","p":2.22,"u":"44,40 €/L","img":"https://fd6-photos.leclercdrive.fr/image.ashx?id=2945727&use=l&cat=p&typeid=i","cat":284618},{"id":21241,"n":"Spirales Insectivor Anti-moustiques - x10","p":1.73,"u":"0,17 €/P","img":"https://fd6-photos.leclercdrive.fr/image.ashx?id=1939040&use=l&cat=p&typeid=i","cat":298368},{"id":21244,"n":"Pièges anti-fourmis Insectivor x2","p":3.34,"u":"1,67 €/P","img":"https://fd6-photos.leclercdrive.fr/image.ashx?id=2302725&use=l&cat=p&typeid=i","cat":298368},{"id":21246,"n":"Pièges Insectivor Anti-mites alimentaires - x2","p":2.76,"u":"1,38 €/P","img":"https://fd6-photos.leclercdrive.fr/image.ashx?id=1962780&use=l&cat=p&typeid=i","cat":298368},{"id":21262,"n":"Papier toilette Lotus blanc Ultra doux - x6","p":3.56,"u":"0,59 €/P","img":"https://fd6-photos.leclercdrive.fr/image.ashx?id=2576907&use=l&cat=p&typeid=i","cat":284634},{"id":21326,"n":"Tapenade olives noires NRT 90g","p":1.84,"u":"20,44 €/KG","img":"https://fd6-photos.leclercdrive.fr/image.ashx?id=2873204&use=l&cat=p&typeid=i","cat":284451},{"id":21370,"n":"Emincés pour chat Tous mes amis Viande 4x390g","p":4.21,"u":"2,70 €/KG","img":"https://fd6-photos.leclercdrive.fr/image.ashx?id=776789&use=l&cat=p&typeid=i","cat":285601},{"id":21485,"n":"Eau gazeuse La Pétillante Naturelle - 6x1L","p":2.34,"u":"0,39 €/L","img":"https://fd6-photos.leclercdrive.fr/image.ashx?id=2452966&use=l&cat=p&typeid=i","cat":284536},{"id":21490,"n":"Vin mousseux Charles Volner Rosé 12%vol. 75cl","p":3.38,"u":"4,51 €/L","img":"https://fd6-photos.leclercdrive.fr/image.ashx?id=1592043&use=l&cat=p&typeid=i","cat":284544},{"id":21494,"n":"AOC Côtes de Provence Valestrel rosé - BIB 3L","p":21.9,"u":"7,30 €/L","img":"https://fd6-photos.leclercdrive.fr/image.ashx?id=2997763&use=l&cat=p&typeid=i","cat":289560},{"id":21502,"n":"Copie double perforée Esquisse 21x29,7cm 5x5 - 200 pages","p":1.79,"img":"https://fd6-photos.leclercdrive.fr/image.ashx?id=1929759&use=l&cat=p&typeid=i","cat":284697},{"id":21572,"n":"Baguette La Boulangère Viennoise fendue 340g","p":1.42,"u":"4,18 €/KG","img":"https://fd6-photos.leclercdrive.fr/image.ashx?id=2912392&use=l&cat=p&typeid=i","cat":284985},{"id":21573,"n":"Bonbons LUTTI Arlequin Original 250g","p":1.42,"u":"5,68 €/KG","img":"https://fd6-photos.leclercdrive.fr/image.ashx?id=2817422&use=l&cat=p&typeid=i","cat":304252},{"id":21574,"n":"Bonbons Lutti Menthise Fondant aux 2 menthes 250g","p":1.91,"u":"7,64 €/KG","img":"https://fd6-photos.leclercdrive.fr/image.ashx?id=2962167&use=l&cat=p&typeid=i","cat":304252},{"id":21580,"n":"Steak haché Isla Délice 100% boeuf Halal x10 800g","p":11.37,"u":"14,21 €/KG","img":"https://fd6-photos.leclercdrive.fr/image.ashx?id=2349233&use=l&cat=p&typeid=i","cat":319778},{"id":21581,"n":"Burger Isla Délice  Halal  - x10 800g","p":9.9,"u":"12,38 €/KG","img":"https://fd6-photos.leclercdrive.fr/image.ashx?id=1587519&use=l&cat=p&typeid=i","cat":319778},{"id":21584,"n":"Olives noires Crespo Dénoyautées - 170g","p":1.45,"u":"8,53 €/KG","img":"https://fd6-photos.leclercdrive.fr/image.ashx?id=2616892&use=l&cat=p&typeid=i","cat":284458},{"id":21588,"n":"Semoule Floraline 500g","p":1.96,"u":"3,92 €/KG","img":"https://fd6-photos.leclercdrive.fr/image.ashx?id=2968187&use=l&cat=p&typeid=i","cat":284429},{"id":21592,"n":"Filets de cabillaud Findus MSC - x10 - 510g","p":7.51,"u":"14,73 €/KG","img":"https://fd6-photos.leclercdrive.fr/image.ashx?id=2735329&use=l&cat=p&typeid=i","cat":319788},{"id":21606,"n":"Cornichons Maille extra fins 380g","p":3.17,"u":"8,34 €/KG","img":"https://fd6-photos.leclercdrive.fr/image.ashx?id=2945826&use=l&cat=p&typeid=i","cat":284458},{"id":21609,"n":"Cornichons Extra-Fins MAILLE 220g","p":2.23,"u":"10,14 €/KG","img":"https://fd6-photos.leclercdrive.fr/image.ashx?id=2945823&use=l&cat=p&typeid=i","cat":284458},{"id":21610,"n":"Lotion fraîcheur Inell Tonique - 250ml","p":1.53,"u":"6,12 €/L","img":"https://fd6-photos.leclercdrive.fr/image.ashx?id=2694172&use=l&cat=p&typeid=i","cat":284603},{"id":21611,"n":"Lotion douceur Inell Tonique - 250ml","p":1.52,"u":"6,08 €/L","img":"https://fd6-photos.leclercdrive.fr/image.ashx?id=2707561&use=l&cat=p&typeid=i","cat":284603},{"id":21612,"n":"Liquide vaisselle Eco+ Citron 1L","p":0.7,"u":"0,70 €/L","img":"https://fd6-photos.leclercdrive.fr/image.ashx?id=2874368&use=l&cat=p&typeid=i","cat":284655},{"id":21652,"n":"Biscuits P'tit Déli Galettes Suédoise chocolat 150g","p":2.38,"u":"15,87 €/KG","img":"https://fd6-photos.leclercdrive.fr/image.ashx?id=1951046&use=l&cat=p&typeid=i","cat":284490},{"id":21655,"n":"Boîtes chiens Lydog Mitonnées Agneau poulet veau - 3x410g","p":3.9,"u":"3,17 €/KG","img":"https://fd6-photos.leclercdrive.fr/image.ashx?id=2710488&use=l&cat=p&typeid=i","cat":288578},{"id":21656,"n":"Boîte chiens Lydog Bouchées Boeuf carottes - 1,25kg","p":2.65,"u":"2,12 €/KG","img":"https://fd6-photos.leclercdrive.fr/image.ashx?id=2710491&use=l&cat=p&typeid=i","cat":288578},{"id":21658,"n":"Boîte chiens Lydog Terrines Cabillaud saumon - 1.2kg","p":2.42,"u":"1,95 €/KG","img":"https://fd6-photos.leclercdrive.fr/image.ashx?id=2493667&use=l&cat=p&typeid=i","cat":288578},{"id":21662,"n":"Boîte chiens Lydog Bouchées Poulet légumes - 1,2kg","p":1.98,"u":"1,65 €/KG","img":"https://fd6-photos.leclercdrive.fr/image.ashx?id=2548100&use=l&cat=p&typeid=i","cat":288578},{"id":21663,"n":"Bouchées au poulet foie et  aux carottes Lydog - 1.23kg","p":2.39,"u":"1,94 €/KG","img":"https://fd6-photos.leclercdrive.fr/image.ashx?id=2691225&use=l&cat=p&typeid=i","cat":288578},{"id":21676,"n":"Bûche de chèvre Ste Maure Sélection Soignon - 200g","p":2.84,"u":"14,20 €/KG","img":"https://fd6-photos.leclercdrive.fr/image.ashx?id=2799925&use=l&cat=p&typeid=i","cat":314031},{"id":21685,"n":"Nuggets de poulet Côté Croc x20 - 400g","p":3.0,"u":"7,50 €/KG","img":"https://fd6-photos.leclercdrive.fr/image.ashx?id=2837045&use=l&cat=p&typeid=i","cat":333684},{"id":21686,"n":"Saucisson sec Saint Azay Spécialité 200g","p":2.99,"u":"14,95 €/KG","img":"https://fd6-photos.leclercdrive.fr/image.ashx?id=2970613&use=l&cat=p&typeid=i","cat":316006},{"id":21687,"n":"Fromage Cheddar Burger Les Croisés 10 Tranches - 200g","p":1.25,"u":"6,25 €/KG","img":"https://fd6-photos.leclercdrive.fr/image.ashx?id=2946835&use=l&cat=p&typeid=i","cat":314028},{"id":21688,"n":"Fromage Emmental Croque Les Croisés 10 Tranches - 200g","p":1.19,"u":"5,95 €/KG","img":"https://fd6-photos.leclercdrive.fr/image.ashx?id=2893316&use=l&cat=p&typeid=i","cat":314028},{"id":21693,"n":"Picodon NRT AOP  Fromage de chèvre - 2x60g","p":3.56,"u":"29,67 €/KG","img":"https://fd6-photos.leclercdrive.fr/image.ashx?id=2590931&use=l&cat=p&typeid=i","cat":314031},{"id":21699,"n":"Crème fraîche Eco  Epaisse - 30% MG - 50cl","p":1.89,"u":"3,78 €/L","img":"https://fd6-photos.leclercdrive.fr/image.ashx?id=2981445&use=l&cat=p&typeid=i","cat":284381},{"id":21701,"n":"Glace Eco+ Vanille - 500g","p":1.25,"u":"2,50 €/KG","img":"https://fd6-photos.leclercdrive.fr/image.ashx?id=2711580&use=l&cat=p&typeid=i","cat":284263},{"id":21702,"n":"Haricots verts Eco+ Très fins - 1kg","p":1.39,"u":"1,39 €/KG","img":"https://fd6-photos.leclercdrive.fr/image.ashx?id=2847934&use=l&cat=p&typeid=i","cat":319805},{"id":21703,"n":"Fromage frais Eco+ Nature 20%MG - 1kg","p":1.79,"u":"1,79 €/KG","img":"https://fd6-photos.leclercdrive.fr/image.ashx?id=2699919&use=l&cat=p&typeid=i","cat":284409},{"id":21809,"n":"Boules chocolat Jacquot Praliné noir - 1kg","p":10.28,"u":"10,28 €/KG","img":"https://fd6-photos.leclercdrive.fr/image.ashx?id=2303303&use=l&cat=p&typeid=i","cat":327595},{"id":21876,"n":"Haché moelleux Férial A la bolognaise - 500g","p":6.09,"u":"12,18 €/KG","img":"https://fd6-photos.leclercdrive.fr/image.ashx?id=2904019&use=l&cat=p&typeid=i","cat":284332},{"id":21877,"n":"Purée surgelée Pom'lisse Pommes de terre 750g","p":2.04,"u":"2,72 €/KG","img":"https://fd6-photos.leclercdrive.fr/image.ashx?id=2759777&use=l&cat=p&typeid=i","cat":319793},{"id":21911,"n":"Tomato Ketchup Heinz - 342g","p":1.43,"u":"4,18 €/KG","img":"https://fd6-photos.leclercdrive.fr/image.ashx?id=2955288&use=l&cat=p&typeid=i","cat":284455},{"id":22009,"n":"Eclairs saveur vanille  2x1p","p":1.99,"u":"1,00 €/P","img":"https://fd6-photos.leclercdrive.fr/image.ashx?id=604673&use=l&cat=p&typeid=i","cat":284360},{"id":22033,"n":"Gin Brighton's London Dry 37.5%vol - 70cl","p":9.99,"u":"14,27 €/L","img":"https://fd6-photos.leclercdrive.fr/image.ashx?id=2907183&use=l&cat=p&typeid=i","cat":284550},{"id":22037,"n":"Bière blonde Abbaye Alveringem 6.2%vol. - 75cl","p":2.49,"u":"3,32 €/L","img":"https://fd6-photos.leclercdrive.fr/image.ashx?id=2637901&use=l&cat=p&typeid=i","cat":334852},{"id":22040,"n":"Mini bûches glacées Eskiss Assortiment chocolat x6 - 310g","p":2.29,"u":"7,39 €/KG","img":"https://fd6-photos.leclercdrive.fr/image.ashx?id=2221944&use=l&cat=p&typeid=i","cat":284266},{"id":22065,"n":"Filets de maquereaux Saupiquet A la moutarde - 3x169g","p":5.99,"u":"11,81 €/KG","img":"https://fd6-photos.leclercdrive.fr/image.ashx?id=2826972&use=l&cat=p&typeid=i","cat":303868},{"id":22066,"n":"Filets de maquereaux Saupiquet Tomate basilic - 3x169g","p":5.99,"u":"11,81 €/KG","img":"https://fd6-photos.leclercdrive.fr/image.ashx?id=2826975&use=l&cat=p&typeid=i","cat":303868},{"id":22074,"n":"Cornichons Maille Extra fins - 380g","p":3.17,"u":"8,34 €/KG","img":"https://fd6-photos.leclercdrive.fr/image.ashx?id=2403184&use=l&cat=p&typeid=i","cat":284458},{"id":22087,"n":"Sucettes Chupa Chups Mini Assortiment x30 180g","p":1.93,"u":"10,72 €/KG","img":"https://fd6-photos.leclercdrive.fr/image.ashx?id=2647606&use=l&cat=p&typeid=i","cat":304250},{"id":22112,"n":"Vodka Sobieski 37.5%vol - 70cl","p":10.24,"u":"14,63 €/L","img":"https://fd6-photos.leclercdrive.fr/image.ashx?id=2948474&use=l&cat=p&typeid=i","cat":284550},{"id":22115,"n":"Cidre brut Les Goelleries Bretagne 4.5%vol. - 1,5L","p":1.87,"u":"1,25 €/L","img":"https://fd6-photos.leclercdrive.fr/image.ashx?id=2842277&use=l&cat=p&typeid=i","cat":334880},{"id":22116,"n":"Pain de mie complet Epi d'Or Grandes tranches - 550g","p":1.22,"u":"2,22 €/KG","img":"https://fd6-photos.leclercdrive.fr/image.ashx?id=2861292&use=l&cat=p&typeid=i","cat":284477},{"id":22117,"n":"Pain de mie complet Epi d'Or Grandes tranches - 825g","p":1.78,"u":"2,16 €/KG","img":"https://fd6-photos.leclercdrive.fr/image.ashx?id=2860736&use=l&cat=p&typeid=i","cat":284477},{"id":22140,"n":"Crème anglaise Délisse 3x20cl","p":2.65,"u":"4,42 €/L","img":"https://fd6-photos.leclercdrive.fr/image.ashx?id=3002590&use=l&cat=p&typeid=i","cat":284382},{"id":22142,"n":"Terrines chats Tous mes amis Spécial chaton - 4x400g","p":4.86,"u":"3,04 €/KG","img":"https://fd6-photos.leclercdrive.fr/image.ashx?id=647133&use=l&cat=p&typeid=i","cat":285601},{"id":22143,"n":"Emincés Tous Mes Amis En sauce - 4x400g","p":4.39,"u":"2,74 €/KG","img":"https://fd6-photos.leclercdrive.fr/image.ashx?id=776773&use=l&cat=p&typeid=i","cat":285601},{"id":22172,"n":"Eau source Cristaline 5L","p":0.83,"u":"0,17 €/L","img":"https://fd6-photos.leclercdrive.fr/image.ashx?id=2443976&use=l&cat=p&typeid=i","cat":284535},{"id":22206,"n":"Blanc de poulet Tradilège Tranché en sel réduit x2 80g","p":1.22,"u":"15,25 €/KG","img":"https://fd6-photos.leclercdrive.fr/image.ashx?id=2979583&use=l&cat=p&typeid=i","cat":316010},{"id":22207,"n":"Blanc de Poulet Tradilège -25% de sel - 4 Tranches - 160g","p":1.92,"u":"12,00 €/KG","img":"https://fd6-photos.leclercdrive.fr/image.ashx?id=2974969&use=l&cat=p&typeid=i","cat":316010},{"id":22208,"n":"Lait écrémé Bio Bio Village UHT - Bouteille : 6x1L","p":6.6,"u":"1,10 €/L","img":"https://fd6-photos.leclercdrive.fr/image.ashx?id=2970018&use=l&cat=p&typeid=i","cat":284949},{"id":22209,"n":"Lait entier UHT Bio Bio village Bouteille - 6x1L","p":8.94,"u":"1,49 €/L","img":"https://fd6-photos.leclercdrive.fr/image.ashx?id=2970024&use=l&cat=p&typeid=i","cat":285610},{"id":22212,"n":"Vin de l'Union Européenne rouge Vieux Papes - BIB 5L","p":12.39,"u":"2,48 €/L","img":"https://fd6-photos.leclercdrive.fr/image.ashx?id=2136139&use=l&cat=p&typeid=i","cat":289556},{"id":22229,"n":"Terrines chats Tous mes ami Foie volaille - 800g","p":2.01,"u":"2,51 €/KG","img":"https://fd6-photos.leclercdrive.fr/image.ashx?id=2520032&use=l&cat=p&typeid=i","cat":285601},{"id":22249,"n":"Sandwich Baguette Mega Viennois  Sodebo Thon Oeuf - 270g","p":1.82,"u":"6,74 €/KG","img":"https://fd6-photos.leclercdrive.fr/image.ashx?id=2694596&use=l&cat=p&typeid=i","cat":333658},{"id":22348,"n":"Moule à cake Homeside Revêtement antiadhésif - 27cm","p":5.93,"img":"https://fd6-photos.leclercdrive.fr/image.ashx?id=2832634&use=l&cat=p&typeid=i","cat":298490},{"id":22349,"n":"Moule à manqué Homeside Revêtement antiadhésif - 26cm","p":5.99,"img":"https://fd6-photos.leclercdrive.fr/image.ashx?id=2856724&use=l&cat=p&typeid=i","cat":298490},{"id":22373,"n":"Carré pour la vaisselle Mamison x5","p":1.35,"img":"https://fd6-photos.leclercdrive.fr/image.ashx?id=2622010&use=l&cat=p&typeid=i","cat":284667},{"id":22374,"n":"Chiffons secs Clair Dépouissiérants x20","p":1.97,"img":"https://fd6-photos.leclercdrive.fr/image.ashx?id=2819926&use=l&cat=p&typeid=i","cat":325364},{"id":22377,"n":"AOC Rosé de Loire vin rosé Les Caractères - BIB 3L","p":11.89,"u":"3,96 €/L","img":"https://fd6-photos.leclercdrive.fr/image.ashx?id=2708459&use=l&cat=p&typeid=i","cat":289560},{"id":22382,"n":"AOC Champagne Charles Lafitte Brut Grande cuvée - 75cl","p":25.07,"u":"33,43 €/L","img":"https://fd6-photos.leclercdrive.fr/image.ashx?id=2105884&use=l&cat=p&typeid=i","cat":284542},{"id":22388,"n":"IGP Ile de Beauté vin rosé Terres Ocrées 11.5%vol - BIB 3L","p":12.99,"u":"4,33 €/L","img":"https://fd6-photos.leclercdrive.fr/image.ashx?id=2863036&use=l&cat=p&typeid=i","cat":289560},{"id":22389,"n":"AOC Touraine Sauvignon vin  blanc Les Caractères - BIB 3L","p":14.99,"u":"5,00 €/L","img":"https://fd6-photos.leclercdrive.fr/image.ashx?id=2779883&use=l&cat=p&typeid=i","cat":289560},{"id":22390,"n":"AOC Côtes du Rhône vin rouge Grégoire XI - BIB 10L","p":29.99,"u":"3,00 €/L","img":"https://fd6-photos.leclercdrive.fr/image.ashx?id=2723359&use=l&cat=p&typeid=i","cat":289560},{"id":22391,"n":"AOP Côtes du Rhône rouge Cellier des Dauphins - 75cl","p":3.73,"u":"4,97 €/L","img":"https://fd6-photos.leclercdrive.fr/image.ashx?id=2252190&use=l&cat=p&typeid=i","cat":289556},{"id":22477,"n":"Pignons de pin Couleurs Vives 125g","p":5.99,"u":"47,92 €/KG","img":"https://fd6-photos.leclercdrive.fr/image.ashx?id=2617201&use=l&cat=p&typeid=i","cat":284357},{"id":22487,"n":"IGP Pays d'Oc rosé Roche Mazet Grenache Cinsault - BIB 3L","p":10.48,"u":"3,49 €/L","img":"https://fd6-photos.leclercdrive.fr/image.ashx?id=2597118&use=l&cat=p&typeid=i","cat":289560},{"id":22488,"n":"IGP Pays d'Oc rouge Roche Mazet Cabernet Sauvignon 12.5% BIB 3L","p":10.6,"u":"3,53 €/L","img":"https://fd6-photos.leclercdrive.fr/image.ashx?id=2597121&use=l&cat=p&typeid=i","cat":289560},{"id":22489,"n":"IGP Pays d'oc blancRoche Mazet Sauvignon - BIB 3L","p":10.49,"u":"3,50 €/L","img":"https://fd6-photos.leclercdrive.fr/image.ashx?id=2597124&use=l&cat=p&typeid=i","cat":289557},{"id":22506,"n":"Yaourts aromatisés Délisse 4 saveurs - 8x125g","p":2.79,"u":"2,79 €/KG","img":"https://fd6-photos.leclercdrive.fr/image.ashx?id=2790952&use=l&cat=p&typeid=i","cat":286006},{"id":22512,"n":"Compote Douceur du Verger  Pomme Abricot - 4x100g","p":1.09,"u":"2,73 €/KG","img":"https://fd6-photos.leclercdrive.fr/image.ashx?id=1913442&use=l&cat=p&typeid=i","cat":284416},{"id":22515,"n":"Boisson énergisante X-tense Canette - 6x25cl","p":2.34,"u":"1,56 €/L","img":"https://fd6-photos.leclercdrive.fr/image.ashx?id=2956062&use=l&cat=p&typeid=i","cat":284533},{"id":22517,"n":"Vodka Poliakov Flask 37.5%vol - 20cl","p":3.77,"u":"18,85 €/L","img":"https://fd6-photos.leclercdrive.fr/image.ashx?id=2484029&use=l&cat=p&typeid=i","cat":284550},{"id":22530,"n":"AOC Médoc vin rouge Chantet Blanet - BIB 3L","p":14.99,"u":"5,00 €/L","img":"https://fd6-photos.leclercdrive.fr/image.ashx?id=2717352&use=l&cat=p&typeid=i","cat":289560},{"id":22556,"n":"AOC Bergerac vin rouge Terrasses d'Autan - BIB 3L","p":9.49,"u":"3,16 €/L","img":"https://fd6-photos.leclercdrive.fr/image.ashx?id=2713646&use=l&cat=p&typeid=i","cat":289560},{"id":22584,"n":"AOC Bergerac vin rosé Terrasses d'Autan - BIB 3L","p":9.89,"u":"3,30 €/L","img":"https://fd6-photos.leclercdrive.fr/image.ashx?id=2709659&use=l&cat=p&typeid=i","cat":289560},{"id":22587,"n":"IGP Côtés de Gascogne vin blanc Terrasses d'Autan 11.5% BIB 3L","p":8.49,"u":"2,83 €/L","img":"https://fd6-photos.leclercdrive.fr/image.ashx?id=2872700&use=l&cat=p&typeid=i","cat":289560},{"id":22588,"n":"IGP Pays d'Oc Chardonnay Blanc Vieux Carion 12% vol BIB 3L","p":8.99,"u":"3,00 €/L","img":"https://fd6-photos.leclercdrive.fr/image.ashx?id=2591397&use=l&cat=p&typeid=i","cat":289560},{"id":22596,"n":"IGP Pays d'Oc Merlot vin rouge Vieux Carion - 4x25 cl","p":4.75,"u":"4,75 €/L","img":"https://fd6-photos.leclercdrive.fr/image.ashx?id=2824751&use=l&cat=p&typeid=i","cat":289556},{"id":22621,"n":"AOC Côtes du Rhône vin rosé Grégoire XI - 75 cl","p":2.99,"u":"3,99 €/L","img":"https://fd6-photos.leclercdrive.fr/image.ashx?id=2890003&use=l&cat=p&typeid=i","cat":289558},{"id":22625,"n":"IGP Pays d'Oc Sauvignon Blanc Vieux Carion 12% vol - 4x25 cl","p":4.99,"u":"4,99 €/L","img":"https://fd6-photos.leclercdrive.fr/image.ashx?id=2896892&use=l&cat=p&typeid=i","cat":289557},{"id":22653,"n":"Crème entière fluide UHT Bio Bio Village 30% MG - 25cl","p":1.85,"u":"7,40 €/L","img":"https://fd6-photos.leclercdrive.fr/image.ashx?id=2801795&use=l&cat=p&typeid=i","cat":284381},{"id":22654,"n":"Fromage St Nectaire NRT AOP  600g","p":8.67,"u":"14,45 €/KG","img":"https://fd6-photos.leclercdrive.fr/image.ashx?id=2550854&use=l&cat=p&typeid=i","cat":329184},{"id":22659,"n":"Cancoillotte nature NRT IGP 250g","p":1.97,"u":"7,88 €/KG","img":"https://fd6-photos.leclercdrive.fr/image.ashx?id=2663845&use=l&cat=p&typeid=i","cat":314037},{"id":22660,"n":"Cancoillotte à l'ail NRT IGP 250g","p":1.97,"u":"7,88 €/KG","img":"https://fd6-photos.leclercdrive.fr/image.ashx?id=2663848&use=l&cat=p&typeid=i","cat":314037},{"id":22689,"n":"Confiture extra bio Bio Village Fraises - 370g","p":1.79,"u":"4,84 €/KG","img":"https://fd6-photos.leclercdrive.fr/image.ashx?id=2965626&use=l&cat=p&typeid=i","cat":284480},{"id":22690,"n":"Confiture extra bio Bio Village Abricots - 370g","p":1.79,"u":"4,84 €/KG","img":"https://fd6-photos.leclercdrive.fr/image.ashx?id=2965629&use=l&cat=p&typeid=i","cat":284480},{"id":22700,"n":"Gâteau de semoule Yabon Nappage chocolat - 4x125g","p":2.8,"u":"5,60 €/KG","img":"https://fd6-photos.leclercdrive.fr/image.ashx?id=2642675&use=l&cat=p&typeid=i","cat":284506},{"id":22703,"n":"Chocolat au lait Bio Ethiquable  Riz soufflé - 100g","p":2.99,"u":"29,90 €/KG","img":"https://fd6-photos.leclercdrive.fr/image.ashx?id=2870869&use=l&cat=p&typeid=i","cat":284497},{"id":22754,"n":"Bière blonde Leffe 6,6% - format promo 24x25cl","p":13.99,"u":"2,33 €/L","img":"https://fd6-photos.leclercdrive.fr/image.ashx?id=2111076&use=l&cat=p&typeid=i","cat":334852},{"id":22786,"n":"Desserts lactés Délisse Chocolat caramel - 6x60g","p":1.36,"u":"3,78 €/KG","img":"https://fd6-photos.leclercdrive.fr/image.ashx?id=2968622&use=l&cat=p&typeid=i","cat":285041},{"id":22787,"n":"Saumon Ronde des Mers Petites tranches - 100g","p":3.69,"u":"36,90 €/KG","img":"https://fd6-photos.leclercdrive.fr/image.ashx?id=2966243&use=l&cat=p&typeid=i","cat":285188},{"id":22799,"n":"Mayonnaise Lesieur 710g","p":3.22,"u":"4,54 €/KG","img":"https://fd6-photos.leclercdrive.fr/image.ashx?id=2917693&use=l&cat=p&typeid=i","cat":298295},{"id":22803,"n":"Brioche tranchée Epi d'Or Nature - 700g","p":2.22,"u":"3,17 €/KG","img":"https://fd6-photos.leclercdrive.fr/image.ashx?id=2860733&use=l&cat=p&typeid=i","cat":284478},{"id":22804,"n":"Boisson végétale Bio Village Soja nature bio - 1l","p":0.88,"u":"0,88 €/L","img":"https://fd6-photos.leclercdrive.fr/image.ashx?id=2372350&use=l&cat=p&typeid=i","cat":316067},{"id":22805,"n":"Boisson végétale Bio Village Soja vanille bio - 1l","p":1.42,"u":"1,42 €/L","img":"https://fd6-photos.leclercdrive.fr/image.ashx?id=2357707&use=l&cat=p&typeid=i","cat":316067},{"id":22851,"n":"Chouquettes  30 p","p":3.99,"u":"0,13 €/P","img":"https://fd6-photos.leclercdrive.fr/image.ashx?id=2071007&use=l&cat=p&typeid=i","cat":284984},{"id":22893,"n":"Cidre doux Les Goelleries 2%vol. - 1,5L","p":2.09,"u":"1,39 €/L","img":"https://fd6-photos.leclercdrive.fr/image.ashx?id=2843791&use=l&cat=p&typeid=i","cat":334880},{"id":22894,"n":"Nettoyant spray Clair Ultra dégraissant - 750ml","p":1.18,"u":"1,57 €/L","img":"https://fd6-photos.leclercdrive.fr/image.ashx?id=2840386&use=l&cat=p&typeid=i","cat":325357},{"id":22895,"n":"Nettoyant spray Clair javel Salle de bains 750ml","p":1.46,"u":"1,95 €/L","img":"https://fd6-photos.leclercdrive.fr/image.ashx?id=2840473&use=l&cat=p&typeid=i","cat":325357},{"id":22898,"n":"Nettoyant Silex vitres d'insert Barbecue ultra décapante 750ml","p":3.99,"u":"5,32 €/L","img":"https://fd6-photos.leclercdrive.fr/image.ashx?id=2657087&use=l&cat=p&typeid=i","cat":325363},{"id":22900,"n":"Eau de Cologne Belles Saisons Lavande 250ml","p":1.69,"u":"6,76 €/L","img":"https://fd6-photos.leclercdrive.fr/image.ashx?id=2851655&use=l&cat=p&typeid=i","cat":291525},{"id":22902,"n":"Savon de Marseille Epsil Textiles délicats 400g","p":1.72,"u":"4,30 €/KG","img":"https://fd6-photos.leclercdrive.fr/image.ashx?id=2034938&use=l&cat=p&typeid=i","cat":284651},{"id":22906,"n":"Gel à raser Carré Homme Sensitive - 75ml","p":1.16,"u":"15,47 €/L","img":"https://fd6-photos.leclercdrive.fr/image.ashx?id=2762952&use=l&cat=p&typeid=i","cat":284617},{"id":22907,"n":"Bière blonde Abbaye Alveringem Canette - 6.2%vol. - 50cl","p":1.39,"u":"2,78 €/L","img":"https://fd6-photos.leclercdrive.fr/image.ashx?id=2637898&use=l&cat=p&typeid=i","cat":334852},{"id":22911,"n":"Gants de ménage Mamison Taille S 1 paire","p":1.01,"img":"https://fd6-photos.leclercdrive.fr/image.ashx?id=2635676&use=l&cat=p&typeid=i","cat":284668},{"id":22913,"n":"Gel désinfectant mains Primoplast - 75ml","p":0.96,"u":"12,80 €/L","img":"https://fd6-photos.leclercdrive.fr/image.ashx?id=2856489&use=l&cat=p&typeid=i","cat":284630},{"id":22960,"n":"Gants de ménage Mamison Taille M 1 paire","p":1.01,"img":"https://fd6-photos.leclercdrive.fr/image.ashx?id=2635679&use=l&cat=p&typeid=i","cat":284668},{"id":22963,"n":"Gants Mamison ultra résistant Taille M 1 paire","p":1.64,"img":"https://fd6-photos.leclercdrive.fr/image.ashx?id=676218&use=l&cat=p&typeid=i","cat":284668},{"id":22964,"n":"Gants Mamison ultra résistant Taille L 1 paire","p":1.64,"img":"https://fd6-photos.leclercdrive.fr/image.ashx?id=606116&use=l&cat=p&typeid=i","cat":284668},{"id":22965,"n":"Gants Mamison ultra résistant Taille S 1 paire","p":1.64,"img":"https://fd6-photos.leclercdrive.fr/image.ashx?id=676222&use=l&cat=p&typeid=i","cat":284668},{"id":22967,"n":"Tampon à récurer Mamison Surfaces fragiles xs","p":1.32,"u":"0,66 €/P","img":"https://fd6-photos.leclercdrive.fr/image.ashx?id=2669699&use=l&cat=p&typeid=i","cat":284667},{"id":22968,"n":"Eponges grattantes Mamison Surfaces délicates x2","p":1.49,"u":"0,75 €/P","img":"https://fd6-photos.leclercdrive.fr/image.ashx?id=2202392&use=l&cat=p&typeid=i","cat":284667},{"id":22969,"n":"Lavette Mamison multi-usages Microfibre plusieurs coloris x2","p":0.84,"u":"0,42 €/P","img":"https://fd6-photos.leclercdrive.fr/image.ashx?id=2595095&use=l&cat=p&typeid=i","cat":284667},{"id":22975,"n":"Crème visage hydrante  Inell Peau normale - 50ml","p":1.96,"u":"39,20 €/L","img":"https://fd6-photos.leclercdrive.fr/image.ashx?id=2691634&use=l&cat=p&typeid=i","cat":325345},{"id":22976,"n":"Crème visage nourrissante Inell Peau sèche - 50ml","p":1.96,"u":"39,20 €/L","img":"https://fd6-photos.leclercdrive.fr/image.ashx?id=2771124&use=l&cat=p&typeid=i","cat":325345},{"id":22979,"n":"Gel nettoyant Inell visage Purifiant px norm. mixtes 150ml","p":2.58,"u":"17,20 €/L","img":"https://fd6-photos.leclercdrive.fr/image.ashx?id=1961443&use=l&cat=p&typeid=i","cat":284603},{"id":22980,"n":"Eau de Cologne Belles Saisons Ambrée 250ml","p":1.69,"u":"6,76 €/L","img":"https://fd6-photos.leclercdrive.fr/image.ashx?id=2875693&use=l&cat=p&typeid=i","cat":291525},{"id":22981,"n":"Eau de Cologne Belles Saisons Fraîcheur 250ml","p":1.69,"u":"6,76 €/L","img":"https://fd6-photos.leclercdrive.fr/image.ashx?id=2949179&use=l&cat=p&typeid=i","cat":291525},{"id":22996,"n":"Nettoyant détachant Clair Tapis moquettes 600ml","p":2.16,"u":"3,60 €/L","img":"https://fd6-photos.leclercdrive.fr/image.ashx?id=2242721&use=l&cat=p&typeid=i","cat":284907},{"id":23000,"n":"Smoothie innocent fraise banane 750ml","p":2.88,"u":"3,84 €/L","img":"https://fd6-photos.leclercdrive.fr/image.ashx?id=2891241&use=l&cat=p&typeid=i","cat":285435},{"id":23012,"n":"Huile d'Argan Floressance Pure Argan Bio - 50ml","p":8.01,"u":"160,20 €/L","img":"https://fd6-photos.leclercdrive.fr/image.ashx?id=2990688&use=l&cat=p&typeid=i","cat":325349},{"id":23031,"n":"Biscottes Heudebert  Céréales complètes - 280g","p":1.72,"u":"6,14 €/KG","img":"https://fd6-photos.leclercdrive.fr/image.ashx?id=2498371&use=l&cat=p&typeid=i","cat":284479},{"id":23040,"n":"Café moulu Méo L'original Bio - 500g","p":8.73,"u":"17,46 €/KG","img":"https://fd6-photos.leclercdrive.fr/image.ashx?id=2571287&use=l&cat=p&typeid=i","cat":284750},{"id":23076,"n":"Paté Hénaff 3x78g","p":3.78,"u":"16,15 €/KG","img":"https://fd6-photos.leclercdrive.fr/image.ashx?id=2297989&use=l&cat=p&typeid=i","cat":305149},{"id":23123,"n":"Fromage enfant Ficello Nature à effilocher x4 -84g","p":1.98,"u":"23,57 €/KG","img":"https://fd6-photos.leclercdrive.fr/image.ashx?id=2375373&use=l&cat=p&typeid=i","cat":314030},{"id":23131,"n":"Jambon sec Saint Azay 4 grandes tranches - 110g","p":3.25,"u":"29,55 €/KG","img":"https://fd6-photos.leclercdrive.fr/image.ashx?id=2921372&use=l&cat=p&typeid=i","cat":316007},{"id":23132,"n":"Pâte feuilletée Tablier Blanc Epaisse - 280g","p":1.55,"u":"5,54 €/KG","img":"https://fd6-photos.leclercdrive.fr/image.ashx?id=2635910&use=l&cat=p&typeid=i","cat":333681},{"id":23133,"n":"Pâte brisée Tablier Blanc Epaisse - 280g","p":1.65,"u":"5,89 €/KG","img":"https://fd6-photos.leclercdrive.fr/image.ashx?id=2635913&use=l&cat=p&typeid=i","cat":333681},{"id":23154,"n":"AOP Crémant Wolfberger Demi-sec d'Alsace - 75cl","p":7.27,"u":"9,69 €/L","img":"https://fd6-photos.leclercdrive.fr/image.ashx?id=2764197&use=l&cat=p&typeid=i","cat":284545},{"id":23157,"n":"AOP Champagne Brut Nicolas Feuillatte - 75cl","p":26.89,"u":"35,85 €/L","img":"https://fd6-photos.leclercdrive.fr/image.ashx?id=2962791&use=l&cat=p&typeid=i","cat":284542},{"id":23158,"n":"AOC Crémant de Bourgogne  Veuve Ambal Brut - 75cl","p":7.99,"pp":5.99,"u":"7,99 €/L","img":"https://fd6-photos.leclercdrive.fr/image.ashx?id=1737205&use=l&cat=p&typeid=i","cat":284545},{"id":23165,"n":"Vin mousseux Charles Volner Brut - 12% vol. - 6x75cl","p":18.78,"u":"4,17 €/L","img":"https://fd6-photos.leclercdrive.fr/image.ashx?id=2107615&use=l&cat=p&typeid=i","cat":284544},{"id":23168,"n":"Beurre léger Les Croisés Doux - 40% MG - 250g","p":1.75,"u":"7,00 €/KG","img":"https://fd6-photos.leclercdrive.fr/image.ashx?id=2839909&use=l&cat=p&typeid=i","cat":284379},{"id":23169,"n":"Papier toilette Mimosa Blanc - Ultra Moelleux - x6","p":3.29,"u":"0,55 €/P","img":"https://fd6-photos.leclercdrive.fr/image.ashx?id=2777857&use=l&cat=p&typeid=i","cat":284634},{"id":23176,"n":"Pur jus de tomate Bio Village Bio - 1L","p":2.77,"u":"2,77 €/L","img":"https://fd6-photos.leclercdrive.fr/image.ashx?id=2954115&use=l&cat=p&typeid=i","cat":284523},{"id":23177,"n":"Pur jus Bio Village Bio Carotte - 1L","p":2.87,"u":"2,87 €/L","img":"https://fd6-photos.leclercdrive.fr/image.ashx?id=2901533&use=l&cat=p&typeid=i","cat":284523},{"id":23179,"n":"Pur jus 7 fruits Bio Village Bio - 1L","p":2.78,"u":"2,78 €/L","img":"https://fd6-photos.leclercdrive.fr/image.ashx?id=2901530&use=l&cat=p&typeid=i","cat":284917},{"id":23180,"n":"Rasoirs jetables Carré Homme 3 lames - x4","p":2.65,"img":"https://fd6-photos.leclercdrive.fr/image.ashx?id=2953236&use=l&cat=p&typeid=i","cat":284616},{"id":23181,"n":"Lames de rasoir Carré Homme 5 lames - x4","p":4.94,"img":"https://fd6-photos.leclercdrive.fr/image.ashx?id=2704663&use=l&cat=p&typeid=i","cat":284616},{"id":23182,"n":"Rasoirs jetables Siliss 3 lames - x4","p":1.99,"u":"0,50 €/P","img":"https://fd6-photos.leclercdrive.fr/image.ashx?id=2699438&use=l&cat=p&typeid=i","cat":325352},{"id":23188,"n":"Tomato Ketchup Heinz - 250g","p":1.12,"u":"4,48 €/KG","img":"https://fd6-photos.leclercdrive.fr/image.ashx?id=2943801&use=l&cat=p&typeid=i","cat":284455},{"id":23190,"n":"Mayonnaise AMORA Recette Fouettée - 398g","p":2.53,"u":"6,36 €/KG","img":"https://fd6-photos.leclercdrive.fr/image.ashx?id=2598684&use=l&cat=p&typeid=i","cat":298295},{"id":23201,"n":"Vin de l'Union Européenne rouge Vieux Papes 4x75cl","p":8.4,"u":"2,80 €/L","img":"https://fd6-photos.leclercdrive.fr/image.ashx?id=2093391&use=l&cat=p&typeid=i","cat":289556},{"id":23212,"n":"Compote Douceur du Verger Coupelle pomme framboise-4x100g","p":1.63,"u":"4,08 €/KG","img":"https://fd6-photos.leclercdrive.fr/image.ashx?id=2663494&use=l&cat=p&typeid=i","cat":284508},{"id":23215,"n":"Biscuits Cookies P'tit Déli Chocolat raisin cranberrie 200g","p":1.44,"u":"7,20 €/KG","img":"https://fd6-photos.leclercdrive.fr/image.ashx?id=2529593&use=l&cat=p&typeid=i","cat":325066},{"id":23216,"n":"Sauce Hollandaise Rustica 32g","p":0.64,"u":"20,00 €/KG","img":"https://fd6-photos.leclercdrive.fr/image.ashx?id=2965491&use=l&cat=p&typeid=i","cat":288381},{"id":23219,"n":"Sauce Pesto Turini Basilic - 185g","p":1.3,"u":"7,03 €/KG","img":"https://fd6-photos.leclercdrive.fr/image.ashx?id=2546248&use=l&cat=p&typeid=i","cat":287599},{"id":23220,"n":"Chips Pom'Lisse Légumes - 100g","p":1.99,"u":"19,90 €/KG","img":"https://fd6-photos.leclercdrive.fr/image.ashx?id=2919610&use=l&cat=p&typeid=i","cat":284447},{"id":23221,"n":"Sauce Tomates Turini Basilic - 420g","p":1.15,"u":"2,74 €/KG","img":"https://fd6-photos.leclercdrive.fr/image.ashx?id=2487458&use=l&cat=p&typeid=i","cat":287599},{"id":23226,"n":"Madeleines bio Bio Village Coquilles - 250g","p":1.88,"u":"7,52 €/KG","img":"https://fd6-photos.leclercdrive.fr/image.ashx?id=2711619&use=l&cat=p&typeid=i","cat":284492},{"id":23227,"n":"Chips Bio Village Bio - Nature - 125g","p":1.99,"u":"15,92 €/KG","img":"https://fd6-photos.leclercdrive.fr/image.ashx?id=2743834&use=l&cat=p&typeid=i","cat":284447},{"id":23244,"n":"Désodorisant frigo Bien Air Sans parfum 40g","p":1.83,"u":"45,75 €/KG","img":"https://fd6-photos.leclercdrive.fr/image.ashx?id=2287737&use=l&cat=p&typeid=i","cat":311628},{"id":23248,"n":"Tampons Doulys Compact Mini - x20","p":2.86,"u":"0,14 €/P","img":"https://fd6-photos.leclercdrive.fr/image.ashx?id=2965494&use=l&cat=p&typeid=i","cat":284626},{"id":23249,"n":"Savon de Marseille Epsil Textiles délicats 4x200g","p":1.86,"u":"2,33 €/KG","img":"https://fd6-photos.leclercdrive.fr/image.ashx?id=2379591&use=l&cat=p&typeid=i","cat":284651},{"id":23251,"n":"Bâtonnets allume-feu Silex Sans odeur x24","p":2.05,"u":"0,09 €/P","img":"https://fd6-photos.leclercdrive.fr/image.ashx?id=2670953&use=l&cat=p&typeid=i","cat":300578},{"id":23252,"n":"Cubes allume-feu Silex Sans odeur 100% naturel x40","p":1.57,"u":"0,04 €/P","img":"https://fd6-photos.leclercdrive.fr/image.ashx?id=2669735&use=l&cat=p&typeid=i","cat":300578},{"id":23253,"n":"Nettoyant spray Clair Surpuissant - 750ml","p":1.86,"u":"2,48 €/L","img":"https://fd6-photos.leclercdrive.fr/image.ashx?id=1124097&use=l&cat=p&typeid=i","cat":325357},{"id":23254,"n":"Baume après-rasage Carré Homme Apaisant px sensibles 100ml","p":2.69,"u":"26,90 €/L","img":"https://fd6-photos.leclercdrive.fr/image.ashx?id=2854237&use=l&cat=p&typeid=i","cat":288147},{"id":23255,"n":"Déodorant Carré Homme Vétiver longue durée 200ml","p":1.35,"u":"6,75 €/L","img":"https://fd6-photos.leclercdrive.fr/image.ashx?id=2375992&use=l&cat=p&typeid=i","cat":284618},{"id":23256,"n":"Ramequins aluminium Elembal x12","p":2.05,"u":"0,17 €/P","img":"https://fd6-photos.leclercdrive.fr/image.ashx?id=2582522&use=l&cat=p&typeid=i","cat":334134},{"id":23265,"n":"Vin mousseux blanc Paul Robin  Méthode trad. brut  - 75cl","p":3.71,"u":"4,95 €/L","img":"https://fd6-photos.leclercdrive.fr/image.ashx?id=2516326&use=l&cat=p&typeid=i","cat":284544},{"id":23271,"n":"Vin mousseux de France blanc Muscador doux 11.5% Vol 75cl","p":2.62,"u":"3,49 €/L","img":"https://fd6-photos.leclercdrive.fr/image.ashx?id=2157052&use=l&cat=p&typeid=i","cat":284544},{"id":23304,"n":"Feuilletés paniers Côté Table Saumon - 4x100g","p":4.45,"u":"11,13 €/KG","img":"https://fd6-photos.leclercdrive.fr/image.ashx?id=2549400&use=l&cat=p&typeid=i","cat":319776},{"id":23327,"n":"IGP vin blanc Côtes de Gascogne Bio Terrasses d'Autan 12% 75cl","p":3.99,"u":"5,32 €/L","img":"https://fd6-photos.leclercdrive.fr/image.ashx?id=2872736&use=l&cat=p&typeid=i","cat":289557},{"id":23336,"n":"Soufflés Grignot' Tokapi Bacon - 90g","p":0.89,"u":"9,89 €/KG","img":"https://fd6-photos.leclercdrive.fr/image.ashx?id=2059480&use=l&cat=p&typeid=i","cat":284449},{"id":23363,"n":"Lait bébé poudre Nidal Nestlé 1er âge - 0-6 mois - 800g","p":12.93,"u":"16,16 €/KG","img":"https://fd6-photos.leclercdrive.fr/image.ashx?id=2811638&use=l&cat=p&typeid=i","cat":284726},{"id":23365,"n":"Lait bébé 2A NIDAL GEST  6-12 mois - 800g","p":12.25,"u":"15,31 €/KG","img":"https://fd6-photos.leclercdrive.fr/image.ashx?id=2890799&use=l&cat=p&typeid=i","cat":284727},{"id":23371,"n":"Mozzarella Maxi Les Croisés - 250g","p":1.86,"u":"7,44 €/KG","img":"https://fd6-photos.leclercdrive.fr/image.ashx?id=2992534&use=l&cat=p&typeid=i","cat":314026},{"id":23372,"n":"Ricotta Les Croisés - 250g","p":1.29,"u":"5,16 €/KG","img":"https://fd6-photos.leclercdrive.fr/image.ashx?id=2133294&use=l&cat=p&typeid=i","cat":314026},{"id":23379,"n":"Croissants au tournesol  10x1 p","p":2.99,"u":"0,30 €/P","img":"https://fd6-photos.leclercdrive.fr/image.ashx?id=606761&use=l&cat=p&typeid=i","cat":284984},{"id":23381,"n":"Absorbeur humidité Foxter + 1 recharge neutre - 1kg","p":7.99,"u":"7,99 €/KG","img":"https://fd6-photos.leclercdrive.fr/image.ashx?id=2162330&use=l&cat=p&typeid=i","cat":300576},{"id":23387,"n":"Gâteaux St Michel Savaroises Chocolat 8 sachets 220g","p":1.95,"u":"8,86 €/KG","img":"https://fd6-photos.leclercdrive.fr/image.ashx?id=2935693&use=l&cat=p&typeid=i","cat":284495},{"id":23397,"n":"Gaufres Rita fourrées Vanille x10 300g","p":1.54,"u":"5,13 €/KG","img":"https://fd6-photos.leclercdrive.fr/image.ashx?id=1654215&use=l&cat=p&typeid=i","cat":294777},{"id":23411,"n":"Petits pains grillés Epi d'Or Froment - 400g","p":1.39,"u":"3,48 €/KG","img":"https://fd6-photos.leclercdrive.fr/image.ashx?id=2496413&use=l&cat=p&typeid=i","cat":284479},{"id":23412,"n":"Vermicelles Tables du Monde Haricot mungo - 100g","p":1.23,"u":"12,30 €/KG","img":"https://fd6-photos.leclercdrive.fr/image.ashx?id=2679723&use=l&cat=p&typeid=i","cat":288992},{"id":23416,"n":"Barquettes chats Tous mes amis Terrines 4 variétés - 4x85g","p":1.74,"u":"6,82 €/KG","img":"https://fd6-photos.leclercdrive.fr/image.ashx?id=2520026&use=l&cat=p&typeid=i","cat":285286},{"id":23423,"n":"Châtaigne  1kg","p":7.89,"u":"7,89 €/KG","img":"https://fd6-photos.leclercdrive.fr/image.ashx?id=1635481&use=l&cat=p&typeid=i","cat":284357},{"id":23429,"n":"Croquettes chat Tous mes amis Chatons - 2kg","p":4.07,"u":"2,04 €/KG","img":"https://fd6-photos.leclercdrive.fr/image.ashx?id=2047037&use=l&cat=p&typeid=i","cat":284680},{"id":23430,"n":"Croquettes chat Tous mes amis Lapin/volailles - 2kg","p":3.99,"u":"2,00 €/KG","img":"https://fd6-photos.leclercdrive.fr/image.ashx?id=2301605&use=l&cat=p&typeid=i","cat":284680},{"id":23432,"n":"Croquettes Lydog Petits chiens - Vollaile - 2kg","p":4.12,"u":"2,06 €/KG","img":"https://fd6-photos.leclercdrive.fr/image.ashx?id=2191126&use=l&cat=p&typeid=i","cat":294526},{"id":23433,"n":"Croquettes chiens Lydog Allégées - Volaille - 4kg","p":6.99,"u":"1,75 €/KG","img":"https://fd6-photos.leclercdrive.fr/image.ashx?id=1923562&use=l&cat=p&typeid=i","cat":284672},{"id":23434,"n":"Cacahuètes Tokapi Sans sel ajouté - 200g","p":0.76,"u":"3,80 €/KG","img":"https://fd6-photos.leclercdrive.fr/image.ashx?id=2858833&use=l&cat=p&typeid=i","cat":284448},{"id":23437,"n":"Maïs Notre Jardin Croquant - 285g","p":0.85,"u":"2,98 €/KG","img":"https://fd6-photos.leclercdrive.fr/image.ashx?id=2988048&use=l&cat=p&typeid=i","cat":312611},{"id":23438,"n":"Soufflés RingsTokapi Oignon - 60g","p":0.77,"u":"12,83 €/KG","img":"https://fd6-photos.leclercdrive.fr/image.ashx?id=2898838&use=l&cat=p&typeid=i","cat":284449},{"id":23439,"n":"Crème dessert Délisse Choco Billes bicompartiment 4x117g","p":1.99,"u":"4,25 €/KG","img":"https://fd6-photos.leclercdrive.fr/image.ashx?id=2965482&use=l&cat=p&typeid=i","cat":285041},{"id":23444,"n":"Quenelles Côté Table volaille Au naturel 255g","p":1.37,"u":"5,37 €/KG","img":"https://fd6-photos.leclercdrive.fr/image.ashx?id=2977870&use=l&cat=p&typeid=i","cat":284441},{"id":23450,"n":"Yaourts aux fruits Délisse Fruits rouges - 8x125g","p":2.29,"u":"2,29 €/KG","img":"https://fd6-photos.leclercdrive.fr/image.ashx?id=2616736&use=l&cat=p&typeid=i","cat":284410},{"id":23452,"n":"Terrines chats Tous mes amis Viandes variées - 4x400g","p":3.74,"u":"2,34 €/KG","img":"https://fd6-photos.leclercdrive.fr/image.ashx?id=2865191&use=l&cat=p&typeid=i","cat":285601},{"id":23459,"n":"Sauce Béchamel Rustica Déshydratée - 60g","p":0.49,"u":"8,17 €/KG","img":"https://fd6-photos.leclercdrive.fr/image.ashx?id=2984492&use=l&cat=p&typeid=i","cat":288381},{"id":23485,"n":"Terrines de st Jacques Guyader 120g","p":2.68,"u":"22,33 €/KG","img":"https://fd6-photos.leclercdrive.fr/image.ashx?id=2504725&use=l&cat=p&typeid=i","cat":285191},{"id":23497,"n":"Bonbons Confiséo Acacia menthe eucalyptus 300g","p":2.06,"u":"6,87 €/KG","img":"https://fd6-photos.leclercdrive.fr/image.ashx?id=2934676&use=l&cat=p&typeid=i","cat":304252},{"id":23499,"n":"Huile Bio Village mélange 4 huiles biologiques - 75 cl","p":3.99,"u":"5,32 €/L","img":"https://fd6-photos.leclercdrive.fr/image.ashx?id=2882349&use=l&cat=p&typeid=i","cat":284453},{"id":23500,"n":"Bouillon de légumes Bio Village Bio - 8x10g","p":1.69,"u":"21,13 €/KG","img":"https://fd6-photos.leclercdrive.fr/image.ashx?id=1943409&use=l&cat=p&typeid=i","cat":288379},{"id":23520,"n":"Bloc de fromage Leerdammer L'Original - 500g","p":5.45,"u":"10,90 €/KG","img":"https://fd6-photos.leclercdrive.fr/image.ashx?id=2699035&use=l&cat=p&typeid=i","cat":314034},{"id":23522,"n":"Bûche de chèvre Les Croisés Format famililal 25%mg 300g","p":2.95,"u":"9,83 €/KG","img":"https://fd6-photos.leclercdrive.fr/image.ashx?id=2949415&use=l&cat=p&typeid=i","cat":314031},{"id":23543,"n":"Bière blonde Leffe 6,6% - 12x33cl","p":13.01,"u":"3,29 €/L","img":"https://fd6-photos.leclercdrive.fr/image.ashx?id=2811578&use=l&cat=p&typeid=i","cat":334852},{"id":23545,"n":"Rösti McCain 800g","p":2.02,"u":"2,53 €/KG","img":"https://fd6-photos.leclercdrive.fr/image.ashx?id=2988728&use=l&cat=p&typeid=i","cat":319792},{"id":23546,"n":"Poêlée savoyarde Marie Aux lardons fumés - 900g","p":4.82,"u":"5,36 €/KG","img":"https://fd6-photos.leclercdrive.fr/image.ashx?id=2996782&use=l&cat=p&typeid=i","cat":319823},{"id":23552,"n":"Lait bébé poudre Nidal Nestlé 2e âge -6-12 mois - 800g","p":10.85,"u":"13,56 €/KG","img":"https://fd6-photos.leclercdrive.fr/image.ashx?id=2805597&use=l&cat=p&typeid=i","cat":284727},{"id":23554,"n":"Vin de l'Union Européenne rosé La Villageoise 12%vol. 1,5L","p":3.56,"u":"2,37 €/L","img":"https://fd6-photos.leclercdrive.fr/image.ashx?id=2104768&use=l&cat=p&typeid=i","cat":289558},{"id":23583,"n":"Crème Fraîche Elle&Vire Epaisse Entière - 30% MG - 33cl","p":1.86,"u":"5,64 €/L","img":"https://fd6-photos.leclercdrive.fr/image.ashx?id=3003333&use=l&cat=p&typeid=i","cat":284381},{"id":23594,"n":"Fromage raclette Les Croisés Saveur vin blanc - 26%mg - 250g","p":2.99,"u":"11,96 €/KG","img":"https://fd6-photos.leclercdrive.fr/image.ashx?id=2791791&use=l&cat=p&typeid=i","cat":314037},{"id":23595,"n":"Fromage raclette Les Croisés 3 poivres 26%mg 250g","p":2.99,"u":"11,96 €/KG","img":"https://fd6-photos.leclercdrive.fr/image.ashx?id=2791782&use=l&cat=p&typeid=i","cat":314037},{"id":23598,"n":"Fromage raclette Les Croisés Sans croûte - 28%mg - 400g","p":3.95,"u":"9,88 €/KG","img":"https://fd6-photos.leclercdrive.fr/image.ashx?id=2969752&use=l&cat=p&typeid=i","cat":314037},{"id":23618,"n":"Couscous Weight Watchers Oriental 300g","p":3.31,"u":"11,03 €/KG","img":"https://fd6-photos.leclercdrive.fr/image.ashx?id=2610915&use=l&cat=p&typeid=i","cat":333665},{"id":23628,"n":"Fond de volaille Rustica 110g","p":2.21,"u":"20,09 €/KG","img":"https://fd6-photos.leclercdrive.fr/image.ashx?id=2140914&use=l&cat=p&typeid=i","cat":288379},{"id":23630,"n":"Mouliné de carottes Régal Soupe Poireaux pommes de terre 1L","p":2.16,"u":"2,16 €/L","img":"https://fd6-photos.leclercdrive.fr/image.ashx?id=2607506&use=l&cat=p&typeid=i","cat":284462},{"id":23631,"n":"Chocolat noir Equador Mini carrés 72% cacao 200g","p":4.35,"u":"21,75 €/KG","img":"https://fd6-photos.leclercdrive.fr/image.ashx?id=2856483&use=l&cat=p&typeid=i","cat":284956},{"id":23633,"n":"Crème dessert Délisse Vanille sur lit caramel 4x125g","p":1.47,"u":"2,94 €/KG","img":"https://fd6-photos.leclercdrive.fr/image.ashx?id=2441276&use=l&cat=p&typeid=i","cat":285041},{"id":23636,"n":"Bouillon de volaille Rustica Dégraissé - Tablettes 12x10g","p":0.79,"u":"6,58 €/KG","img":"https://fd6-photos.leclercdrive.fr/image.ashx?id=1880033&use=l&cat=p&typeid=i","cat":288379},{"id":23642,"n":"Huile spéciale fondue Rustica Aux aromates - 1L","p":3.45,"u":"3,45 €/L","img":"https://fd6-photos.leclercdrive.fr/image.ashx?id=2546245&use=l&cat=p&typeid=i","cat":284453},{"id":23712,"n":"Saumon fumé Eco+ Atlantique - 200g","p":4.67,"u":"23,35 €/KG","img":"https://fd6-photos.leclercdrive.fr/image.ashx?id=2856733&use=l&cat=p&typeid=i","cat":285188},{"id":23715,"n":"Samoussa Tables du Monde Au boeuf - x4 - 220g","p":3.29,"u":"14,95 €/KG","img":"https://fd6-photos.leclercdrive.fr/image.ashx?id=2807190&use=l&cat=p&typeid=i","cat":333673},{"id":23717,"n":"Nem au poulet Traditions d'Asie Sauce nuoc mam - x4 - 280g","p":2.85,"u":"10,18 €/KG","img":"https://fd6-photos.leclercdrive.fr/image.ashx?id=2985222&use=l&cat=p&typeid=i","cat":333673},{"id":23725,"n":"Liquide vaisselle Eco+ Pomme - 1L","p":0.74,"u":"0,74 €/L","img":"https://fd6-photos.leclercdrive.fr/image.ashx?id=2949161&use=l&cat=p&typeid=i","cat":284655},{"id":23726,"n":"Aluminium Eco+ 30m","p":1.89,"u":"0,06 €/MT","img":"https://fd6-photos.leclercdrive.fr/image.ashx?id=2880216&use=l&cat=p&typeid=i","cat":334134},{"id":23727,"n":"Sacs poubelle 100L Eco+ x10","p":0.76,"u":"0,08 €/P","img":"https://fd6-photos.leclercdrive.fr/image.ashx?id=1904753&use=l&cat=p&typeid=i","cat":285168},{"id":23728,"n":"Huile de tournesol Eco+ 1L","p":1.63,"u":"1,63 €/L","img":"https://fd6-photos.leclercdrive.fr/image.ashx?id=2913636&use=l&cat=p&typeid=i","cat":284453},{"id":23729,"n":"Tomato Ketchup Eco+ 560g","p":0.88,"u":"1,57 €/KG","img":"https://fd6-photos.leclercdrive.fr/image.ashx?id=2954328&use=l&cat=p&typeid=i","cat":284455},{"id":23753,"n":"Alcool modifié Primoplast 70° 250ml","p":2.2,"u":"8,80 €/L","img":"https://fd6-photos.leclercdrive.fr/image.ashx?id=2856498&use=l&cat=p&typeid=i","cat":284630},{"id":23754,"n":"Eau oxygénée Primoplast 250ml","p":1.86,"u":"7,44 €/L","img":"https://fd6-photos.leclercdrive.fr/image.ashx?id=2832936&use=l&cat=p&typeid=i","cat":284630},{"id":23759,"n":"Vin de l'Union Européenne La Villageoise  11% Vol. - 1.5L","p":3.64,"u":"2,43 €/L","img":"https://fd6-photos.leclercdrive.fr/image.ashx?id=2153492&use=l&cat=p&typeid=i","cat":289556},{"id":23779,"n":"Camembert 21% MG Bio Bio Village - 250g","p":2.57,"u":"10,28 €/KG","img":"https://fd6-photos.leclercdrive.fr/image.ashx?id=2201492&use=l&cat=p&typeid=i","cat":314033},{"id":23791,"n":"Tartines craquantes Epi d'Or Au blé complet - 250g","p":1.29,"u":"5,16 €/KG","img":"https://fd6-photos.leclercdrive.fr/image.ashx?id=2843788&use=l&cat=p&typeid=i","cat":284479},{"id":23794,"n":"Pain grillé Epi d'Or Blé complet x24 - 500g","p":1.72,"u":"3,44 €/KG","img":"https://fd6-photos.leclercdrive.fr/image.ashx?id=2680545&use=l&cat=p&typeid=i","cat":284479},{"id":23798,"n":"Riz Risotto Comptoir du Grain 500g","p":1.42,"u":"2,84 €/KG","img":"https://fd6-photos.leclercdrive.fr/image.ashx?id=2363283&use=l&cat=p&typeid=i","cat":284428},{"id":23799,"n":"Riz rond Comptoir du Grain Dessert - 1kg","p":1.94,"u":"1,94 €/KG","img":"https://fd6-photos.leclercdrive.fr/image.ashx?id=776471&use=l&cat=p&typeid=i","cat":284428},{"id":23827,"n":"Cordon Bleu poulet Père Dodu  Les Bons plans x10 - 1kg","p":5.98,"u":"5,98 €/KG","img":"https://fd6-photos.leclercdrive.fr/image.ashx?id=2971095&use=l&cat=p&typeid=i","cat":333683},{"id":23937,"n":"Boisson aux fruits Oasis Pomme framboise cassis 4x2L","p":9.96,"u":"1,25 €/L","img":"https://fd6-photos.leclercdrive.fr/image.ashx?id=2118734&use=l&cat=p&typeid=i","cat":295018},{"id":23958,"n":"Dentifrice Sanogyl Blancheur et soin 3x75ml","p":7.35,"u":"32,67 €/L","img":"https://fd6-photos.leclercdrive.fr/image.ashx?id=2177995&use=l&cat=p&typeid=i","cat":284612},{"id":23963,"n":"Beurre Tendre Les Croisés Demi-sel Allegé - 40% MG - 250g","p":2.25,"u":"9,00 €/KG","img":"https://fd6-photos.leclercdrive.fr/image.ashx?id=2839912&use=l&cat=p&typeid=i","cat":284379},{"id":23968,"n":"Roquefort AOP Les Croisés Tranché 150g","p":2.29,"u":"15,27 €/KG","img":"https://fd6-photos.leclercdrive.fr/image.ashx?id=2676537&use=l&cat=p&typeid=i","cat":314032},{"id":23972,"n":"Fusili Côté Snack Pâtes Bolognaise - 300g","p":1.89,"u":"6,30 €/KG","img":"https://fd6-photos.leclercdrive.fr/image.ashx?id=2650898&use=l&cat=p&typeid=i","cat":334983},{"id":23973,"n":"Fusili Côté Snack Pâtes Carbonara - 300g","p":1.89,"u":"6,30 €/KG","img":"https://fd6-photos.leclercdrive.fr/image.ashx?id=2517682&use=l&cat=p&typeid=i","cat":334983},{"id":23996,"n":"Eau de source naturelle Pierval 6x1.5L","p":2.22,"u":"0,25 €/L","img":"https://fd6-photos.leclercdrive.fr/image.ashx?id=2529360&use=l&cat=p&typeid=i","cat":284535},{"id":24035,"n":"Echalotes semoule Rustica 36g","p":1.29,"u":"35,83 €/KG","img":"https://fd6-photos.leclercdrive.fr/image.ashx?id=2772951&use=l&cat=p&typeid=i","cat":298297},{"id":24043,"n":"Thé vert Britley Menthe x25 sachets - 40g","p":0.79,"u":"19,75 €/KG","img":"https://fd6-photos.leclercdrive.fr/image.ashx?id=2672930&use=l&cat=p&typeid=i","cat":293233},{"id":24047,"n":"Yaourts aromatisés Délisse Vanille - 4x125g","p":1.29,"u":"2,58 €/KG","img":"https://fd6-photos.leclercdrive.fr/image.ashx?id=2134524&use=l&cat=p&typeid=i","cat":286006},{"id":24049,"n":"Pâtée chats Tous mes amis Thon en sauce - 80g","p":0.99,"u":"12,38 €/KG","img":"https://fd6-photos.leclercdrive.fr/image.ashx?id=2450306&use=l&cat=p&typeid=i","cat":285601},{"id":24050,"n":"Pâtée chats Tous mes amis Poulet en sauce - 80g","p":0.99,"u":"12,38 €/KG","img":"https://fd6-photos.leclercdrive.fr/image.ashx?id=2450309&use=l&cat=p&typeid=i","cat":285601},{"id":24051,"n":"Pâtée pour chats Tous mes amis Thon aux crevettes - 80g","p":0.99,"u":"12,38 €/KG","img":"https://fd6-photos.leclercdrive.fr/image.ashx?id=1971897&use=l&cat=p&typeid=i","cat":285601},{"id":24081,"n":"Mayonnaise Fins Gourmets MAILLE Bocal - 320g","p":2.48,"u":"7,75 €/KG","img":"https://fd6-photos.leclercdrive.fr/image.ashx?id=2812750&use=l&cat=p&typeid=i","cat":298295},{"id":24082,"n":"Mayonnaise Fine MAILLE Qualité Traiteur Bocal - 320g","p":2.42,"u":"7,56 €/KG","img":"https://fd6-photos.leclercdrive.fr/image.ashx?id=2908369&use=l&cat=p&typeid=i","cat":298295},{"id":24083,"n":"Nuggets de Poulet  Père Dodu  x50 - 1kg - Les Bons plans","p":5.98,"u":"5,98 €/KG","img":"https://fd6-photos.leclercdrive.fr/image.ashx?id=2957086&use=l&cat=p&typeid=i","cat":333684},{"id":24088,"n":"Pizza la Moelleuse Turini 6 Fromages - 600g","p":3.63,"u":"6,05 €/KG","img":"https://fd6-photos.leclercdrive.fr/image.ashx?id=2815638&use=l&cat=p&typeid=i","cat":284256},{"id":24094,"n":"Jus de pommes pressées Andros 1,5L","p":3.78,"u":"2,52 €/L","img":"https://fd6-photos.leclercdrive.fr/image.ashx?id=2902981&use=l&cat=p&typeid=i","cat":285435},{"id":24095,"n":"Jus de clémentines préssées Andros - 1,5L","p":4.2,"u":"2,80 €/L","img":"https://fd6-photos.leclercdrive.fr/image.ashx?id=2902984&use=l&cat=p&typeid=i","cat":285435},{"id":24162,"n":"Vinaigre balsamique Bio Village Bio 50cl","p":3.49,"u":"6,98 €/L","img":"https://fd6-photos.leclercdrive.fr/image.ashx?id=2865206&use=l&cat=p&typeid=i","cat":298543},{"id":24163,"n":"Infusion Tiséa Tilleul Citron 25 sachets 34g","p":1.69,"u":"48,29 €/KG","img":"https://fd6-photos.leclercdrive.fr/image.ashx?id=2854240&use=l&cat=p&typeid=i","cat":293234},{"id":24164,"n":"Thé vert Briley 32.5g","p":0.79,"u":"24,69 €/KG","img":"https://fd6-photos.leclercdrive.fr/image.ashx?id=2645939&use=l&cat=p&typeid=i","cat":293233},{"id":24186,"n":"Bandes à découper Mercurochrome 5 bandes - 10x6cm","p":2.98,"img":"https://fd6-photos.leclercdrive.fr/image.ashx?id=2862152&use=l&cat=p&typeid=i","cat":284630},{"id":24193,"n":"Bouchées à la reine Côté Table 2x 155g","p":3.69,"u":"23,81 €/KG","img":"https://fd6-photos.leclercdrive.fr/image.ashx?id=2826921&use=l&cat=p&typeid=i","cat":333671},{"id":24258,"n":"Philadelphia Nature - 300g","p":2.88,"u":"9,60 €/KG","img":"https://fd6-photos.leclercdrive.fr/image.ashx?id=2787863&use=l&cat=p&typeid=i","cat":314029},{"id":24293,"n":"Céréales Extra Kellogg's Chocolat Noir Noisettes - 500g","p":3.34,"u":"6,68 €/KG","img":"https://fd6-photos.leclercdrive.fr/image.ashx?id=2692284&use=l&cat=p&typeid=i","cat":309512},{"id":24294,"n":"Filets de maquereaux Saupiquet Escabèche - 3x169g","p":5.99,"u":"11,81 €/KG","img":"https://fd6-photos.leclercdrive.fr/image.ashx?id=2826978&use=l&cat=p&typeid=i","cat":303868},{"id":24296,"n":"Sauce apéritif Old El Paso Salsa doux - 312g","p":2.48,"u":"7,95 €/KG","img":"https://fd6-photos.leclercdrive.fr/image.ashx?id=2859944&use=l&cat=p&typeid=i","cat":288993},{"id":24326,"n":"Pizza Turini Chorizo - 200g","p":1.65,"u":"8,25 €/KG","img":"https://fd6-photos.leclercdrive.fr/image.ashx?id=1865337&use=l&cat=p&typeid=i","cat":333679},{"id":24350,"n":"Lingettes rince doigt Clair x24","p":1.96,"u":"0,08 €/P","img":"https://fd6-photos.leclercdrive.fr/image.ashx?id=2949418&use=l&cat=p&typeid=i","cat":325358},{"id":24363,"n":"Boisson lactée Délisse Chocolat - 6x20cl","p":2.17,"u":"1,81 €/L","img":"https://fd6-photos.leclercdrive.fr/image.ashx?id=3015245&use=l&cat=p&typeid=i","cat":295246},{"id":24390,"n":"Pétales de blé Eco+ Chocolat - 750g","p":2.03,"u":"2,71 €/KG","img":"https://fd6-photos.leclercdrive.fr/image.ashx?id=2927836&use=l&cat=p&typeid=i","cat":309513},{"id":24410,"n":"Bonbons Copains Copines Tendres fruits - 360 g","p":2.05,"u":"5,69 €/KG","img":"https://fd6-photos.leclercdrive.fr/image.ashx?id=2934694&use=l&cat=p&typeid=i","cat":304250},{"id":24418,"n":"Sauces gourmandes Rustica Pour viande 4 saveurs - 4x90g","p":2.41,"u":"6,69 €/KG","img":"https://fd6-photos.leclercdrive.fr/image.ashx?id=2275513&use=l&cat=p&typeid=i","cat":318430},{"id":24420,"n":"Galettes Bretonnes NRT 100g","p":1.68,"u":"16,80 €/KG","img":"https://fd6-photos.leclercdrive.fr/image.ashx?id=2909419&use=l&cat=p&typeid=i","cat":284487},{"id":24474,"n":"Petites crevettes roses Pêche Océan - 125g","p":2.49,"u":"19,92 €/KG","img":"https://fd6-photos.leclercdrive.fr/image.ashx?id=2953635&use=l&cat=p&typeid=i","cat":284343},{"id":24492,"n":"Blanc de poulet Tradilège Doré à la broche - 120g","p":1.39,"u":"11,58 €/KG","img":"https://fd6-photos.leclercdrive.fr/image.ashx?id=2974864&use=l&cat=p&typeid=i","cat":316010},{"id":24495,"n":"Capsules Nescafé Dolce Gusto  Nesquik - x16","p":4.48,"u":"17,50 €/KG","img":"https://fd6-photos.leclercdrive.fr/image.ashx?id=2946634&use=l&cat=p&typeid=i","cat":293239},{"id":24500,"n":"Pain de mie nature Epi d'Or Sans croute - 500g","p":1.39,"u":"2,78 €/KG","img":"https://fd6-photos.leclercdrive.fr/image.ashx?id=2984658&use=l&cat=p&typeid=i","cat":284477},{"id":24574,"n":"Bandes de cire froide L.Dumont Visage x20 bandes","p":3.58,"u":"0,18 €/P","img":"https://fd6-photos.leclercdrive.fr/image.ashx?id=2606355&use=l&cat=p&typeid=i","cat":325351},{"id":24621,"n":"Gel toilette intime Cadum Surgras - 200ml","p":3.2,"u":"16,00 €/L","img":"https://fd6-photos.leclercdrive.fr/image.ashx?id=1963200&use=l&cat=p&typeid=i","cat":284627},{"id":24642,"n":"Déodorant Rexona Confidence Stick anti-transpirant - 45ml","p":4.66,"u":"103,56 €/L","img":"https://fd6-photos.leclercdrive.fr/image.ashx?id=2738194&use=l&cat=p&typeid=i","cat":284595},{"id":24652,"n":"Déodorant Stick Rexona Anti- Transpirant CleanScent 96H 45ml","p":3.45,"u":"76,67 €/L","img":"https://fd6-photos.leclercdrive.fr/image.ashx?id=2895101&use=l&cat=p&typeid=i","cat":284595},{"id":24666,"n":"Roquefort AOP Société Fromage de brebis - 100g","p":2.72,"u":"27,20 €/KG","img":"https://fd6-photos.leclercdrive.fr/image.ashx?id=2729683&use=l&cat=p&typeid=i","cat":314032},{"id":24671,"n":"Crème Chantilly Bridelice Légère fouettée 20%mg - 250g","p":2.69,"u":"10,76 €/KG","img":"https://fd6-photos.leclercdrive.fr/image.ashx?id=2939313&use=l&cat=p&typeid=i","cat":284382},{"id":24672,"n":"Lait Matin Léger Lactel Sans lactose écrémé - 6x1l","p":12.9,"u":"2,15 €/L","img":"https://fd6-photos.leclercdrive.fr/image.ashx?id=2883546&use=l&cat=p&typeid=i","cat":317169},{"id":24674,"n":"Dentifrice Dentamyl 2en1 blancheur 75ml","p":1.3,"u":"17,33 €/L","img":"https://fd6-photos.leclercdrive.fr/image.ashx?id=2613834&use=l&cat=p&typeid=i","cat":284612},{"id":24694,"n":"Brosses à dent souple Dentamyl x4","p":0.99,"u":"0,25 €/P","img":"https://fd6-photos.leclercdrive.fr/image.ashx?id=2790946&use=l&cat=p&typeid=i","cat":284614},{"id":24729,"n":"Shampooing Pétrole Hahn Stop pellicules - 250ml","p":2.41,"u":"9,64 €/L","img":"https://fd6-photos.leclercdrive.fr/image.ashx?id=2293946&use=l&cat=p&typeid=i","cat":284606},{"id":24755,"n":"Préservatifs  Plug'In Fins et Lubrifiés - x12","p":2.25,"u":"0,19 €/P","img":"https://fd6-photos.leclercdrive.fr/image.ashx?id=2856187&use=l&cat=p&typeid=i","cat":284631},{"id":24756,"n":"Préservatifs Plug'In Classiques - x24","p":4.4,"u":"0,18 €/P","img":"https://fd6-photos.leclercdrive.fr/image.ashx?id=2856181&use=l&cat=p&typeid=i","cat":284631},{"id":24757,"n":"Préservatifs Plug'in Classiques - x12","p":2.4,"u":"0,20 €/P","img":"https://fd6-photos.leclercdrive.fr/image.ashx?id=2856175&use=l&cat=p&typeid=i","cat":284631},{"id":24759,"n":"Mini nems Tables du Monde porc x5/poulet x5 +sauce - 220g","p":2.99,"u":"13,59 €/KG","img":"https://fd6-photos.leclercdrive.fr/image.ashx?id=2613276&use=l&cat=p&typeid=i","cat":333673},{"id":24790,"n":"Oeufs De Nos Villages Plein air - Gros - x6","p":1.78,"u":"0,30 €/P","img":"https://fd6-photos.leclercdrive.fr/image.ashx?id=2228927&use=l&cat=p&typeid=i","cat":284378},{"id":24847,"n":"Gâche tranchée ovale NRT Beurre - 450g","p":2.48,"u":"5,51 €/KG","img":"https://fd6-photos.leclercdrive.fr/image.ashx?id=2670443&use=l&cat=p&typeid=i","cat":284478},{"id":24879,"n":"Boisson apéritif Voltano Base de vin Rosato 14.4%vol 1L","p":4.99,"u":"4,99 €/L","img":"https://fd6-photos.leclercdrive.fr/image.ashx?id=2473960&use=l&cat=p&typeid=i","cat":284913},{"id":24894,"n":"Déjeunettes x4  450g","p":1.4,"u":"3,11 €/KG","img":"https://fd6-photos.leclercdrive.fr/image.ashx?id=2062957&use=l&cat=p&typeid=i","cat":284359},{"id":24906,"n":"Mozzarella mini billes  Les Croisés - 150g","p":1.7,"u":"11,33 €/KG","img":"https://fd6-photos.leclercdrive.fr/image.ashx?id=2463468&use=l&cat=p&typeid=i","cat":314026},{"id":24961,"n":"Soin de jour L'Oréal Paris Age Perfect anti-âge - 50ml","p":11.97,"pp":7.9,"u":"158,00 €/L","img":"https://fd6-photos.leclercdrive.fr/image.ashx?id=2868047&use=l&cat=p&typeid=i","cat":325345},{"id":24968,"n":"Fromage de chèvre Petit Billy 45%mg - 200g","p":2.74,"u":"13,70 €/KG","img":"https://fd6-photos.leclercdrive.fr/image.ashx?id=2543136&use=l&cat=p&typeid=i","cat":314031},{"id":24969,"n":"Bûche chèvre Soignon -25%sel - 180g","p":2.83,"u":"15,72 €/KG","img":"https://fd6-photos.leclercdrive.fr/image.ashx?id=2836484&use=l&cat=p&typeid=i","cat":314031},{"id":24970,"n":"Crottin de chèvre Rians 23%mg - 2x60g","p":2.62,"u":"21,83 €/KG","img":"https://fd6-photos.leclercdrive.fr/image.ashx?id=2762094&use=l&cat=p&typeid=i","cat":314031},{"id":24971,"n":"Fromage Le Chèvre Soignon Boîte - 180g","p":2.92,"u":"16,22 €/KG","img":"https://fd6-photos.leclercdrive.fr/image.ashx?id=2676723&use=l&cat=p&typeid=i","cat":314031},{"id":24972,"n":"Chèvre à dorer Les Croisés x4 - 100g","p":1.77,"u":"17,70 €/KG","img":"https://fd6-photos.leclercdrive.fr/image.ashx?id=2460592&use=l&cat=p&typeid=i","cat":314027},{"id":24977,"n":"Pain hot dog Jacquet x4 -  240g","p":1.67,"u":"6,96 €/KG","img":"https://fd6-photos.leclercdrive.fr/image.ashx?id=2799293&use=l&cat=p&typeid=i","cat":284985},{"id":25000,"n":"Jus d'orange Andros 1L+15% offert","p":2.49,"u":"2,17 €/L","img":"https://fd6-photos.leclercdrive.fr/image.ashx?id=2928846&use=l&cat=p&typeid=i","cat":285435},{"id":25006,"n":"Sauce béchamel Maggi Saveur à l'ancienne sachet -60g","p":0.63,"u":"10,50 €/KG","img":"https://fd6-photos.leclercdrive.fr/image.ashx?id=2697297&use=l&cat=p&typeid=i","cat":288381},{"id":25010,"n":"Barres Chocolatées KINDER Maxi Chocolat au Lait x10 - 210g","p":3.03,"u":"14,43 €/KG","img":"https://fd6-photos.leclercdrive.fr/image.ashx?id=2679609&use=l&cat=p&typeid=i","cat":284498},{"id":25027,"n":"Pots soir bébé bio Babybio Légumes riz - 6 mois - 2x200g","p":2.52,"u":"6,30 €/KG","img":"https://fd6-photos.leclercdrive.fr/image.ashx?id=2833474&use=l&cat=p&typeid=i","cat":312239},{"id":25028,"n":"Assiette Babybio Bio 12 mois Panais carotte polenta - 230g","p":1.91,"u":"8,30 €/KG","img":"https://fd6-photos.leclercdrive.fr/image.ashx?id=2875390&use=l&cat=p&typeid=i","cat":312239},{"id":25029,"n":"Assiette bébé bio Babybio Légumes agneau - 12 mois - 230g","p":2.23,"u":"9,70 €/KG","img":"https://fd6-photos.leclercdrive.fr/image.ashx?id=2855909&use=l&cat=p&typeid=i","cat":312237},{"id":25035,"n":"Salade Menu Fraîcheur Concombre au fromage blanc 300g","p":1.64,"u":"5,47 €/KG","img":"https://fd6-photos.leclercdrive.fr/image.ashx?id=2901443&use=l&cat=p&typeid=i","cat":333657},{"id":25044,"n":"Nettoyant spray Clair Salle de bain - Mousse - 600ml","p":1.99,"u":"3,32 €/L","img":"https://fd6-photos.leclercdrive.fr/image.ashx?id=2856678&use=l&cat=p&typeid=i","cat":325357},{"id":25049,"n":"Lames de rasoir Carré Homme 3 lames - x4","p":3.45,"u":"0,86 €/P","img":"https://fd6-photos.leclercdrive.fr/image.ashx?id=2704624&use=l&cat=p&typeid=i","cat":284616},{"id":25051,"n":"Boulettes de boeuf Férial x30 - 900g","p":7.39,"u":"8,21 €/KG","img":"https://fd6-photos.leclercdrive.fr/image.ashx?id=2966520&use=l&cat=p&typeid=i","cat":319779},{"id":25061,"n":"Cornichons Rustica Vinaigre - 360g","p":1.65,"u":"4,58 €/KG","img":"https://fd6-photos.leclercdrive.fr/image.ashx?id=2799763&use=l&cat=p&typeid=i","cat":284458},{"id":25064,"n":"Film étirable Alfapac Extensible auto-adhérent 50m","p":2.11,"img":"https://fd6-photos.leclercdrive.fr/image.ashx?id=2918271&use=l&cat=p&typeid=i","cat":334134},{"id":25067,"n":"Oeufs frais De Nos Régions Plein Air - Label Rouge - x12","p":3.58,"u":"0,30 €/P","img":"https://fd6-photos.leclercdrive.fr/image.ashx?id=2969734&use=l&cat=p&typeid=i","cat":284378},{"id":25068,"n":"Oeufs frais De Nos Régions Plein Air - Label rouge - x6","p":1.79,"u":"0,30 €/P","img":"https://fd6-photos.leclercdrive.fr/image.ashx?id=2969722&use=l&cat=p&typeid=i","cat":284378},{"id":25072,"n":"Mascarpone Casa Azzurra 500g","p":5.2,"u":"10,40 €/KG","img":"https://fd6-photos.leclercdrive.fr/image.ashx?id=2290269&use=l&cat=p&typeid=i","cat":314026},{"id":25079,"n":"Mozzarella bufala Casa Azzurra Boule - 125g","p":2.15,"u":"17,20 €/KG","img":"https://fd6-photos.leclercdrive.fr/image.ashx?id=2899533&use=l&cat=p&typeid=i","cat":314026},{"id":25085,"n":"Lait bio Bio Village Bouteille  Demi-écrémé UHT -  6x50cl","p":5.22,"u":"1,74 €/L","img":"https://fd6-photos.leclercdrive.fr/image.ashx?id=2970009&use=l&cat=p&typeid=i","cat":284377},{"id":25093,"n":"Yaourts brassés Délisse Fruits jaunes - 8x125 g","p":2.28,"u":"2,28 €/KG","img":"https://fd6-photos.leclercdrive.fr/image.ashx?id=2495536&use=l&cat=p&typeid=i","cat":284410},{"id":25095,"n":"Yaourts brassés Délisse Fruits rouges - 8X125g","p":2.27,"u":"2,27 €/KG","img":"https://fd6-photos.leclercdrive.fr/image.ashx?id=2494217&use=l&cat=p&typeid=i","cat":284410},{"id":25124,"n":"Pur jus Multifruits Bio Village Bio - 6x20cl","p":3.11,"u":"2,59 €/L","img":"https://fd6-photos.leclercdrive.fr/image.ashx?id=2843626&use=l&cat=p&typeid=i","cat":284524},{"id":25125,"n":"Pur jus d'orange Bio Village Bio - 6x20cl","p":2.99,"u":"2,49 €/L","img":"https://fd6-photos.leclercdrive.fr/image.ashx?id=2671016&use=l&cat=p&typeid=i","cat":284521},{"id":25164,"n":"Crème dessert Délisse Chocolat noir 4x125g","p":1.05,"u":"2,10 €/KG","img":"https://fd6-photos.leclercdrive.fr/image.ashx?id=2694283&use=l&cat=p&typeid=i","cat":285041},{"id":25171,"n":"Lardons fumés Tradilège Moins 25% de sel 2x75g","p":1.65,"u":"11,00 €/KG","img":"https://fd6-photos.leclercdrive.fr/image.ashx?id=2955267&use=l&cat=p&typeid=i","cat":316011},{"id":25172,"n":"Sacs poubelle 30L Alfapac Ultra résistant Coulissac - x20","p":3.25,"u":"0,16 €/P","img":"https://fd6-photos.leclercdrive.fr/image.ashx?id=2732359&use=l&cat=p&typeid=i","cat":285168},{"id":25178,"n":"Confiture Bonne Maman Prunes bocal - 370g","p":1.98,"u":"5,35 €/KG","img":"https://fd6-photos.leclercdrive.fr/image.ashx?id=2574008&use=l&cat=p&typeid=i","cat":284480},{"id":25179,"n":"Confiture aux myrtilles Andros Allégée - 350g","p":2.54,"u":"7,26 €/KG","img":"https://fd6-photos.leclercdrive.fr/image.ashx?id=2915700&use=l&cat=p&typeid=i","cat":284480},{"id":25183,"n":"Confiture à l'orange Andros Allégée - 350g","p":1.2,"u":"3,43 €/KG","img":"https://fd6-photos.leclercdrive.fr/image.ashx?id=2398418&use=l&cat=p&typeid=i","cat":284480},{"id":25203,"n":"Queues de crevettes Pêche Océan Décortiquées cuites 300g","p":6.58,"u":"21,93 €/KG","img":"https://fd6-photos.leclercdrive.fr/image.ashx?id=1976859&use=l&cat=p&typeid=i","cat":319787},{"id":25204,"n":"Petits pois d'aucy  Tendres et fondants - 560g","p":1.96,"u":"3,50 €/KG","img":"https://fd6-photos.leclercdrive.fr/image.ashx?id=2438126&use=l&cat=p&typeid=i","cat":312607},{"id":25205,"n":"Pois carottes D'aucy  Tendres et fondants -530g","p":1.75,"u":"3,30 €/KG","img":"https://fd6-photos.leclercdrive.fr/image.ashx?id=2426367&use=l&cat=p&typeid=i","cat":312607},{"id":25207,"n":"Cornichons Rustica Extra fins - 185g","p":1.28,"u":"6,92 €/KG","img":"https://fd6-photos.leclercdrive.fr/image.ashx?id=2799760&use=l&cat=p&typeid=i","cat":284458},{"id":25211,"n":"Bavette d'aloyau *** à griller x2 - 320g","p":12.49,"u":"39,03 €/KG","img":"https://fd6-photos.leclercdrive.fr/image.ashx?id=1495734&use=l&cat=p&typeid=i","cat":284328},{"id":25220,"n":"Cotons Démaquillants Demak'Up Sensitive - Disques x64","p":1.3,"u":"0,02 €/P","img":"https://fd6-photos.leclercdrive.fr/image.ashx?id=2966983&use=l&cat=p&typeid=i","cat":285593},{"id":25236,"n":"Croque Jambon Père Dodu  Dinde x2 - 200g","p":2.34,"u":"11,70 €/KG","img":"https://fd6-photos.leclercdrive.fr/image.ashx?id=2956984&use=l&cat=p&typeid=i","cat":333683},{"id":25283,"n":"Barres céréales Grany Pommes - 125g","p":1.84,"u":"14,72 €/KG","img":"https://fd6-photos.leclercdrive.fr/image.ashx?id=3002093&use=l&cat=p&typeid=i","cat":285869},{"id":25337,"n":"Café moulu L'Or Absolu 100% Arabica - 2x250g","p":9.45,"u":"18,90 €/KG","img":"https://fd6-photos.leclercdrive.fr/image.ashx?id=2294935&use=l&cat=p&typeid=i","cat":284750},{"id":25342,"n":"Céréales Trésor Kellogg's Chocolat au lait - 1kg","p":6.3,"u":"6,30 €/KG","img":"https://fd6-photos.leclercdrive.fr/image.ashx?id=2598319&use=l&cat=p&typeid=i","cat":309513},{"id":25343,"n":"Céréales Trésor de Kellogg's Chocolat Noisettes - 1kg","p":6.3,"u":"6,30 €/KG","img":"https://fd6-photos.leclercdrive.fr/image.ashx?id=2598316&use=l&cat=p&typeid=i","cat":309513},{"id":25370,"n":"Tablette chocolat Côte d'Or Chocolat lait/Noisettes - 200g","p":4.22,"u":"21,10 €/KG","img":"https://fd6-photos.leclercdrive.fr/image.ashx?id=2961218&use=l&cat=p&typeid=i","cat":284497},{"id":25385,"n":"Tablette chocolat Côte d'Or Chocolat lait/praliné - 200g","p":3.47,"u":"17,35 €/KG","img":"https://fd6-photos.leclercdrive.fr/image.ashx?id=2938076&use=l&cat=p&typeid=i","cat":284497},{"id":25393,"n":"Pâte à pizza Bio Bio village - 260g","p":1.82,"u":"7,00 €/KG","img":"https://fd6-photos.leclercdrive.fr/image.ashx?id=2879955&use=l&cat=p&typeid=i","cat":333681},{"id":25407,"n":"Bonbons LUTTI Luttimint Menthe - 250g","p":1.76,"u":"7,04 €/KG","img":"https://fd6-photos.leclercdrive.fr/image.ashx?id=2815019&use=l&cat=p&typeid=i","cat":304252},{"id":25408,"n":"Dragolo Haribo Sachet bonbons - 300g","p":1.51,"u":"5,03 €/KG","img":"https://fd6-photos.leclercdrive.fr/image.ashx?id=2803574&use=l&cat=p&typeid=i","cat":304250},{"id":25425,"n":"Biscuits apéritif Lay's 3D's Goût Cacahuetes - 85g","p":0.78,"u":"9,18 €/KG","img":"https://fd6-photos.leclercdrive.fr/image.ashx?id=2916824&use=l&cat=p&typeid=i","cat":284449},{"id":25426,"n":"Infusion détente Bio Village Bio - x20 - 30g","p":1.79,"u":"59,67 €/KG","img":"https://fd6-photos.leclercdrive.fr/image.ashx?id=2897895&use=l&cat=p&typeid=i","cat":293234},{"id":25445,"n":"Lait poudre Croissance Modilac  De 12 mois à 36 mois - 800g","p":13.34,"u":"16,68 €/KG","img":"https://fd6-photos.leclercdrive.fr/image.ashx?id=2873390&use=l&cat=p&typeid=i","cat":290219},{"id":25446,"n":"Lait croissance Nidal Nestlé Dès 12 mois - 800g","p":9.02,"u":"11,28 €/KG","img":"https://fd6-photos.leclercdrive.fr/image.ashx?id=2806405&use=l&cat=p&typeid=i","cat":290219},{"id":25452,"n":"Sucettes au lait Chupa Chups Sachet - 192g","p":1.95,"u":"10,16 €/KG","img":"https://fd6-photos.leclercdrive.fr/image.ashx?id=2647648&use=l&cat=p&typeid=i","cat":304252},{"id":25465,"n":"Recharge distributeur Canderel Comprimés x600 - 51g","p":5.01,"u":"98,24 €/KG","img":"https://fd6-photos.leclercdrive.fr/image.ashx?id=2811008&use=l&cat=p&typeid=i","cat":324846},{"id":25482,"n":"Soupe liquide Liebig  Cèpes et Bolets - 1L","p":2.61,"u":"2,61 €/L","img":"https://fd6-photos.leclercdrive.fr/image.ashx?id=2766728&use=l&cat=p&typeid=i","cat":284462},{"id":25485,"n":"Miel de fleurs Lune de Miel Spécialités 500g","p":4.32,"u":"8,64 €/KG","img":"https://fd6-photos.leclercdrive.fr/image.ashx?id=2972409&use=l&cat=p&typeid=i","cat":287643},{"id":25492,"n":"Confiture Bonne Maman Fraise & fraises des bois 370g","p":2.49,"u":"6,73 €/KG","img":"https://fd6-photos.leclercdrive.fr/image.ashx?id=2999841&use=l&cat=p&typeid=i","cat":284480},{"id":25493,"n":"Bouillon Cube Maggi Pot au feu - 180g","p":1.55,"u":"8,61 €/KG","img":"https://fd6-photos.leclercdrive.fr/image.ashx?id=2212315&use=l&cat=p&typeid=i","cat":288379},{"id":25499,"n":"Brosse à dents pro Dentamyl Blancheur x1","p":1.32,"img":"https://fd6-photos.leclercdrive.fr/image.ashx?id=2790916&use=l&cat=p&typeid=i","cat":284614},{"id":25500,"n":"Recharge Dentamyl x2 Pour brosse à dents à pile","p":4.35,"u":"2,18 €/P","img":"https://fd6-photos.leclercdrive.fr/image.ashx?id=1872582&use=l&cat=p&typeid=i","cat":297133},{"id":25515,"n":"Eau minérale naturelle Vittel 6x1L","p":2.46,"u":"0,41 €/L","img":"https://fd6-photos.leclercdrive.fr/image.ashx?id=2276654&use=l&cat=p&typeid=i","cat":284535},{"id":25516,"n":"Eau de source Cristaline 12x50cl","p":1.68,"u":"0,28 €/L","img":"https://fd6-photos.leclercdrive.fr/image.ashx?id=2872874&use=l&cat=p&typeid=i","cat":284535},{"id":25525,"n":"Boisson aux fruits Oasis Tropical - 4x50cl","p":4.47,"u":"2,24 €/L","img":"https://fd6-photos.leclercdrive.fr/image.ashx?id=3014446&use=l&cat=p&typeid=i","cat":295018},{"id":25530,"n":"Sucre Béghin Say pure canne petits morceaux - 1kg","p":2.24,"u":"2,24 €/KG","img":"https://fd6-photos.leclercdrive.fr/image.ashx?id=2949919&use=l&cat=p&typeid=i","cat":284502},{"id":25540,"n":"Soda à l'orange Orangina 4x50cl","p":4.56,"u":"2,28 €/L","img":"https://fd6-photos.leclercdrive.fr/image.ashx?id=2574952&use=l&cat=p&typeid=i","cat":284532},{"id":25541,"n":"Soda à l'orange Orangina 6x25cl","p":4.16,"u":"2,77 €/L","img":"https://fd6-photos.leclercdrive.fr/image.ashx?id=2495653&use=l&cat=p&typeid=i","cat":284532},{"id":25550,"n":"Soda Schweppes Indian Tonic Zero - 1,5L","p":1.72,"u":"1,15 €/L","img":"https://fd6-photos.leclercdrive.fr/image.ashx?id=2852393&use=l&cat=p&typeid=i","cat":284531},{"id":25552,"n":"Soda Schweppes Indian Tonic - 4x50cl","p":3.9,"u":"1,95 €/L","img":"https://fd6-photos.leclercdrive.fr/image.ashx?id=2852405&use=l&cat=p&typeid=i","cat":284531},{"id":25553,"n":"Soda Schweppes Saveur Agrumes - 4x50cl","p":4.2,"u":"2,10 €/L","img":"https://fd6-photos.leclercdrive.fr/image.ashx?id=2852402&use=l&cat=p&typeid=i","cat":284532},{"id":25554,"n":"Soda Schweppes Saveur Citron Zero - 1,5L","p":1.7,"u":"1,13 €/L","img":"https://fd6-photos.leclercdrive.fr/image.ashx?id=2852396&use=l&cat=p&typeid=i","cat":284532},{"id":25557,"n":"Soda Schweppes Saveur Pomme - 1,5L","p":2.16,"u":"1,44 €/L","img":"https://fd6-photos.leclercdrive.fr/image.ashx?id=2852411&use=l&cat=p&typeid=i","cat":284532},{"id":25567,"n":"Jus d'orange Jafaden A base de concentré  - 2L","p":3.51,"u":"1,76 €/L","img":"https://fd6-photos.leclercdrive.fr/image.ashx?id=2751892&use=l&cat=p&typeid=i","cat":284521},{"id":25575,"n":"Limonade artisanale Lorina Bouteille - 1L","p":2.98,"u":"2,98 €/L","img":"https://fd6-photos.leclercdrive.fr/image.ashx?id=2735137&use=l&cat=p&typeid=i","cat":284531},{"id":25576,"n":"Limonade Cristal Lorina 1,25L","p":2.3,"u":"1,84 €/L","img":"https://fd6-photos.leclercdrive.fr/image.ashx?id=2575555&use=l&cat=p&typeid=i","cat":284531},{"id":25587,"n":"Vin mousseux de France Kriter Blanc Brut - 75cl","p":4.85,"u":"6,47 €/L","img":"https://fd6-photos.leclercdrive.fr/image.ashx?id=2840868&use=l&cat=p&typeid=i","cat":284544},{"id":25589,"n":"Nectar Bio Pressade Orange pêche abricot - 1,5L","p":2.56,"u":"1,71 €/L","img":"https://fd6-photos.leclercdrive.fr/image.ashx?id=2732503&use=l&cat=p&typeid=i","cat":284521},{"id":25593,"n":"Boisson aux fruits Capri Sun Multivitaminé - 10x20cl","p":3.43,"u":"1,72 €/L","img":"https://fd6-photos.leclercdrive.fr/image.ashx?id=2447067&use=l&cat=p&typeid=i","cat":295018},{"id":25596,"n":"Nectar Bio Pressade Multifruits - 6x20cl","p":2.72,"u":"2,27 €/L","img":"https://fd6-photos.leclercdrive.fr/image.ashx?id=2732518&use=l&cat=p&typeid=i","cat":284524},{"id":25607,"n":"Eau minérale gazeuse Perrier  Naturelle  - 6x50cl","p":3.49,"u":"1,16 €/L","img":"https://fd6-photos.leclercdrive.fr/image.ashx?id=2493916&use=l&cat=p&typeid=i","cat":284536},{"id":25609,"n":"Saucisses aux lentilles  William Saurin- 840g","p":3.6,"u":"4,29 €/KG","img":"https://fd6-photos.leclercdrive.fr/image.ashx?id=2890070&use=l&cat=p&typeid=i","cat":284441},{"id":25613,"n":"Boisson énergétique Powerade Cerise - 50cl","p":1.23,"u":"2,46 €/L","img":"https://fd6-photos.leclercdrive.fr/image.ashx?id=2774220&use=l&cat=p&typeid=i","cat":284533},{"id":25614,"n":"Boisson Citronnade Pulco Citron - 1,5L","p":2.14,"u":"1,43 €/L","img":"https://fd6-photos.leclercdrive.fr/image.ashx?id=2941526&use=l&cat=p&typeid=i","cat":295018},{"id":25615,"n":"Concentré à diluer Pulco Agrumes - 70cl","p":2.83,"u":"4,04 €/L","img":"https://fd6-photos.leclercdrive.fr/image.ashx?id=2687851&use=l&cat=p&typeid=i","cat":295020},{"id":25619,"n":"Pastis Ricard Anisé 45% vol - 1,5L","p":29.75,"u":"19,83 €/L","img":"https://fd6-photos.leclercdrive.fr/image.ashx?id=2839115&use=l&cat=p&typeid=i","cat":284548},{"id":25627,"n":"Sirop Moulin de Valdonne Violette - 70cl","p":3.27,"u":"4,67 €/L","img":"https://fd6-photos.leclercdrive.fr/image.ashx?id=2756918&use=l&cat=p&typeid=i","cat":295020},{"id":25630,"n":"Taboulé Menu Fraîcheur Poulet - 500g","p":2.11,"u":"4,22 €/KG","img":"https://fd6-photos.leclercdrive.fr/image.ashx?id=2901449&use=l&cat=p&typeid=i","cat":333657},{"id":25632,"n":"Vodka Absolut 40% vol - 70cl","p":17.81,"u":"25,44 €/L","img":"https://fd6-photos.leclercdrive.fr/image.ashx?id=2887239&use=l&cat=p&typeid=i","cat":284550},{"id":25656,"n":"Crème Pieds Anti-Callosités Et Cornes - 75ml","p":4.84,"u":"64,53 €/L","img":"https://fd6-photos.leclercdrive.fr/image.ashx?id=2981310&use=l&cat=p&typeid=i","cat":325354},{"id":25661,"n":"Rasoir Siliss 3 lames - +1 recharge","p":4.25,"img":"https://fd6-photos.leclercdrive.fr/image.ashx?id=2699411&use=l&cat=p&typeid=i","cat":325352},{"id":25663,"n":"Chips à l'ancienne Pom'Lisse Nature - 270g","p":1.85,"u":"6,85 €/KG","img":"https://fd6-photos.leclercdrive.fr/image.ashx?id=2724835&use=l&cat=p&typeid=i","cat":284447},{"id":25669,"n":"Pâtes de fruits rouges NRT   De Provence - 180g","p":3.55,"u":"19,72 €/KG","img":"https://fd6-photos.leclercdrive.fr/image.ashx?id=2771049&use=l&cat=p&typeid=i","cat":284499},{"id":25670,"n":"Pâtes de fruits jaunes NRT De Provence - 180g","p":3.55,"u":"19,72 €/KG","img":"https://fd6-photos.leclercdrive.fr/image.ashx?id=2771052&use=l&cat=p&typeid=i","cat":284499},{"id":25685,"n":"Bouillon Cube Maggi Boeuf - 180g","p":1.5,"u":"8,33 €/KG","img":"https://fd6-photos.leclercdrive.fr/image.ashx?id=2882896&use=l&cat=p&typeid=i","cat":288379},{"id":25686,"n":"Bouillon Cube Maggi Volaille - 180g","p":1.5,"u":"8,33 €/KG","img":"https://fd6-photos.leclercdrive.fr/image.ashx?id=2737003&use=l&cat=p&typeid=i","cat":288379},{"id":25689,"n":"AOC Coteaux Varois rosé Terres de Saint-Louis - 75cl","p":5.1,"u":"6,80 €/L","img":"https://fd6-photos.leclercdrive.fr/image.ashx?id=2105905&use=l&cat=p&typeid=i","cat":289558},{"id":25703,"n":"Rousquilles fondantes NRT 200g","p":2.15,"u":"10,75 €/KG","img":"https://fd6-photos.leclercdrive.fr/image.ashx?id=2663812&use=l&cat=p&typeid=i","cat":284487},{"id":25729,"n":"Vinaigrette balsamique Puget Tomate séchée - 33cl","p":2.39,"u":"7,24 €/L","img":"https://fd6-photos.leclercdrive.fr/image.ashx?id=2912143&use=l&cat=p&typeid=i","cat":284456},{"id":25738,"n":"Blanc de poulet Fleury Michon -25% de sel x4 - 160g","p":2.19,"u":"13,69 €/KG","img":"https://fd6-photos.leclercdrive.fr/image.ashx?id=2885974&use=l&cat=p&typeid=i","cat":316010},{"id":25739,"n":"Bûche de chèvre Les Croisés Fondante 22%mg - 180g","p":1.84,"u":"10,22 €/KG","img":"https://fd6-photos.leclercdrive.fr/image.ashx?id=2946838&use=l&cat=p&typeid=i","cat":314031},{"id":25741,"n":"Grana Padano AOP Les Croisés - 200g","p":3.35,"u":"16,75 €/KG","img":"https://fd6-photos.leclercdrive.fr/image.ashx?id=2954088&use=l&cat=p&typeid=i","cat":314034},{"id":25742,"n":"Macédoine Menu Fraîcheur  Légumes - 300g","p":1.59,"u":"5,30 €/KG","img":"https://fd6-photos.leclercdrive.fr/image.ashx?id=2901446&use=l&cat=p&typeid=i","cat":333657},{"id":25743,"n":"Mascarpone Les Croisés - 500g","p":3.08,"u":"6,16 €/KG","img":"https://fd6-photos.leclercdrive.fr/image.ashx?id=2123626&use=l&cat=p&typeid=i","cat":314026},{"id":25744,"n":"Nems au Poulet Tables du Monde  x4  - 280g","p":1.79,"u":"6,39 €/KG","img":"https://fd6-photos.leclercdrive.fr/image.ashx?id=2953338&use=l&cat=p&typeid=i","cat":333673},{"id":25746,"n":"Saucisse de volaille Tradilège  x10 350g","p":1.47,"u":"4,20 €/KG","img":"https://fd6-photos.leclercdrive.fr/image.ashx?id=2625110&use=l&cat=p&typeid=i","cat":316012},{"id":25748,"n":"Hachés au colin d'Alaska Pêche Océan - 200g","p":2.24,"u":"11,20 €/KG","img":"https://fd6-photos.leclercdrive.fr/image.ashx?id=2953623&use=l&cat=p&typeid=i","cat":284344},{"id":25749,"n":"Hachés au saumon Pêche Océan à la ciboulette - 200g","p":2.25,"u":"11,25 €/KG","img":"https://fd6-photos.leclercdrive.fr/image.ashx?id=2953632&use=l&cat=p&typeid=i","cat":284344},{"id":25750,"n":"Trio crudités Menu Fraîcheur  Carotte céleri maïs - 300g","p":1.46,"u":"4,87 €/KG","img":"https://fd6-photos.leclercdrive.fr/image.ashx?id=2645936&use=l&cat=p&typeid=i","cat":333657},{"id":25753,"n":"Génoises fourrées Eco+ Framboise - 300g","p":1.9,"u":"6,33 €/KG","img":"https://fd6-photos.leclercdrive.fr/image.ashx?id=2808197&use=l&cat=p&typeid=i","cat":284489},{"id":25759,"n":"Barquettes chats Gourmet Gold Double délice luxe mix - 12x85g","p":5.76,"u":"5,65 €/KG","img":"https://fd6-photos.leclercdrive.fr/image.ashx?id=2857096&use=l&cat=p&typeid=i","cat":285286},{"id":25762,"n":"Bâtonnets Dentastix Pedigree Grand chien x28 - 1080g","p":8.34,"u":"7,72 €/KG","img":"https://fd6-photos.leclercdrive.fr/image.ashx?id=2924776&use=l&cat=p&typeid=i","cat":294527},{"id":25765,"n":"Céréales Nestlé Mix Chocapic, Lion, Nesquik x6","p":2.27,"u":"11,95 €/KG","img":"https://fd6-photos.leclercdrive.fr/image.ashx?id=2981364&use=l&cat=p&typeid=i","cat":309513},{"id":25779,"n":"Yaourts Lait de chèvre Soignon Nature - 4x125g","p":2.23,"u":"4,46 €/KG","img":"https://fd6-photos.leclercdrive.fr/image.ashx?id=2518250&use=l&cat=p&typeid=i","cat":314998},{"id":25790,"n":"Sucre pure canne Bio Village En morceaux bio - 500g","p":2.09,"u":"4,18 €/KG","img":"https://fd6-photos.leclercdrive.fr/image.ashx?id=3010440&use=l&cat=p&typeid=i","cat":284502},{"id":25793,"n":"AOP Côtes du Rhône rouge Cellier des Dauphins - BIB 3L","p":10.89,"u":"3,63 €/L","img":"https://fd6-photos.leclercdrive.fr/image.ashx?id=2830006&use=l&cat=p&typeid=i","cat":289560},{"id":25801,"n":"Lingettes Wc Syphon Désinfectantes x40","p":2.2,"img":"https://fd6-photos.leclercdrive.fr/image.ashx?id=2768092&use=l&cat=p&typeid=i","cat":325358},{"id":25805,"n":"Légumes pour pot au feu Panier du Primeur - 1kg","p":2.49,"u":"2,49 €/KG","img":"https://fd6-photos.leclercdrive.fr/image.ashx?id=2958717&use=l&cat=p&typeid=i","cat":284352},{"id":25806,"n":"Lingettes bébé H2O Biolane Epaisses - x72","p":1.87,"u":"0,03 €/P","img":"https://fd6-photos.leclercdrive.fr/image.ashx?id=2877910&use=l&cat=p&typeid=i","cat":284738},{"id":25808,"n":"Protection incontinence Chorys Homme - Important - x20","p":5.38,"u":"0,27 €/P","img":"https://fd6-photos.leclercdrive.fr/image.ashx?id=2672933&use=l&cat=p&typeid=i","cat":291514},{"id":25811,"n":"Salade Coleslaw Menu Fraîcheur  500g","p":1.83,"u":"3,66 €/KG","img":"https://fd6-photos.leclercdrive.fr/image.ashx?id=2645930&use=l&cat=p&typeid=i","cat":333657},{"id":25815,"n":"Dessert lacté Délisse Chocolat - 4x100g","p":1.27,"u":"3,18 €/KG","img":"https://fd6-photos.leclercdrive.fr/image.ashx?id=2953401&use=l&cat=p&typeid=i","cat":285041},{"id":25818,"n":"Émincés de saumon fumé ASC Ronde de mers - 100g","p":4.49,"u":"44,90 €/KG","img":"https://fd6-photos.leclercdrive.fr/image.ashx?id=2953617&use=l&cat=p&typeid=i","cat":285188},{"id":25819,"n":"Feuilletés Jambon Emmental Coté Table - 2x140g","p":2.99,"u":"10,68 €/KG","img":"https://fd6-photos.leclercdrive.fr/image.ashx?id=2846517&use=l&cat=p&typeid=i","cat":333671},{"id":25820,"n":"Flammekueche Coté Table 350g","p":1.88,"u":"5,37 €/KG","img":"https://fd6-photos.leclercdrive.fr/image.ashx?id=2064819&use=l&cat=p&typeid=i","cat":333680},{"id":25822,"n":"Fromage à tartiner Les Croisés Nature - 24%mg - 300g","p":1.84,"u":"6,13 €/KG","img":"https://fd6-photos.leclercdrive.fr/image.ashx?id=1630699&use=l&cat=p&typeid=i","cat":314029},{"id":25825,"n":"Fromage de brebis Les Croisés 210g","p":2.86,"u":"13,62 €/KG","img":"https://fd6-photos.leclercdrive.fr/image.ashx?id=2900112&use=l&cat=p&typeid=i","cat":329184},{"id":25836,"n":"Choucroute garnie  William Saurin - 800g","p":3.95,"u":"4,94 €/KG","img":"https://fd6-photos.leclercdrive.fr/image.ashx?id=2890058&use=l&cat=p&typeid=i","cat":284441},{"id":25839,"n":"Couscous parfumé Tipiak Prêt en 5 min  - 500g","p":2.02,"u":"4,04 €/KG","img":"https://fd6-photos.leclercdrive.fr/image.ashx?id=2946937&use=l&cat=p&typeid=i","cat":284429},{"id":25841,"n":"Couscous Tipiak  Prêt en 1 min 30 s - 500g","p":1.32,"u":"2,64 €/KG","img":"https://fd6-photos.leclercdrive.fr/image.ashx?id=2640431&use=l&cat=p&typeid=i","cat":284429},{"id":25848,"n":"Lait de coco Suzi Wan 500ml","p":2.64,"u":"5,28 €/L","img":"https://fd6-photos.leclercdrive.fr/image.ashx?id=2892934&use=l&cat=p&typeid=i","cat":288992},{"id":25854,"n":"Mignonnettes Côte d'Or Chocolat noir /orange - 24x10g","p":5.34,"u":"22,25 €/KG","img":"https://fd6-photos.leclercdrive.fr/image.ashx?id=3009152&use=l&cat=p&typeid=i","cat":284499},{"id":25855,"n":"Noix d'epaule Tulip Boîte - 340g","p":3.45,"u":"10,15 €/KG","img":"https://fd6-photos.leclercdrive.fr/image.ashx?id=2465598&use=l&cat=p&typeid=i","cat":305149},{"id":25856,"n":"Olives vertes La Ciota Farcies anchois - 120g","p":1.87,"u":"15,58 €/KG","img":"https://fd6-photos.leclercdrive.fr/image.ashx?id=2296575&use=l&cat=p&typeid=i","cat":284458},{"id":25860,"n":"Pain au chocolat La Boulangère Pur beurre - x8 - 400g","p":2.81,"u":"7,03 €/KG","img":"https://fd6-photos.leclercdrive.fr/image.ashx?id=2912182&use=l&cat=p&typeid=i","cat":296366},{"id":25863,"n":"Pâté mixte Hénaff Foie de campagne - 3x78g","p":2.37,"u":"10,13 €/KG","img":"https://fd6-photos.leclercdrive.fr/image.ashx?id=3004780&use=l&cat=p&typeid=i","cat":305149},{"id":25865,"n":"Préparation taboulé Tipiak Menthe citron olive - 350g","p":2.19,"u":"6,26 €/KG","img":"https://fd6-photos.leclercdrive.fr/image.ashx?id=2973862&use=l&cat=p&typeid=i","cat":284429},{"id":25868,"n":"Flocons d'avoine Quaker Oats Classic - 800g","p":2.24,"u":"2,80 €/KG","img":"https://fd6-photos.leclercdrive.fr/image.ashx?id=2344498&use=l&cat=p&typeid=i","cat":309512},{"id":25879,"n":"Bâtonnets Dentastix Pedigree Petit chien x28 - 440g","p":5.6,"u":"12,73 €/KG","img":"https://fd6-photos.leclercdrive.fr/image.ashx?id=2877106&use=l&cat=p&typeid=i","cat":294527},{"id":25889,"n":"Mignonnettes Côte d'Or Chocolat au lait - 24x10g","p":5.62,"u":"23,42 €/KG","img":"https://fd6-photos.leclercdrive.fr/image.ashx?id=3002210&use=l&cat=p&typeid=i","cat":284499},{"id":25898,"n":"Chocolat Nougatti Côte d'Or Nougat/chocolat au lait -270g","p":4.54,"u":"16,81 €/KG","img":"https://fd6-photos.leclercdrive.fr/image.ashx?id=2612388&use=l&cat=p&typeid=i","cat":284498},{"id":25913,"n":"Chocolat noir Côte d'Or Nougat 130g","p":2.94,"u":"22,62 €/KG","img":"https://fd6-photos.leclercdrive.fr/image.ashx?id=2985588&use=l&cat=p&typeid=i","cat":284956},{"id":25914,"n":"Tablette chocolat Côte d'Or Chocolat noir praliné - 200g","p":3.48,"u":"17,40 €/KG","img":"https://fd6-photos.leclercdrive.fr/image.ashx?id=2941943&use=l&cat=p&typeid=i","cat":284956},{"id":26026,"n":"Gel douche Eco+ Amande - 500ml","p":0.65,"u":"1,30 €/L","img":"https://fd6-photos.leclercdrive.fr/image.ashx?id=2979328&use=l&cat=p&typeid=i","cat":284594},{"id":26027,"n":"Gel douche Eco  Senteur vanille - 500ml","p":0.65,"u":"1,30 €/L","img":"https://fd6-photos.leclercdrive.fr/image.ashx?id=2965789&use=l&cat=p&typeid=i","cat":284594},{"id":26030,"n":"Masque Inell Film purifiant x2","p":0.99,"img":"https://fd6-photos.leclercdrive.fr/image.ashx?id=2691625&use=l&cat=p&typeid=i","cat":325346},{"id":26035,"n":"Bain de bouche Dentamyl Fraîcheur menthe - 500ml","p":1.89,"u":"3,78 €/L","img":"https://fd6-photos.leclercdrive.fr/image.ashx?id=2526604&use=l&cat=p&typeid=i","cat":284613},{"id":26038,"n":"Recharge savon mains Manava Crème Lait et miel - 250ml","p":0.57,"u":"2,28 €/L","img":"https://fd6-photos.leclercdrive.fr/image.ashx?id=2935489&use=l&cat=p&typeid=i","cat":284597},{"id":26040,"n":"Recharge savon mains Manava Gel spécial cuisine - 250ml","p":0.66,"u":"2,64 €/L","img":"https://fd6-photos.leclercdrive.fr/image.ashx?id=2935492&use=l&cat=p&typeid=i","cat":284597},{"id":26045,"n":"Activateur biologique Syphon Pour fosses septiques 26sachets","p":6.23,"img":"https://fd6-photos.leclercdrive.fr/image.ashx?id=2558805&use=l&cat=p&typeid=i","cat":284908},{"id":26065,"n":"Saucisson Petit Justin Bridou  Bâton de Berger Nature - 100g","p":2.29,"u":"22,90 €/KG","img":"https://fd6-photos.leclercdrive.fr/image.ashx?id=2851036&use=l&cat=p&typeid=i","cat":316006},{"id":26090,"n":"Lait entier Bio Village Bio Bouteille UHT - 1L","p":1.49,"u":"1,49 €/L","img":"https://fd6-photos.leclercdrive.fr/image.ashx?id=2981927&use=l&cat=p&typeid=i","cat":285610},{"id":26151,"n":"Sucre Eco+  En poudre - 1kg","p":0.95,"u":"0,95 €/KG","img":"https://fd6-photos.leclercdrive.fr/image.ashx?id=2675679&use=l&cat=p&typeid=i","cat":284502},{"id":26152,"n":"Salade Mexicaine Eco+ Au thon - 280g","p":1.12,"u":"4,00 €/KG","img":"https://fd6-photos.leclercdrive.fr/image.ashx?id=2884201&use=l&cat=p&typeid=i","cat":284437},{"id":26154,"n":"Salade Niçoise Eco+ Au thon - 280g","p":1.12,"u":"4,00 €/KG","img":"https://fd6-photos.leclercdrive.fr/image.ashx?id=2896012&use=l&cat=p&typeid=i","cat":284437},{"id":26183,"n":"Adoucissant Hyperdou Rêve de fraîcheur - 3x250ml","p":1.23,"u":"1,64 €/L","img":"https://fd6-photos.leclercdrive.fr/image.ashx?id=2643318&use=l&cat=p&typeid=i","cat":284650},{"id":26184,"n":"Adoucissant Hyperdou Senteur de provence - 3x250ml","p":1.2,"u":"1,60 €/L","img":"https://fd6-photos.leclercdrive.fr/image.ashx?id=2675685&use=l&cat=p&typeid=i","cat":284650},{"id":26185,"n":"Lingettes désinfectante Sanytol Multi-usage Eucalyptus - x72","p":1.58,"u":"0,03 €/P","img":"https://fd6-photos.leclercdrive.fr/image.ashx?id=2899353&use=l&cat=p&typeid=i","cat":325358},{"id":26193,"n":"Edulcorant Canderel sticks x120 - 120g","p":2.59,"u":"21,58 €/KG","img":"https://fd6-photos.leclercdrive.fr/image.ashx?id=2811011&use=l&cat=p&typeid=i","cat":324846},{"id":26223,"n":"Sauce Sacla'Italia Arrabbiata - 190g","p":1.82,"u":"9,58 €/KG","img":"https://fd6-photos.leclercdrive.fr/image.ashx?id=2971413&use=l&cat=p&typeid=i","cat":287599},{"id":26258,"n":"Madeleines coquilles P'tit déli Sachet 600g","p":2.39,"u":"3,98 €/KG","img":"https://fd6-photos.leclercdrive.fr/image.ashx?id=2540948&use=l&cat=p&typeid=i","cat":284492},{"id":26271,"n":"Rôti de porc Tradilège 6 tranches VPF 180g","p":2.38,"u":"13,22 €/KG","img":"https://fd6-photos.leclercdrive.fr/image.ashx?id=2675786&use=l&cat=p&typeid=i","cat":316009},{"id":26298,"n":"Torsades Lustucru 3min - 500g","p":1.35,"u":"2,70 €/KG","img":"https://fd6-photos.leclercdrive.fr/image.ashx?id=2276099&use=l&cat=p&typeid=i","cat":284427},{"id":26303,"n":"Céréales Corn Flakes Eco+ sucrés - 750g","p":2.13,"u":"2,84 €/KG","img":"https://fd6-photos.leclercdrive.fr/image.ashx?id=2699099&use=l&cat=p&typeid=i","cat":309513},{"id":26308,"n":"Boisson énergisante Red Bull 355ml","p":1.6,"u":"4,51 €/L","img":"https://fd6-photos.leclercdrive.fr/image.ashx?id=3011980&use=l&cat=p&typeid=i","cat":284533},{"id":26309,"n":"Boîte chat Whiskas  Gelée mer & campagne - 8x400g","p":9.57,"u":"3,07 €/KG","img":"https://fd6-photos.leclercdrive.fr/image.ashx?id=2759628&use=l&cat=p&typeid=i","cat":285601},{"id":26310,"n":"Cornichons Kühne Aigre doux - 360g","p":2.29,"u":"6,36 €/KG","img":"https://fd6-photos.leclercdrive.fr/image.ashx?id=2550925&use=l&cat=p&typeid=i","cat":284458},{"id":26316,"n":"Mini-crêpes fourrées Tokapi Bacon - 65g","p":1.9,"u":"29,23 €/KG","img":"https://fd6-photos.leclercdrive.fr/image.ashx?id=2853886&use=l&cat=p&typeid=i","cat":297000},{"id":26319,"n":"Noix de cajou Tokapi Sans sel ajouté - 125g","p":1.79,"u":"14,32 €/KG","img":"https://fd6-photos.leclercdrive.fr/image.ashx?id=2794000&use=l&cat=p&typeid=i","cat":284448},{"id":26320,"n":"Oignons frits snack Kühne Boîte -  100g","p":1.37,"u":"13,70 €/KG","img":"https://fd6-photos.leclercdrive.fr/image.ashx?id=2447079&use=l&cat=p&typeid=i","cat":298297},{"id":26323,"n":"Soda Jean's Cola Canette - 12x15cl","p":3.75,"u":"2,08 €/L","img":"https://fd6-photos.leclercdrive.fr/image.ashx?id=2637895&use=l&cat=p&typeid=i","cat":284530},{"id":26361,"n":"Levure super active Vahiné Spécial pain sachet 6x27.6g","p":1.22,"u":"7,26 €/KG","img":"https://fd6-photos.leclercdrive.fr/image.ashx?id=2606259&use=l&cat=p&typeid=i","cat":294686},{"id":26376,"n":"Pepites de chocolat au lait Vahiné - 100g","p":2.26,"u":"22,60 €/KG","img":"https://fd6-photos.leclercdrive.fr/image.ashx?id=2983243&use=l&cat=p&typeid=i","cat":284504},{"id":26377,"n":"Pépites Vahiné Chocolat chunks - 100g","p":2.79,"u":"27,90 €/KG","img":"https://fd6-photos.leclercdrive.fr/image.ashx?id=2606262&use=l&cat=p&typeid=i","cat":284504},{"id":26384,"n":"Pépites Vahiné Chocolat noir 200g","p":3.92,"u":"19,60 €/KG","img":"https://fd6-photos.leclercdrive.fr/image.ashx?id=2606265&use=l&cat=p&typeid=i","cat":284504},{"id":26398,"n":"Sucre vanilliné Vahiné 10 sachets 75g","p":0.92,"u":"12,27 €/KG","img":"https://fd6-photos.leclercdrive.fr/image.ashx?id=2490539&use=l&cat=p&typeid=i","cat":294686},{"id":26443,"n":"Liqueur Litchi Yen Li 15%vol. - 70cl","p":7.23,"u":"10,33 €/L","img":"https://fd6-photos.leclercdrive.fr/image.ashx?id=1898904&use=l&cat=p&typeid=i","cat":286032},{"id":26449,"n":"Vin mousseux supérieur Opéra Brut 11%vol 75cl","p":3.08,"u":"4,11 €/L","img":"https://fd6-photos.leclercdrive.fr/image.ashx?id=2971999&use=l&cat=p&typeid=i","cat":284544},{"id":26453,"n":"Eau gazeuse Cristaline 6x50cl","p":1.47,"u":"0,49 €/L","img":"https://fd6-photos.leclercdrive.fr/image.ashx?id=2694605&use=l&cat=p&typeid=i","cat":284536},{"id":26457,"n":"Bière blonde Abbaye Alveringem 6.2%vol. - 6x25cl","p":3.4,"u":"2,27 €/L","img":"https://fd6-photos.leclercdrive.fr/image.ashx?id=2637892&use=l&cat=p&typeid=i","cat":334852},{"id":26458,"n":"Armagnac Duc de Borzac VSOP - 40%vol. - 70cl","p":27.12,"u":"38,74 €/L","img":"https://fd6-photos.leclercdrive.fr/image.ashx?id=1648332&use=l&cat=p&typeid=i","cat":286032},{"id":26461,"n":"Lait sans lactose Délisse UHT Bouteille -  1L","p":1.25,"u":"1,25 €/L","img":"https://fd6-photos.leclercdrive.fr/image.ashx?id=2610217&use=l&cat=p&typeid=i","cat":317169},{"id":26464,"n":"Steak haché 5% MG Bio Village Bio 2x100g","p":4.59,"u":"22,95 €/KG","img":"https://fd6-photos.leclercdrive.fr/image.ashx?id=2951338&use=l&cat=p&typeid=i","cat":284332},{"id":26484,"n":"Croquette chat stérilisé Ultima  Poulet - 3kg","p":11.59,"u":"3,86 €/KG","img":"https://fd6-photos.leclercdrive.fr/image.ashx?id=2918886&use=l&cat=p&typeid=i","cat":284680},{"id":26494,"n":"Pizza Merveillosa Turini Thon - 355g","p":2.26,"u":"6,37 €/KG","img":"https://fd6-photos.leclercdrive.fr/image.ashx?id=2815238&use=l&cat=p&typeid=i","cat":284256},{"id":26512,"n":"Fromage blanc Délisse Fraise 5.5%MG - 500g","p":2.55,"u":"5,10 €/KG","img":"https://fd6-photos.leclercdrive.fr/image.ashx?id=3009514&use=l&cat=p&typeid=i","cat":284409},{"id":26562,"n":"Lait sans lactose Délisse UHT Bouteille -  6x1L","p":7.5,"u":"1,25 €/L","img":"https://fd6-photos.leclercdrive.fr/image.ashx?id=2366292&use=l&cat=p&typeid=i","cat":317169},{"id":26565,"n":"Lait Croissance Bio Village bio 10 à 36 mois - 6x1L","p":9.99,"u":"1,67 €/L","img":"https://fd6-photos.leclercdrive.fr/image.ashx?id=2802032&use=l&cat=p&typeid=i","cat":284728},{"id":26586,"n":"Fromage blanc Déli'light Vanille 0%MG - 8x100g","p":2.66,"u":"3,33 €/KG","img":"https://fd6-photos.leclercdrive.fr/image.ashx?id=2043352&use=l&cat=p&typeid=i","cat":315000},{"id":26611,"n":"Sel moulu Le Guérandais Tradition - 250g","p":1.81,"u":"7,24 €/KG","img":"https://fd6-photos.leclercdrive.fr/image.ashx?id=1954622&use=l&cat=p&typeid=i","cat":284457},{"id":26647,"n":"Chair à saucisses porc Férial 400g","p":3.49,"u":"8,73 €/KG","img":"https://fd6-photos.leclercdrive.fr/image.ashx?id=2953308&use=l&cat=p&typeid=i","cat":284332},{"id":26648,"n":"Couscous Grain Moyen Regia - 500G","p":1.38,"u":"2,76 €/KG","img":"https://fd6-photos.leclercdrive.fr/image.ashx?id=2870206&use=l&cat=p&typeid=i","cat":284429},{"id":26649,"n":"Cacahuètes Benenuts-Twinuts Nature Sel - 150g","p":1.08,"u":"7,20 €/KG","img":"https://fd6-photos.leclercdrive.fr/image.ashx?id=2967735&use=l&cat=p&typeid=i","cat":284448},{"id":26659,"n":"Fonds d'artichauts Notre Jardin 210g","p":2.75,"u":"13,10 €/KG","img":"https://fd6-photos.leclercdrive.fr/image.ashx?id=2607921&use=l&cat=p&typeid=i","cat":312611},{"id":26663,"n":"Farine de sarrasin Treblec 1kg","p":2.73,"u":"2,73 €/KG","img":"https://fd6-photos.leclercdrive.fr/image.ashx?id=2734843&use=l&cat=p&typeid=i","cat":284503},{"id":26708,"n":"Cacahuètes Benenuts-Twinuts Bacon Grillé - 150g","p":1.09,"u":"7,27 €/KG","img":"https://fd6-photos.leclercdrive.fr/image.ashx?id=2967738&use=l&cat=p&typeid=i","cat":284448},{"id":26713,"n":"Brownie Brossard Chocolat pépites 285g","p":2.5,"u":"8,77 €/KG","img":"https://fd6-photos.leclercdrive.fr/image.ashx?id=2977492&use=l&cat=p&typeid=i","cat":294776},{"id":26722,"n":"Ratatouille Cuisinée Cassegrain à la Provençale 660g","p":3.63,"u":"5,50 €/KG","img":"https://fd6-photos.leclercdrive.fr/image.ashx?id=2902660&use=l&cat=p&typeid=i","cat":312612},{"id":26725,"n":"Infusion camomille Tiséa 25 sachets - 37,5g","p":0.92,"u":"0,25 €/KG","img":"https://fd6-photos.leclercdrive.fr/image.ashx?id=2441288&use=l&cat=p&typeid=i","cat":293234},{"id":26733,"n":"Dessert végétal au soja Sojasun Nature - 12x100g","p":3.13,"u":"2,61 €/KG","img":"https://fd6-photos.leclercdrive.fr/image.ashx?id=2355665&use=l&cat=p&typeid=i","cat":316071},{"id":26737,"n":"Terreau pour sol Eco  40L","p":2.55,"u":"0,06 €/L","img":"https://fd6-photos.leclercdrive.fr/image.ashx?id=2162132&use=l&cat=p&typeid=i","cat":335919},{"id":26765,"n":"Mayonnaise Rustica A la moutarde de Dijon - 470g","p":1.6,"u":"3,40 €/KG","img":"https://fd6-photos.leclercdrive.fr/image.ashx?id=2954361&use=l&cat=p&typeid=i","cat":298295},{"id":26797,"n":"Compote Douceur du Verger Coupelle pomme fraise - 4x100g","p":1.15,"u":"2,88 €/KG","img":"https://fd6-photos.leclercdrive.fr/image.ashx?id=2663503&use=l&cat=p&typeid=i","cat":284508},{"id":26801,"n":"Langue de boeuf Hénaff Sauce Madère 410g","p":5.59,"u":"13,63 €/KG","img":"https://fd6-photos.leclercdrive.fr/image.ashx?id=2334359&use=l&cat=p&typeid=i","cat":284441},{"id":26808,"n":"Thon blanc entier Connétable Naturel Label Rouge - 120g","p":3.37,"u":"28,08 €/KG","img":"https://fd6-photos.leclercdrive.fr/image.ashx?id=2901935&use=l&cat=p&typeid=i","cat":303867},{"id":26813,"n":"Vin mousseux Opéra Supérieur demi-sec 11%vol 75cl","p":3.08,"u":"4,11 €/L","img":"https://fd6-photos.leclercdrive.fr/image.ashx?id=2911378&use=l&cat=p&typeid=i","cat":284544},{"id":26818,"n":"Boisson base vin rosée Very Pamp Pamplemousse - 75cl","p":2.99,"u":"3,99 €/L","img":"https://fd6-photos.leclercdrive.fr/image.ashx?id=2446629&use=l&cat=p&typeid=i","cat":304569},{"id":26820,"n":"IGP Pays d'Oc rouge Roche Mazet Merlot - BIB 3L","p":10.49,"u":"3,50 €/L","img":"https://fd6-photos.leclercdrive.fr/image.ashx?id=2597387&use=l&cat=p&typeid=i","cat":289560},{"id":26840,"n":"Spray Détachant Vanish  Avant-lavage - 750ml","p":4.38,"u":"5,84 €/L","img":"https://fd6-photos.leclercdrive.fr/image.ashx?id=2963913&use=l&cat=p&typeid=i","cat":284651},{"id":26877,"n":"Crackers Mini pizza Tokapi 85g","p":0.69,"u":"8,12 €/KG","img":"https://fd6-photos.leclercdrive.fr/image.ashx?id=2351232&use=l&cat=p&typeid=i","cat":297000},{"id":26926,"n":"Couches bébé Mots d'Enfants -T3 Ultra confort - 4/9kg - x162","p":19.7,"u":"0,12 €/P","img":"https://fd6-photos.leclercdrive.fr/image.ashx?id=2573987&use=l&cat=p&typeid=i","cat":284737},{"id":26945,"n":"Bâtonnets Trium Noix de coco x4 - 292g","p":2.69,"u":"9,21 €/KG","img":"https://fd6-photos.leclercdrive.fr/image.ashx?id=2767501&use=l&cat=p&typeid=i","cat":284265},{"id":26978,"n":"Chewing-gum menthol Airwaves Eucalyptus s/sucre 5x10","p":2.18,"img":"https://fd6-photos.leclercdrive.fr/image.ashx?id=2355902&use=l&cat=p&typeid=i","cat":304251},{"id":26979,"n":"Chewing-gum Airwaves Cool cassis s/sucre 5x10","p":2.21,"img":"https://fd6-photos.leclercdrive.fr/image.ashx?id=2355905&use=l&cat=p&typeid=i","cat":304251},{"id":26988,"n":"Courgette Eco+ 1kg","p":2.49,"u":"2,49 €/KG","img":"https://fd6-photos.leclercdrive.fr/image.ashx?id=2625689&use=l&cat=p&typeid=i","cat":284352},{"id":26998,"n":"Sachet repas chats Gourmet Les filettines en sauce -12x85g","p":5.51,"u":"5,40 €/KG","img":"https://fd6-photos.leclercdrive.fr/image.ashx?id=2902277&use=l&cat=p&typeid=i","cat":285286},{"id":27026,"n":"Huggies® Little Swimmers® Maxipack Taille 3-4 x20","p":13.5,"u":"0,68 €/P","img":"https://fd6-photos.leclercdrive.fr/image.ashx?id=2844703&use=l&cat=p&typeid=i","cat":290634},{"id":27069,"n":"Sorbet Oasis Multifruits x10 - 400g","p":2.78,"u":"6,95 €/KG","img":"https://fd6-photos.leclercdrive.fr/image.ashx?id=2831924&use=l&cat=p&typeid=i","cat":285250},{"id":27070,"n":"Bâtonnets Oasis Tropical x10 - 400g","p":2.63,"u":"6,58 €/KG","img":"https://fd6-photos.leclercdrive.fr/image.ashx?id=2877829&use=l&cat=p&typeid=i","cat":285250},{"id":27086,"n":"Crème légère fluide UHT Bio Bio Village 15%mg - 3x20cl","p":3.65,"u":"6,08 €/L","img":"https://fd6-photos.leclercdrive.fr/image.ashx?id=2694434&use=l&cat=p&typeid=i","cat":284381},{"id":27087,"n":"Crème entière fluide UHT Bio Bio Village 30% MG - 3x20cl","p":3.96,"u":"6,60 €/L","img":"https://fd6-photos.leclercdrive.fr/image.ashx?id=2496899&use=l&cat=p&typeid=i","cat":284381},{"id":27088,"n":"Glace à l'eau Stick Smicy 5 parfums x20 - 845g","p":2.74,"u":"3,24 €/KG","img":"https://fd6-photos.leclercdrive.fr/image.ashx?id=2073057&use=l&cat=p&typeid=i","cat":285250},{"id":27091,"n":"Mayonnaise Rustica A la moutarde de Dijon - 235g","p":1.14,"u":"4,85 €/KG","img":"https://fd6-photos.leclercdrive.fr/image.ashx?id=2954358&use=l&cat=p&typeid=i","cat":298295},{"id":27093,"n":"Compote Douceur du Verger Coupelle pomme abricot - 4x100g","p":1.19,"u":"2,98 €/KG","img":"https://fd6-photos.leclercdrive.fr/image.ashx?id=2663500&use=l&cat=p&typeid=i","cat":284508},{"id":27096,"n":"Mayonnaise allégée Rustica 450g","p":1.13,"u":"2,51 €/KG","img":"https://fd6-photos.leclercdrive.fr/image.ashx?id=1026709&use=l&cat=p&typeid=i","cat":298295},{"id":27098,"n":"Café moulu Plantation Brésil - 250g","p":3.71,"u":"14,84 €/KG","img":"https://fd6-photos.leclercdrive.fr/image.ashx?id=2607512&use=l&cat=p&typeid=i","cat":284750},{"id":27105,"n":"Corned Beef Hereford 7 Oz  - 200g","p":2.25,"u":"11,25 €/KG","img":"https://fd6-photos.leclercdrive.fr/image.ashx?id=2896943&use=l&cat=p&typeid=i","cat":305149},{"id":27106,"n":"Couches bébé Mots d'Enfants Mini - T2 : 3/6kg - x35 changes","p":5.18,"u":"0,15 €/P","img":"https://fd6-photos.leclercdrive.fr/image.ashx?id=2904568&use=l&cat=p&typeid=i","cat":284737},{"id":27108,"n":"Steak haché 5%mg Férial façon bouchère - 250g","p":4.49,"u":"17,96 €/KG","img":"https://fd6-photos.leclercdrive.fr/image.ashx?id=2903989&use=l&cat=p&typeid=i","cat":284332},{"id":27109,"n":"Steak haché 15mg Férial Façon bouchère - 250g","p":3.99,"u":"15,96 €/KG","img":"https://fd6-photos.leclercdrive.fr/image.ashx?id=2903992&use=l&cat=p&typeid=i","cat":284332},{"id":27114,"n":"Lait céréales Blédidej 12 mois Chocolat - 4x250ml","p":3.48,"u":"3,48 €/L","img":"https://fd6-photos.leclercdrive.fr/image.ashx?id=2921058&use=l&cat=p&typeid=i","cat":312226},{"id":27123,"n":"Petit sucre Beghin Say Morceaux boite - 1kg","p":2.58,"u":"2,58 €/KG","img":"https://fd6-photos.leclercdrive.fr/image.ashx?id=2855100&use=l&cat=p&typeid=i","cat":284502},{"id":27126,"n":"Sucre Beghin Say Saveur vergeoise brune - 500g","p":1.6,"u":"3,20 €/KG","img":"https://fd6-photos.leclercdrive.fr/image.ashx?id=2860178&use=l&cat=p&typeid=i","cat":284502},{"id":27137,"n":"Friandises Picnic Fido Festival 3 variétés  x15  -126g","p":1.54,"u":"12,22 €/KG","img":"https://fd6-photos.leclercdrive.fr/image.ashx?id=2382595&use=l&cat=p&typeid=i","cat":294527},{"id":27139,"n":"Viande hachée tradition Charal 15%MG - 600g","p":11.5,"u":"19,17 €/KG","img":"https://fd6-photos.leclercdrive.fr/image.ashx?id=2014373&use=l&cat=p&typeid=i","cat":284332},{"id":27141,"n":"Bière blonde Saint Omer 4%vol. - 1L","p":1.8,"u":"1,80 €/L","img":"https://fd6-photos.leclercdrive.fr/image.ashx?id=2939334&use=l&cat=p&typeid=i","cat":334873},{"id":27146,"n":"Viande hachée tradition Charal Prêt à cuisiner 20%mg - 600g","p":11.5,"u":"19,17 €/KG","img":"https://fd6-photos.leclercdrive.fr/image.ashx?id=2558954&use=l&cat=p&typeid=i","cat":284332},{"id":27149,"n":"Bonbons Croibleu Sève de pin - 250g","p":2.12,"u":"8,48 €/KG","img":"https://fd6-photos.leclercdrive.fr/image.ashx?id=1640045&use=l&cat=p&typeid=i","cat":304252},{"id":27152,"n":"Graisse à frire de boeuf Sans odeur - 1kg","p":3.48,"u":"3,48 €/KG","img":"https://fd6-photos.leclercdrive.fr/image.ashx?id=1753526&use=l&cat=p&typeid=i","cat":284453},{"id":27158,"n":"Mini Barre Chocolat Lait KitKat x21 barres - 350g","p":4.5,"u":"12,86 €/KG","img":"https://fd6-photos.leclercdrive.fr/image.ashx?id=2762611&use=l&cat=p&typeid=i","cat":284498},{"id":27172,"n":"Boisson lactée allégé Candy'UP Chocolat - 6x20cl","p":2.77,"u":"2,31 €/L","img":"https://fd6-photos.leclercdrive.fr/image.ashx?id=2492148&use=l&cat=p&typeid=i","cat":295246},{"id":27174,"n":"Bière blonde Tripel Karmeliet 8,4% - 75cl","p":4.6,"u":"6,13 €/L","img":"https://fd6-photos.leclercdrive.fr/image.ashx?id=2861180&use=l&cat=p&typeid=i","cat":334872},{"id":27178,"n":"Friandises Fun Tastix Fido Jambon fromage - 150g","p":1.54,"u":"10,27 €/KG","img":"https://fd6-photos.leclercdrive.fr/image.ashx?id=2681212&use=l&cat=p&typeid=i","cat":294527},{"id":27186,"n":"Bière blonde Leffe Triple 8,5% - 75cl","p":3.15,"u":"4,20 €/L","img":"https://fd6-photos.leclercdrive.fr/image.ashx?id=1890049&use=l&cat=p&typeid=i","cat":334852},{"id":27189,"n":"Cornichons Kühne Spécial Sandwich - 185g","p":2.04,"u":"11,03 €/KG","img":"https://fd6-photos.leclercdrive.fr/image.ashx?id=2058418&use=l&cat=p&typeid=i","cat":284458},{"id":27207,"n":"Eau minérale naturelle St Amand Gazeuse - 6x1L","p":2.65,"u":"0,44 €/L","img":"https://fd6-photos.leclercdrive.fr/image.ashx?id=2549606&use=l&cat=p&typeid=i","cat":284536},{"id":27213,"n":"Pain boulot coupé  500g","p":1.25,"u":"2,50 €/KG","img":"https://fd6-photos.leclercdrive.fr/image.ashx?id=612526&use=l&cat=p&typeid=i","cat":284359},{"id":27214,"n":"Bière blonde Triple Karmeliet 33cl","p":2.14,"u":"6,48 €/L","img":"https://fd6-photos.leclercdrive.fr/image.ashx?id=1875926&use=l&cat=p&typeid=i","cat":334872},{"id":27228,"n":"Couches bébé Mots d'Enfants Ecologique - T3 : 4/9kg - x36","p":8.99,"u":"0,25 €/P","img":"https://fd6-photos.leclercdrive.fr/image.ashx?id=2914258&use=l&cat=p&typeid=i","cat":284737},{"id":27229,"n":"Couches bébé Mots d'Enfants Ecologique - T4 : 7/18kg - x32","p":8.99,"u":"0,28 €/P","img":"https://fd6-photos.leclercdrive.fr/image.ashx?id=2904562&use=l&cat=p&typeid=i","cat":284737},{"id":27230,"n":"Couches bébé Mots d'Enfants Ecologique - T5 : 11/25kg - x28","p":9.29,"u":"0,33 €/P","img":"https://fd6-photos.leclercdrive.fr/image.ashx?id=2904565&use=l&cat=p&typeid=i","cat":284737},{"id":27260,"n":"Profiteroles La Laitière Chocolat - 4x90g","p":3.08,"u":"8,56 €/KG","img":"https://fd6-photos.leclercdrive.fr/image.ashx?id=3007981&use=l&cat=p&typeid=i","cat":284419},{"id":27284,"n":"Gingembre Barquette   250g","p":4.05,"u":"16,20 €/KG","img":"https://fd6-photos.leclercdrive.fr/image.ashx?id=1631979&use=l&cat=p&typeid=i","cat":284352},{"id":27292,"n":"Melon Galia  1p","p":3.15,"img":"https://fd6-photos.leclercdrive.fr/image.ashx?id=1700974&use=l&cat=p&typeid=i","cat":284356},{"id":27367,"n":"Vin d'Union Européenne blanc François D'Aubigné - 75 cl","p":1.49,"u":"1,99 €/L","img":"https://fd6-photos.leclercdrive.fr/image.ashx?id=2721565&use=l&cat=p&typeid=i","cat":289557},{"id":27372,"n":"Adoucissant Hyperdou Douceur pêche - 3x250ml","p":1.24,"u":"1,65 €/L","img":"https://fd6-photos.leclercdrive.fr/image.ashx?id=2657208&use=l&cat=p&typeid=i","cat":284650},{"id":27377,"n":"Cordons bleus Isla Délice Halal - x4 400g","p":3.63,"u":"9,08 €/KG","img":"https://fd6-photos.leclercdrive.fr/image.ashx?id=2249689&use=l&cat=p&typeid=i","cat":319780},{"id":27379,"n":"Steak haché Isla Délice 80% pur boeuf Halal - 800g","p":10.47,"u":"13,09 €/KG","img":"https://fd6-photos.leclercdrive.fr/image.ashx?id=1583297&use=l&cat=p&typeid=i","cat":319778},{"id":27382,"n":"Nuggets Isla Délice Halal - 400g","p":3.33,"u":"8,33 €/KG","img":"https://fd6-photos.leclercdrive.fr/image.ashx?id=2256104&use=l&cat=p&typeid=i","cat":319780},{"id":27398,"n":"Saucisse Isla Délice Halal - Goût volaille - 500g","p":2.25,"u":"4,50 €/KG","img":"https://fd6-photos.leclercdrive.fr/image.ashx?id=1989117&use=l&cat=p&typeid=i","cat":316013},{"id":27434,"n":"Coupelles Pêches DDV Sirop léger - 4x70 g","p":2.49,"u":"8,89 €/KG","img":"https://fd6-photos.leclercdrive.fr/image.ashx?id=2100784&use=l&cat=p&typeid=i","cat":284507},{"id":27454,"n":"Maïs Notre Jardin Croquant - 3x140g","p":1.83,"u":"4,36 €/KG","img":"https://fd6-photos.leclercdrive.fr/image.ashx?id=2988051&use=l&cat=p&typeid=i","cat":312611},{"id":27487,"n":"Dés Salakis basilic Fromage brebis - 300g","p":3.5,"u":"11,67 €/KG","img":"https://fd6-photos.leclercdrive.fr/image.ashx?id=2729695&use=l&cat=p&typeid=i","cat":314026},{"id":27523,"n":"Colin d'Alaska Pêche Océan À la parisienne - MSC - 400g","p":2.79,"u":"6,98 €/KG","img":"https://fd6-photos.leclercdrive.fr/image.ashx?id=2930120&use=l&cat=p&typeid=i","cat":319786},{"id":27524,"n":"Colin d'Alaska Côté Table A la provençale - MSC - 400g","p":2.79,"u":"6,98 €/KG","img":"https://fd6-photos.leclercdrive.fr/image.ashx?id=2930123&use=l&cat=p&typeid=i","cat":319786},{"id":27531,"n":"Assortiment exotique Tables du Monde 470g","p":4.79,"u":"10,19 €/KG","img":"https://fd6-photos.leclercdrive.fr/image.ashx?id=1735978&use=l&cat=p&typeid=i","cat":333673},{"id":27563,"n":"Blocs WC 3en1 Syphon Javel + Eau bleue - x2","p":1.5,"u":"0,75 €/P","img":"https://fd6-photos.leclercdrive.fr/image.ashx?id=2637643&use=l&cat=p&typeid=i","cat":284662},{"id":27564,"n":"Blé précuit Comptoir du Grain Sachet cuisson - x4 - 500g","p":1.7,"u":"3,40 €/KG","img":"https://fd6-photos.leclercdrive.fr/image.ashx?id=3012836&use=l&cat=p&typeid=i","cat":284429},{"id":27566,"n":"Ruban adhésif d'emballage Siléa Largeur 50mm x 66 mètres","p":2.84,"img":"https://fd6-photos.leclercdrive.fr/image.ashx?id=2162345&use=l&cat=p&typeid=i","cat":300576},{"id":27567,"n":"Ruban adhésif double face Siléa Largeur 50mm x 25 mètres","p":6.5,"img":"https://fd6-photos.leclercdrive.fr/image.ashx?id=2162351&use=l&cat=p&typeid=i","cat":300576},{"id":27576,"n":"Barres céréales Special K Kellogg's Fruits rouges 6x21,5g","p":2.14,"u":"16,59 €/KG","img":"https://fd6-photos.leclercdrive.fr/image.ashx?id=3003176&use=l&cat=p&typeid=i","cat":285869},{"id":27709,"n":"Dentifrice Dentamyl Soin complet sensitive 75ml","p":0.92,"u":"12,27 €/L","img":"https://fd6-photos.leclercdrive.fr/image.ashx?id=2489119&use=l&cat=p&typeid=i","cat":284612},{"id":27721,"n":"Emmental Les Croisés En tranches - 200g","p":1.94,"u":"9,70 €/KG","img":"https://fd6-photos.leclercdrive.fr/image.ashx?id=2436317&use=l&cat=p&typeid=i","cat":314028},{"id":27754,"n":"Cahier Koverbook Clairefontaine Rouge - 24x32cm - 96p","p":4.7,"img":"https://fd6-photos.leclercdrive.fr/image.ashx?id=1874258&use=l&cat=p&typeid=i","cat":284697},{"id":27798,"n":"Bière ambrée corse Pietra 6° - 75cl","p":3.89,"u":"5,19 €/L","img":"https://fd6-photos.leclercdrive.fr/image.ashx?id=2992921&use=l&cat=p&typeid=i","cat":334872},{"id":27834,"n":"Pizza Crousti-moelleuse Marie 4 fromages - 510g","p":3.85,"u":"7,55 €/KG","img":"https://fd6-photos.leclercdrive.fr/image.ashx?id=2996749&use=l&cat=p&typeid=i","cat":284256},{"id":27925,"n":"AOP Réserve du Président rosé Sciaccrellu - 75cl","p":5.6,"u":"7,47 €/L","img":"https://fd6-photos.leclercdrive.fr/image.ashx?id=2093463&use=l&cat=p&typeid=i","cat":289558},{"id":27941,"n":"Cotons Duo Démaquillants Inell Disques x110","p":0.97,"img":"https://fd6-photos.leclercdrive.fr/image.ashx?id=1709588&use=l&cat=p&typeid=i","cat":285593},{"id":27961,"n":"Poulet basquaise Marie Riz à la tomate - 900g","p":4.88,"u":"5,42 €/KG","img":"https://fd6-photos.leclercdrive.fr/image.ashx?id=2996779&use=l&cat=p&typeid=i","cat":284254},{"id":27976,"n":"Eau minérale naturelle Vittel 8x33cl","p":2.63,"u":"1,00 €/L","img":"https://fd6-photos.leclercdrive.fr/image.ashx?id=3000423&use=l&cat=p&typeid=i","cat":284535},{"id":27977,"n":"Eau minérale naturelle Vittel 6x50cl","p":2.43,"u":"0,81 €/L","img":"https://fd6-photos.leclercdrive.fr/image.ashx?id=2999850&use=l&cat=p&typeid=i","cat":284535},{"id":28021,"n":"Dentifrice enfant Dentamyl Gel fraise - 75ml","p":1.25,"u":"16,67 €/L","img":"https://fd6-photos.leclercdrive.fr/image.ashx?id=2613831&use=l&cat=p&typeid=i","cat":288898},{"id":28023,"n":"Duo céréales Comptoir du Grain  Quinoa et Boulgour - 400g","p":2.05,"u":"5,13 €/KG","img":"https://fd6-photos.leclercdrive.fr/image.ashx?id=3012830&use=l&cat=p&typeid=i","cat":284429},{"id":28028,"n":"Recharge power tabs Rubson Lot de 4","p":19.9,"u":"4,98 €/P","img":"https://fd6-photos.leclercdrive.fr/image.ashx?id=1971365&use=l&cat=p&typeid=i","cat":300576},{"id":28076,"n":"AOP Madiran rouge Terroirs de Tilhet - 75cl","p":5.25,"pp":3.46,"u":"4,61 €/L","img":"https://fd6-photos.leclercdrive.fr/image.ashx?id=2996830&use=l&cat=p&typeid=i","cat":289556},{"id":28078,"n":"Coton bébé Mots d'Enfants Duo maxi carrés - x80","p":1.79,"u":"0,02 €/P","img":"https://fd6-photos.leclercdrive.fr/image.ashx?id=1947722&use=l&cat=p&typeid=i","cat":284739},{"id":28083,"n":"Maïs Notre Jardin Tendre  - 2x300g","p":1.88,"u":"3,13 €/KG","img":"https://fd6-photos.leclercdrive.fr/image.ashx?id=3005661&use=l&cat=p&typeid=i","cat":312611},{"id":28099,"n":"Eau minérale gazeuse St Diery Naturelle - 6x1,25L","p":2.16,"u":"0,29 €/L","img":"https://fd6-photos.leclercdrive.fr/image.ashx?id=2863075&use=l&cat=p&typeid=i","cat":284536},{"id":28104,"n":"IGP Pays d'Oc Merlot vin rosé Vieux Carion 12.5% vol -75 cl","p":2.25,"u":"3,00 €/L","img":"https://fd6-photos.leclercdrive.fr/image.ashx?id=2903962&use=l&cat=p&typeid=i","cat":289558},{"id":28203,"n":"Fromage : Le Carré Les Croisés 23%mg - 230g","p":1.92,"u":"8,35 €/KG","img":"https://fd6-photos.leclercdrive.fr/image.ashx?id=2974801&use=l&cat=p&typeid=i","cat":314033},{"id":28209,"n":"Noix de cajou grillées Tokapi Salées - 125g","p":1.48,"u":"11,84 €/KG","img":"https://fd6-photos.leclercdrive.fr/image.ashx?id=2839821&use=l&cat=p&typeid=i","cat":284448},{"id":28211,"n":"Pistaches Tokapi Grillées et salées - 125g","p":1.85,"u":"14,80 €/KG","img":"https://fd6-photos.leclercdrive.fr/image.ashx?id=2795550&use=l&cat=p&typeid=i","cat":284448},{"id":28216,"n":"Café en grains Bio Village Bio 100% arabica - 250g","p":4.51,"u":"18,04 €/KG","img":"https://fd6-photos.leclercdrive.fr/image.ashx?id=1470434&use=l&cat=p&typeid=i","cat":293237},{"id":28217,"n":"Pain d'épices bio Bio Village Miel - Pré-tranché - 300g","p":1.65,"u":"5,50 €/KG","img":"https://fd6-photos.leclercdrive.fr/image.ashx?id=769642&use=l&cat=p&typeid=i","cat":284493},{"id":28226,"n":"Cotons Duo Démaquillants Inell Duo ovale - Disques x70","p":1.56,"img":"https://fd6-photos.leclercdrive.fr/image.ashx?id=1709940&use=l&cat=p&typeid=i","cat":285593},{"id":28227,"n":"Tablette bio Bio Village Chocolat au lait - 100g","p":1.76,"u":"17,60 €/KG","img":"https://fd6-photos.leclercdrive.fr/image.ashx?id=2791057&use=l&cat=p&typeid=i","cat":284497},{"id":28229,"n":"Gaufres au miel bio Bio Village 175g","p":1.81,"u":"10,34 €/KG","img":"https://fd6-photos.leclercdrive.fr/image.ashx?id=2652743&use=l&cat=p&typeid=i","cat":294777},{"id":28241,"n":"Savon mains en crème Manava Lait et miel - 300ml","p":1.05,"u":"3,50 €/L","img":"https://fd6-photos.leclercdrive.fr/image.ashx?id=2935486&use=l&cat=p&typeid=i","cat":284597},{"id":28260,"n":"Beignets chocolat x10   750g","p":5.99,"u":"7,99 €/KG","img":"https://fd6-photos.leclercdrive.fr/image.ashx?id=2534427&use=l&cat=p&typeid=i","cat":284984},{"id":28269,"n":"Sacs congélation Eco+ Moyen modèle - x75","p":1.71,"u":"0,02 €/P","img":"https://fd6-photos.leclercdrive.fr/image.ashx?id=2558748&use=l&cat=p&typeid=i","cat":334134},{"id":28270,"n":"Cheeseburger Charal Snack 4x145g","p":8.48,"u":"14,62 €/KG","img":"https://fd6-photos.leclercdrive.fr/image.ashx?id=2516098&use=l&cat=p&typeid=i","cat":333671},{"id":28308,"n":"Paëlla Royale Côté Table Poulet, moule et chorizo 940g","p":3.69,"u":"3,93 €/KG","img":"https://fd6-photos.leclercdrive.fr/image.ashx?id=2977873&use=l&cat=p&typeid=i","cat":325094},{"id":28311,"n":"Liqueur Grand Marnier Orange & Cognac - 40%vol - 70cl","p":20.03,"u":"28,61 €/L","img":"https://fd6-photos.leclercdrive.fr/image.ashx?id=3007909&use=l&cat=p&typeid=i","cat":286032},{"id":28323,"n":"Mayonnaise à l'ancienne Rustica 235g","p":1.28,"u":"5,45 €/KG","img":"https://fd6-photos.leclercdrive.fr/image.ashx?id=2954364&use=l&cat=p&typeid=i","cat":298295},{"id":28344,"n":"Olives vertes La Ciota Farcies poivrons - 120g","p":1.8,"u":"15,00 €/KG","img":"https://fd6-photos.leclercdrive.fr/image.ashx?id=2296584&use=l&cat=p&typeid=i","cat":284458},{"id":28368,"n":"Tablette de chocolat Equador Noir fleur de sel 100g","p":1.42,"u":"14,20 €/KG","img":"https://fd6-photos.leclercdrive.fr/image.ashx?id=2660565&use=l&cat=p&typeid=i","cat":284956},{"id":28384,"n":"Patate douce Sachet 1kg","p":2.75,"u":"2,75 €/KG","img":"https://fd6-photos.leclercdrive.fr/image.ashx?id=1632578&use=l&cat=p&typeid=i","cat":284352},{"id":28415,"n":"Colin d'Alaska Pêche Océan À la moutarde - MSC - 400g","p":2.99,"u":"7,48 €/KG","img":"https://fd6-photos.leclercdrive.fr/image.ashx?id=2930117&use=l&cat=p&typeid=i","cat":319786},{"id":28419,"n":"Lingettes anti-transfert Texil Tous textiles x25","p":2.32,"u":"0,09 €/P","img":"https://fd6-photos.leclercdrive.fr/image.ashx?id=2964571&use=l&cat=p&typeid=i","cat":290450},{"id":28422,"n":"Choucroute d'Alsace NRT 920g","p":6.87,"u":"7,47 €/KG","img":"https://fd6-photos.leclercdrive.fr/image.ashx?id=2723243&use=l&cat=p&typeid=i","cat":333666},{"id":28423,"n":"Choucroute d'Alsace NRT 370g","p":3.04,"u":"8,22 €/KG","img":"https://fd6-photos.leclercdrive.fr/image.ashx?id=2723246&use=l&cat=p&typeid=i","cat":333665},{"id":28432,"n":"Jus d'ananas Eco + Brique 1L","p":1.57,"u":"1,57 €/L","img":"https://fd6-photos.leclercdrive.fr/image.ashx?id=2595074&use=l&cat=p&typeid=i","cat":284916},{"id":28594,"n":"Soupe instantanée Royco  Crème d'asperges - 4x200ml","p":1.64,"u":"2,05 €/L","img":"https://fd6-photos.leclercdrive.fr/image.ashx?id=2650982&use=l&cat=p&typeid=i","cat":293527},{"id":28596,"n":"Soupe instantanée Royco  Crème de volaille - 4x200ml","p":1.42,"u":"1,78 €/L","img":"https://fd6-photos.leclercdrive.fr/image.ashx?id=2376413&use=l&cat=p&typeid=i","cat":293527},{"id":28614,"n":"Pur jus d'orange Eco+ Brique - 1L","p":1.87,"u":"1,87 €/L","img":"https://fd6-photos.leclercdrive.fr/image.ashx?id=2275712&use=l&cat=p&typeid=i","cat":284521},{"id":28710,"n":"Lingettes Mots d'Enfants Bio Bébé - x72 lingettes","p":2.53,"u":"0,04 €/P","img":"https://fd6-photos.leclercdrive.fr/image.ashx?id=2856504&use=l&cat=p&typeid=i","cat":284738},{"id":28713,"n":"Tablettes anti-calcaire Calgon 4 en 1 x17 - 221g","p":4.06,"u":"18,37 €/KG","img":"https://fd6-photos.leclercdrive.fr/image.ashx?id=2953761&use=l&cat=p&typeid=i","cat":284653},{"id":28715,"n":"Gel Toilette Intime Fraîcheur Intima Natural Aloe Vera 200ml","p":3.08,"u":"15,40 €/L","img":"https://fd6-photos.leclercdrive.fr/image.ashx?id=2959862&use=l&cat=p&typeid=i","cat":284627},{"id":28723,"n":"Bonbons Confiséo Caramel enrobés chocolat 280g","p":2.01,"u":"7,18 €/KG","img":"https://fd6-photos.leclercdrive.fr/image.ashx?id=2934688&use=l&cat=p&typeid=i","cat":304250},{"id":28724,"n":"Nettoyant écologique Uni Vert Spécial Vitres - 750ml","p":1.79,"u":"2,39 €/L","img":"https://fd6-photos.leclercdrive.fr/image.ashx?id=2370993&use=l&cat=p&typeid=i","cat":325363},{"id":28725,"n":"Nettoyant écologique Uni Vert Spécial Vitres - 750ml","p":1.47,"u":"1,96 €/L","img":"https://fd6-photos.leclercdrive.fr/image.ashx?id=2372341&use=l&cat=p&typeid=i","cat":325363},{"id":28727,"n":"Tablettes anti-calcaire Calgon  4 en 1 - x48","p":9.56,"u":"15,32 €/KG","img":"https://fd6-photos.leclercdrive.fr/image.ashx?id=2954881&use=l&cat=p&typeid=i","cat":284653},{"id":28730,"n":"Bain moussant Manava Vanille et ambre 500ml","p":2.14,"u":"4,28 €/L","img":"https://fd6-photos.leclercdrive.fr/image.ashx?id=2618326&use=l&cat=p&typeid=i","cat":284594},{"id":28753,"n":"Café Soluble Nescafé Cappuccino Café Viennois - 306g","p":4.72,"u":"15,42 €/KG","img":"https://fd6-photos.leclercdrive.fr/image.ashx?id=2874087&use=l&cat=p&typeid=i","cat":284843},{"id":28755,"n":"Beurre Bio Président Doux - 82% MG - 250g","p":3.66,"u":"14,64 €/KG","img":"https://fd6-photos.leclercdrive.fr/image.ashx?id=2545993&use=l&cat=p&typeid=i","cat":284379},{"id":28803,"n":"After Eight Chocolat Noël Nuit de Londres - 400g","p":6.61,"u":"16,53 €/KG","img":"https://fd6-photos.leclercdrive.fr/image.ashx?id=2918373&use=l&cat=p&typeid=i","cat":327595},{"id":28809,"n":"Pain burger géant Epi d'Or Nature x4 - 330g","p":0.87,"u":"2,64 €/KG","img":"https://fd6-photos.leclercdrive.fr/image.ashx?id=1861089&use=l&cat=p&typeid=i","cat":325067},{"id":28827,"n":"Chili con carne Côté Table Au piment de Cayenne - 820g","p":3.24,"u":"3,95 €/KG","img":"https://fd6-photos.leclercdrive.fr/image.ashx?id=2977156&use=l&cat=p&typeid=i","cat":325094},{"id":28828,"n":"Pâtes fraîches Turini Gnocchi 380g","p":1.09,"u":"2,87 €/KG","img":"https://fd6-photos.leclercdrive.fr/image.ashx?id=2254526&use=l&cat=p&typeid=i","cat":333682},{"id":28831,"n":"Cookies Méga pépites P'tit Déli Choco amandes caramelisées 184g","p":1.51,"u":"8,21 €/KG","img":"https://fd6-photos.leclercdrive.fr/image.ashx?id=2116128&use=l&cat=p&typeid=i","cat":325066},{"id":28832,"n":"Cookies Méga pépites P'tit Déli Chocolat 184g","p":1.51,"u":"8,21 €/KG","img":"https://fd6-photos.leclercdrive.fr/image.ashx?id=2722814&use=l&cat=p&typeid=i","cat":325066},{"id":28856,"n":"Pain burger Epi d'Or Géant complet x4 - 330g","p":0.97,"u":"2,94 €/KG","img":"https://fd6-photos.leclercdrive.fr/image.ashx?id=2984661&use=l&cat=p&typeid=i","cat":325067},{"id":28860,"n":"Pain de mie Epi d'or Complet - Spécial mie - 500g","p":1.47,"u":"2,94 €/KG","img":"https://fd6-photos.leclercdrive.fr/image.ashx?id=3012839&use=l&cat=p&typeid=i","cat":284477},{"id":28861,"n":"Pain de mie Epi d'Or Spécial mie - Nature - 500g","p":1.49,"u":"2,98 €/KG","img":"https://fd6-photos.leclercdrive.fr/image.ashx?id=2807294&use=l&cat=p&typeid=i","cat":284477},{"id":28864,"n":"Cassoulet au confit canard NRT - 300g","p":2.97,"u":"9,90 €/KG","img":"https://fd6-photos.leclercdrive.fr/image.ashx?id=2791926&use=l&cat=p&typeid=i","cat":284953},{"id":28866,"n":"Coq au vin et ses torsades NRT 300g","p":2.61,"u":"8,70 €/KG","img":"https://fd6-photos.leclercdrive.fr/image.ashx?id=2723240&use=l&cat=p&typeid=i","cat":284953},{"id":28867,"n":"Foie gras canard IGP perigord NRT Entier - 125g","p":12.5,"u":"100,00 €/KG","img":"https://fd6-photos.leclercdrive.fr/image.ashx?id=2753514&use=l&cat=p&typeid=i","cat":305148},{"id":28869,"n":"Parmentier canard Sud Ouest NRT - 300g","p":2.99,"u":"9,97 €/KG","img":"https://fd6-photos.leclercdrive.fr/image.ashx?id=2925210&use=l&cat=p&typeid=i","cat":284953},{"id":28872,"n":"Saucisses de Toulouse lentilles NRT - 300g","p":2.36,"u":"7,87 €/KG","img":"https://fd6-photos.leclercdrive.fr/image.ashx?id=2723234&use=l&cat=p&typeid=i","cat":284953},{"id":28874,"n":"Thon blanc Bretagne NRT Nature - 160g","p":2.69,"u":"16,81 €/KG","img":"https://fd6-photos.leclercdrive.fr/image.ashx?id=2775445&use=l&cat=p&typeid=i","cat":303867},{"id":28900,"n":"Clémentines fines de Corse IGP  1kg","p":4.99,"u":"4,99 €/KG","img":"https://fd6-photos.leclercdrive.fr/image.ashx?id=1629034&use=l&cat=p&typeid=i","cat":284356},{"id":28938,"n":"Velouté bio Bio Village Légumes variés  - 1L","p":2.06,"u":"2,06 €/L","img":"https://fd6-photos.leclercdrive.fr/image.ashx?id=2133954&use=l&cat=p&typeid=i","cat":284462},{"id":28941,"n":"Potage gourmand Régal Soupe Légumes et fromage fondu - 1L","p":2.42,"u":"2,42 €/L","img":"https://fd6-photos.leclercdrive.fr/image.ashx?id=2607524&use=l&cat=p&typeid=i","cat":284462},{"id":28966,"n":"Liqueur Malibu Coco 18% vol - 70cl","p":10.31,"u":"14,73 €/L","img":"https://fd6-photos.leclercdrive.fr/image.ashx?id=2993481&use=l&cat=p&typeid=i","cat":284551},{"id":28970,"n":"Oeufs de lompe Ronde des Mers MSC - 2x100g","p":4.49,"u":"22,45 €/KG","img":"https://fd6-photos.leclercdrive.fr/image.ashx?id=2456144&use=l&cat=p&typeid=i","cat":285191},{"id":28974,"n":"Saumon fumé MSC Sauvage Ronde des Mers x4T - 120g","p":6.65,"u":"55,42 €/KG","img":"https://fd6-photos.leclercdrive.fr/image.ashx?id=2837692&use=l&cat=p&typeid=i","cat":285188},{"id":28996,"n":"Mayonnaise de Dijon AMORA 235g","p":1.96,"u":"8,34 €/KG","img":"https://fd6-photos.leclercdrive.fr/image.ashx?id=2946649&use=l&cat=p&typeid=i","cat":298295},{"id":28997,"n":"Mayonnaise de Dijon Amora 235g","p":1.52,"u":"6,47 €/KG","img":"https://fd6-photos.leclercdrive.fr/image.ashx?id=2877208&use=l&cat=p&typeid=i","cat":298295},{"id":28999,"n":"Mayonnaise de Dijon Amora Sans conservateur  - 415g","p":2.24,"u":"5,40 €/KG","img":"https://fd6-photos.leclercdrive.fr/image.ashx?id=2964207&use=l&cat=p&typeid=i","cat":298295},{"id":29000,"n":"Mayonnaise de Dijon Amora 710g","p":3.25,"u":"4,58 €/KG","img":"https://fd6-photos.leclercdrive.fr/image.ashx?id=2598672&use=l&cat=p&typeid=i","cat":298295},{"id":29006,"n":"Escargots préparés Eco+ Recette bourguignonne - 89g","p":2.99,"u":"33,60 €/KG","img":"https://fd6-photos.leclercdrive.fr/image.ashx?id=2794758&use=l&cat=p&typeid=i","cat":319775},{"id":29009,"n":"Bûche glacée Eskiss Façon dame blanche - 530g","p":3.75,"u":"7,08 €/KG","img":"https://fd6-photos.leclercdrive.fr/image.ashx?id=2791293&use=l&cat=p&typeid=i","cat":284266},{"id":29013,"n":"Foie gras canard IGP Périgord Entier NRT - 125g","p":12.5,"u":"100,00 €/KG","img":"https://fd6-photos.leclercdrive.fr/image.ashx?id=2743876&use=l&cat=p&typeid=i","cat":316008},{"id":29032,"n":"Chips Bret's Poulet braisé - 125g","p":1.17,"u":"9,36 €/KG","img":"https://fd6-photos.leclercdrive.fr/image.ashx?id=1927788&use=l&cat=p&typeid=i","cat":284447},{"id":29044,"n":"Cerneaux de noix Tablier Blanc 50g","p":1.3,"u":"26,00 €/KG","img":"https://fd6-photos.leclercdrive.fr/image.ashx?id=2460607&use=l&cat=p&typeid=i","cat":323809},{"id":29045,"n":"Noisettes Tablier Blanc En poudre 125g","p":2.75,"u":"22,00 €/KG","img":"https://fd6-photos.leclercdrive.fr/image.ashx?id=2460598&use=l&cat=p&typeid=i","cat":284504},{"id":29047,"n":"Pignons de pin Tablier Blanc 50g","p":2.39,"u":"47,80 €/KG","img":"https://fd6-photos.leclercdrive.fr/image.ashx?id=2867907&use=l&cat=p&typeid=i","cat":323809},{"id":29048,"n":"Pralin Tablier Blanc 100g","p":1.56,"u":"15,60 €/KG","img":"https://fd6-photos.leclercdrive.fr/image.ashx?id=2460604&use=l&cat=p&typeid=i","cat":284504},{"id":29052,"n":"Cocktail Old Nick Daiquiri 16%vol - 70cl","p":5.48,"u":"7,83 €/L","img":"https://fd6-photos.leclercdrive.fr/image.ashx?id=2999210&use=l&cat=p&typeid=i","cat":284551},{"id":29082,"n":"Cocktail Punch Old Nick Pina Colada 16%vol. - 70cl","p":5.48,"u":"7,83 €/L","img":"https://fd6-photos.leclercdrive.fr/image.ashx?id=2926197&use=l&cat=p&typeid=i","cat":284551},{"id":29095,"n":"Yaourts brassés Délisse Vanille - 8x125g","p":2.65,"u":"2,65 €/KG","img":"https://fd6-photos.leclercdrive.fr/image.ashx?id=2372338&use=l&cat=p&typeid=i","cat":284410},{"id":29116,"n":"Bonbons sans sucres Confiséo Goût réglisse - 150g","p":2.64,"u":"17,60 €/KG","img":"https://fd6-photos.leclercdrive.fr/image.ashx?id=2934703&use=l&cat=p&typeid=i","cat":304250},{"id":29117,"n":"Bonbons sans sucres Confiséo Menthe - 150g","p":1.98,"u":"13,20 €/KG","img":"https://fd6-photos.leclercdrive.fr/image.ashx?id=2934697&use=l&cat=p&typeid=i","cat":304252},{"id":29119,"n":"Potage gourmand Régal Soupe 8 légumes à la crème - 1L","p":1.69,"u":"1,69 €/L","img":"https://fd6-photos.leclercdrive.fr/image.ashx?id=732101&use=l&cat=p&typeid=i","cat":284462},{"id":29128,"n":"Lentilles Raynal et Roquelaure À l'auvergnate - 2x820g","p":3.95,"u":"2,41 €/KG","img":"https://fd6-photos.leclercdrive.fr/image.ashx?id=1625547&use=l&cat=p&typeid=i","cat":312609},{"id":29129,"n":"Bonbons acidulés Confiséo Aux fruits - 400g","p":2.65,"u":"6,63 €/KG","img":"https://fd6-photos.leclercdrive.fr/image.ashx?id=2934706&use=l&cat=p&typeid=i","cat":304252},{"id":29133,"n":"Sacs poubelle Haute 50L Elembal Poignées coulissantes - x15","p":1.94,"u":"0,13 €/P","img":"https://fd6-photos.leclercdrive.fr/image.ashx?id=2958726&use=l&cat=p&typeid=i","cat":285168},{"id":29134,"n":"Mousse coiffante Vitanove Effet boucles - 200ml","p":1.48,"u":"7,40 €/L","img":"https://fd6-photos.leclercdrive.fr/image.ashx?id=2490040&use=l&cat=p&typeid=i","cat":284609},{"id":29144,"n":"Roquefort AOP Baragnaudes Fromage de brebis - 150g","p":4.24,"u":"28,27 €/KG","img":"https://fd6-photos.leclercdrive.fr/image.ashx?id=2729692&use=l&cat=p&typeid=i","cat":314032},{"id":29174,"n":"Lait de douche Manava Pêche de vigne - 250ml","p":0.94,"u":"3,76 €/L","img":"https://fd6-photos.leclercdrive.fr/image.ashx?id=1636779&use=l&cat=p&typeid=i","cat":284594},{"id":29182,"n":"AOC Bordeaux rouge Yvecourt - 75cl","p":3.99,"u":"5,32 €/L","img":"https://fd6-photos.leclercdrive.fr/image.ashx?id=2529297&use=l&cat=p&typeid=i","cat":289556},{"id":29211,"n":"Faluches x2   2x100g","p":1.5,"u":"7,50 €/KG","img":"https://fd6-photos.leclercdrive.fr/image.ashx?id=615172&use=l&cat=p&typeid=i","cat":284359},{"id":29218,"n":"Tarte au sucre  450g","p":4.99,"u":"11,09 €/KG","img":"https://fd6-photos.leclercdrive.fr/image.ashx?id=615183&use=l&cat=p&typeid=i","cat":284360},{"id":29323,"n":"Superlevure Gayelord Hauser Paillettes étui 150g","p":2.93,"u":"19,53 €/KG","img":"https://fd6-photos.leclercdrive.fr/image.ashx?id=2786012&use=l&cat=p&typeid=i","cat":294686},{"id":29334,"n":"Biscuits miel sésame GERBLE  crousti'son - 4x5 200g","p":1.71,"u":"8,55 €/KG","img":"https://fd6-photos.leclercdrive.fr/image.ashx?id=2662280&use=l&cat=p&typeid=i","cat":318651},{"id":29346,"n":"Bière La Goudale de Noël 7.2%vol. - 75cl","p":2.79,"u":"3,72 €/L","img":"https://fd6-photos.leclercdrive.fr/image.ashx?id=2903158&use=l&cat=p&typeid=i","cat":334872},{"id":29347,"n":"Bière he biloute Grain d'Orge Ambree 6.4%vol. - 75cl","p":2.79,"pp":2.09,"u":"2,79 €/L","img":"https://fd6-photos.leclercdrive.fr/image.ashx?id=2917477&use=l&cat=p&typeid=i","cat":334872},{"id":29358,"n":"Pur jus pamplemousse Jafaden Rose - 1L","p":1.67,"u":"1,67 €/L","img":"https://fd6-photos.leclercdrive.fr/image.ashx?id=2869269&use=l&cat=p&typeid=i","cat":284914},{"id":29360,"n":"AOP Cabernet d'Anjou vin rosé Les Caractères - BIB 5L","p":21.49,"u":"4,30 €/L","img":"https://fd6-photos.leclercdrive.fr/image.ashx?id=2913672&use=l&cat=p&typeid=i","cat":289560},{"id":29361,"n":"Sacs poubelle haute 30L Elembal Poignées coulissantes - x25","p":3.23,"u":"0,13 €/P","img":"https://fd6-photos.leclercdrive.fr/image.ashx?id=2958723&use=l&cat=p&typeid=i","cat":285168},{"id":29365,"n":"Boisson à base de vin rosé  pamplemousse Festalie - BIB 3L","p":6.99,"u":"2,33 €/L","img":"https://fd6-photos.leclercdrive.fr/image.ashx?id=2745472&use=l&cat=p&typeid=i","cat":304569},{"id":29368,"n":"Boisson à base de vin blanc saveur pêche Festalie - 75 cl","p":2.75,"u":"3,67 €/L","img":"https://fd6-photos.leclercdrive.fr/image.ashx?id=2774894&use=l&cat=p&typeid=i","cat":304569},{"id":29369,"n":"AOC Côtes du Rhône vin rosé Grégoire XI - BIB 3L","p":9.99,"u":"3,33 €/L","img":"https://fd6-photos.leclercdrive.fr/image.ashx?id=2882322&use=l&cat=p&typeid=i","cat":289560},{"id":29370,"n":"AOP Crémant de Loire brut Les Caractères - 75cl","p":4.99,"u":"6,65 €/L","img":"https://fd6-photos.leclercdrive.fr/image.ashx?id=2898844&use=l&cat=p&typeid=i","cat":284545},{"id":29376,"n":"AOC Crémant de Limoux brut  Prieur Barsanne - 75cl","p":5.39,"u":"7,19 €/L","img":"https://fd6-photos.leclercdrive.fr/image.ashx?id=2709662&use=l&cat=p&typeid=i","cat":284545},{"id":29378,"n":"AOP Côtes du Rhône rouge Bio Rives & Terrasses - 3L","p":13.99,"u":"4,66 €/L","img":"https://fd6-photos.leclercdrive.fr/image.ashx?id=2742626&use=l&cat=p&typeid=i","cat":289560},{"id":29389,"n":"AOC Coteaux d'Aix-en-Provence vin rosé Terres Ocrées - BIB 3L","p":15.99,"u":"5,33 €/L","img":"https://fd6-photos.leclercdrive.fr/image.ashx?id=2704487&use=l&cat=p&typeid=i","cat":289560},{"id":29396,"n":"Mousse coiffante Vitanove Effet volume - 200ml","p":1.48,"u":"7,40 €/L","img":"https://fd6-photos.leclercdrive.fr/image.ashx?id=2490037&use=l&cat=p&typeid=i","cat":284609},{"id":29419,"n":"Tortillas chips Tokapi Nature - 150g","p":0.55,"u":"3,67 €/KG","img":"https://fd6-photos.leclercdrive.fr/image.ashx?id=2647955&use=l&cat=p&typeid=i","cat":287899},{"id":29442,"n":"Boules de graines Pictou x50","p":7.9,"u":"1,76 €/KG","img":"https://fd6-photos.leclercdrive.fr/image.ashx?id=2021661&use=l&cat=p&typeid=i","cat":284678},{"id":29447,"n":"Truite fumée Ronde des mers France 6 tranches - 150g","p":4.95,"u":"33,00 €/KG","img":"https://fd6-photos.leclercdrive.fr/image.ashx?id=2832939&use=l&cat=p&typeid=i","cat":285188},{"id":29493,"n":"Tomato Ketchup Bio Heinz - 580g","p":2.56,"u":"4,41 €/KG","img":"https://fd6-photos.leclercdrive.fr/image.ashx?id=2927726&use=l&cat=p&typeid=i","cat":284455},{"id":29535,"n":"Croûtons Epi d'Or Ail - 2x90g","p":1.19,"u":"6,61 €/KG","img":"https://fd6-photos.leclercdrive.fr/image.ashx?id=2606049&use=l&cat=p&typeid=i","cat":284464},{"id":29570,"n":"Saucisson Petit Justin Bridou  Bâton de Berger Nature - 160g","p":3.43,"u":"21,44 €/KG","img":"https://fd6-photos.leclercdrive.fr/image.ashx?id=2894893&use=l&cat=p&typeid=i","cat":316006},{"id":29701,"n":"Bonbons Confiséo Menthe fraîcheur - 360g","p":1.87,"u":"5,19 €/KG","img":"https://fd6-photos.leclercdrive.fr/image.ashx?id=2934682&use=l&cat=p&typeid=i","cat":304252},{"id":29724,"n":"Escalope de dinde Le Gaulois Milanaise x2 - 240g","p":4.16,"u":"17,33 €/KG","img":"https://fd6-photos.leclercdrive.fr/image.ashx?id=2259652&use=l&cat=p&typeid=i","cat":284337},{"id":29747,"n":"Clémentines à feuilles  Barquette 1kg","p":3.39,"u":"3,39 €/KG","img":"https://fd6-photos.leclercdrive.fr/image.ashx?id=1629043&use=l&cat=p&typeid=i","cat":284356},{"id":29751,"n":"Apéritif Lagoa Cocktail Pêche sans alcool 75cl","p":2.99,"u":"3,99 €/L","img":"https://fd6-photos.leclercdrive.fr/image.ashx?id=2817163&use=l&cat=p&typeid=i","cat":284549},{"id":29753,"n":"Eau gazeuse La Pétillante Citron vert sans sucre - 1L","p":0.4,"u":"0,40 €/L","img":"https://fd6-photos.leclercdrive.fr/image.ashx?id=2669738&use=l&cat=p&typeid=i","cat":284536},{"id":29754,"n":"Eau gazeuse La Pétillante Citron sans sucre - 1L","p":0.4,"u":"0,40 €/L","img":"https://fd6-photos.leclercdrive.fr/image.ashx?id=2590442&use=l&cat=p&typeid=i","cat":284536},{"id":29758,"n":"Tequila San José 35%vol - 70cl","p":15.2,"u":"21,71 €/L","img":"https://fd6-photos.leclercdrive.fr/image.ashx?id=2243143&use=l&cat=p&typeid=i","cat":284550},{"id":29759,"n":"Bière Hoegaarden rosée 3% - 6x25cl","p":4.49,"u":"2,99 €/L","img":"https://fd6-photos.leclercdrive.fr/image.ashx?id=1562515&use=l&cat=p&typeid=i","cat":334878},{"id":29761,"n":"Taboulé Pierre Martinet Au poulet 500g","p":2.34,"u":"4,68 €/KG","img":"https://fd6-photos.leclercdrive.fr/image.ashx?id=2990526&use=l&cat=p&typeid=i","cat":333657},{"id":29764,"n":"Galettes blé noir Bio village Bio x4 - 200g","p":1.83,"u":"9,15 €/KG","img":"https://fd6-photos.leclercdrive.fr/image.ashx?id=2907258&use=l&cat=p&typeid=i","cat":333672},{"id":29765,"n":"Eau gazeuse aromatisée Badoit citron sans sucres - 1l","p":0.88,"u":"0,88 €/L","img":"https://fd6-photos.leclercdrive.fr/image.ashx?id=2730634&use=l&cat=p&typeid=i","cat":284537},{"id":29766,"n":"Mister Cocktail sans alcool Citron vert kiwi - 75cl","p":3.39,"u":"4,52 €/L","img":"https://fd6-photos.leclercdrive.fr/image.ashx?id=3014461&use=l&cat=p&typeid=i","cat":284549},{"id":29773,"n":"Eau minérale naturelle Mag Source de magnésium - 6x1L","p":2.28,"u":"0,38 €/L","img":"https://fd6-photos.leclercdrive.fr/image.ashx?id=2966364&use=l&cat=p&typeid=i","cat":284535},{"id":29788,"n":"Crêpes sucrées Tablier Blanc x8 - 400g","p":2.59,"u":"6,48 €/KG","img":"https://fd6-photos.leclercdrive.fr/image.ashx?id=2242622&use=l&cat=p&typeid=i","cat":333672},{"id":29794,"n":"Triangolo Fromage enfants vache Les Croisés 24 portions - 400g","p":2.67,"u":"6,68 €/KG","img":"https://fd6-photos.leclercdrive.fr/image.ashx?id=2791779&use=l&cat=p&typeid=i","cat":314030},{"id":29795,"n":"Fromage à tartiner Les Croisés Ail et fines herbes 24%mg 250g","p":2.09,"u":"8,36 €/KG","img":"https://fd6-photos.leclercdrive.fr/image.ashx?id=2476143&use=l&cat=p&typeid=i","cat":314029},{"id":29799,"n":"Galettes jambon emmental NRT x2 - 300g","p":3.78,"u":"12,60 €/KG","img":"https://fd6-photos.leclercdrive.fr/image.ashx?id=2743882&use=l&cat=p&typeid=i","cat":333672},{"id":29802,"n":"Kit Pâte à pizza Tablier Blanc 600g","p":2.59,"u":"4,32 €/KG","img":"https://fd6-photos.leclercdrive.fr/image.ashx?id=1731167&use=l&cat=p&typeid=i","cat":333681},{"id":29816,"n":"Bicarbonate alimentaire La Baleine - 800g","p":2.33,"u":"2,91 €/KG","img":"https://fd6-photos.leclercdrive.fr/image.ashx?id=2468335&use=l&cat=p&typeid=i","cat":284457},{"id":29824,"n":"Liqueur Lagoa Goût coco 17%vol - 70cl","p":8.8,"u":"12,57 €/L","img":"https://fd6-photos.leclercdrive.fr/image.ashx?id=2958332&use=l&cat=p&typeid=i","cat":284551},{"id":29840,"n":"Bouillon cubes herbes Knorr Huile d'olive Puget x15 -150g","p":1.38,"u":"9,20 €/KG","img":"https://fd6-photos.leclercdrive.fr/image.ashx?id=2890601&use=l&cat=p&typeid=i","cat":288379},{"id":29841,"n":"Bouillon de Poule KNORR 15 Tablettes - 150g","p":1.19,"u":"7,93 €/KG","img":"https://fd6-photos.leclercdrive.fr/image.ashx?id=2906043&use=l&cat=p&typeid=i","cat":288379},{"id":29854,"n":"Beurre de Bretagne Les Croisés Doux - 82% MG - 250g","p":2.61,"u":"10,44 €/KG","img":"https://fd6-photos.leclercdrive.fr/image.ashx?id=2778042&use=l&cat=p&typeid=i","cat":284379},{"id":29855,"n":"Beurre de Bretagne Les Croisés Demi-sel - 80% MG - 250g","p":2.61,"u":"10,44 €/KG","img":"https://fd6-photos.leclercdrive.fr/image.ashx?id=2778048&use=l&cat=p&typeid=i","cat":284379},{"id":29856,"n":"Beurre Extra fin Les Croisés Doux - 82 % MG - 125g","p":1.49,"u":"11,92 €/KG","img":"https://fd6-photos.leclercdrive.fr/image.ashx?id=2791269&use=l&cat=p&typeid=i","cat":284379},{"id":29861,"n":"Boisson lactée Délisse Fraise - 6x20cl","p":2.13,"u":"1,78 €/L","img":"https://fd6-photos.leclercdrive.fr/image.ashx?id=2174693&use=l&cat=p&typeid=i","cat":295246},{"id":29862,"n":"Champignons Bio Bio Village Emincés - 600g","p":2.99,"u":"4,98 €/KG","img":"https://fd6-photos.leclercdrive.fr/image.ashx?id=2891815&use=l&cat=p&typeid=i","cat":319805},{"id":29864,"n":"Crème fraîche entière Délisse Fleurette - 30% MG - 40cl","p":1.72,"u":"4,30 €/L","img":"https://fd6-photos.leclercdrive.fr/image.ashx?id=3002575&use=l&cat=p&typeid=i","cat":284381},{"id":29865,"n":"Crème fraîche légère Délisse Fleurette - 12% MG - 40cl","p":1.62,"u":"4,05 €/L","img":"https://fd6-photos.leclercdrive.fr/image.ashx?id=3002578&use=l&cat=p&typeid=i","cat":284381},{"id":29866,"n":"Crème légère fluide UHT Délisse Brique 12%mg - 1L","p":3.39,"u":"3,39 €/L","img":"https://fd6-photos.leclercdrive.fr/image.ashx?id=3015248&use=l&cat=p&typeid=i","cat":284381},{"id":29869,"n":"Crème anglaise Délisse 1L","p":2.49,"u":"2,49 €/L","img":"https://fd6-photos.leclercdrive.fr/image.ashx?id=3002596&use=l&cat=p&typeid=i","cat":284382},{"id":29872,"n":"Crème semi-épaisse légère UHT Délisse 18%mg - 2x25cl","p":2.34,"u":"4,68 €/L","img":"https://fd6-photos.leclercdrive.fr/image.ashx?id=3002593&use=l&cat=p&typeid=i","cat":284381},{"id":29874,"n":"Emincés poireaux Notre Jardin A la crème 750g","p":2.55,"u":"3,40 €/KG","img":"https://fd6-photos.leclercdrive.fr/image.ashx?id=2873144&use=l&cat=p&typeid=i","cat":319805},{"id":29875,"n":"Crevettes Nord Pêche Océan Entières cuites - MSC - 500g","p":5.25,"u":"10,50 €/KG","img":"https://fd6-photos.leclercdrive.fr/image.ashx?id=2478769&use=l&cat=p&typeid=i","cat":319787},{"id":29896,"n":"Peppermint Whist Club 17%vol. - 70cl","p":6.99,"u":"9,99 €/L","img":"https://fd6-photos.leclercdrive.fr/image.ashx?id=1730735&use=l&cat=p&typeid=i","cat":286032},{"id":29897,"n":"Liqueur pomme verte Manzella 17%vol. - 70cl","p":6.5,"u":"9,29 €/L","img":"https://fd6-photos.leclercdrive.fr/image.ashx?id=2715997&use=l&cat=p&typeid=i","cat":286032},{"id":29900,"n":"Bière belge Rince Cochon Blonde - 8.5%vol. - 33cl","p":2.0,"u":"6,06 €/L","img":"https://fd6-photos.leclercdrive.fr/image.ashx?id=2694695&use=l&cat=p&typeid=i","cat":334872},{"id":29906,"n":"Bière blonde Bellerose 6.5%vol. - 75cl","p":3.82,"u":"5,09 €/L","img":"https://fd6-photos.leclercdrive.fr/image.ashx?id=2744290&use=l&cat=p&typeid=i","cat":334872},{"id":29909,"n":"Bière Triple Vieux Lille 8.5%vol - 75cl","p":3.89,"u":"5,19 €/L","img":"https://fd6-photos.leclercdrive.fr/image.ashx?id=2928819&use=l&cat=p&typeid=i","cat":334872},{"id":29910,"n":"Bière blonde La Démon 12%vol. - 33cl","p":2.0,"u":"6,06 €/L","img":"https://fd6-photos.leclercdrive.fr/image.ashx?id=2686855&use=l&cat=p&typeid=i","cat":334872},{"id":29913,"n":"Bière belge Rince Cochon Fruits rouges - 7.5%vol. - 33cl","p":2.27,"u":"6,88 €/L","img":"https://fd6-photos.leclercdrive.fr/image.ashx?id=2694698&use=l&cat=p&typeid=i","cat":334872},{"id":29920,"n":"Bière blonde Page 24 Hildegarde 6.9%vol. - 75cl","p":3.15,"u":"4,20 €/L","img":"https://fd6-photos.leclercdrive.fr/image.ashx?id=1753715&use=l&cat=p&typeid=i","cat":334872},{"id":29921,"n":"Bière ambrée Page 24 Hildegarde 6.9%vol. - 75cl","p":3.15,"u":"4,20 €/L","img":"https://fd6-photos.leclercdrive.fr/image.ashx?id=1742261&use=l&cat=p&typeid=i","cat":334852},{"id":29927,"n":"Bière belge Rince Cochon Blonde - 8.5%vol. - 75cl","p":3.44,"u":"4,59 €/L","img":"https://fd6-photos.leclercdrive.fr/image.ashx?id=1741463&use=l&cat=p&typeid=i","cat":334872},{"id":29961,"n":"AOC Buzet rouge L'Excellence - 75cl","p":3.8,"u":"5,07 €/L","img":"https://fd6-photos.leclercdrive.fr/image.ashx?id=2831891&use=l&cat=p&typeid=i","cat":289556},{"id":29979,"n":"Paupiette de veau Marie  Jardinière de légumes - 300g","p":3.73,"u":"12,43 €/KG","img":"https://fd6-photos.leclercdrive.fr/image.ashx?id=2317420&use=l&cat=p&typeid=i","cat":333665},{"id":29984,"n":"Genièvre Wambrechies Etiquette jaune 49%vol. - 70cl","p":21.07,"u":"30,10 €/L","img":"https://fd6-photos.leclercdrive.fr/image.ashx?id=2560044&use=l&cat=p&typeid=i","cat":286032},{"id":29985,"n":"Genièvre du Ch'ti 45%vol. - 70cl","p":25.12,"u":"35,89 €/L","img":"https://fd6-photos.leclercdrive.fr/image.ashx?id=1586808&use=l&cat=p&typeid=i","cat":286032},{"id":29986,"n":"Genièvre Loos 42%vol. - 70cl","p":19.36,"u":"27,66 €/L","img":"https://fd6-photos.leclercdrive.fr/image.ashx?id=1586613&use=l&cat=p&typeid=i","cat":286032},{"id":29987,"n":"Gaufres fines Bourdon Vergeoise -  900g","p":9.5,"u":"10,56 €/KG","img":"https://fd6-photos.leclercdrive.fr/image.ashx?id=1865966&use=l&cat=p&typeid=i","cat":294777},{"id":29998,"n":"Graisse à frire pure Boeuf 1kg","p":3.85,"u":"3,85 €/KG","img":"https://fd6-photos.leclercdrive.fr/image.ashx?id=1706841&use=l&cat=p&typeid=i","cat":284379},{"id":30012,"n":"Crêpes Daniel Dessaint Moelleuses sucrées x8 - 400g","p":2.49,"u":"6,23 €/KG","img":"https://fd6-photos.leclercdrive.fr/image.ashx?id=2972475&use=l&cat=p&typeid=i","cat":284494},{"id":30039,"n":"Lait de montagne Délisse UHT Bouteille -  1L","p":1.11,"u":"1,11 €/L","img":"https://fd6-photos.leclercdrive.fr/image.ashx?id=2929934&use=l&cat=p&typeid=i","cat":284377},{"id":30040,"n":"Lait de montagne Délisse Brique UHT -  1L","p":1.09,"u":"1,09 €/L","img":"https://fd6-photos.leclercdrive.fr/image.ashx?id=2610208&use=l&cat=p&typeid=i","cat":284377},{"id":30046,"n":"Lait bio Bio Village Bouteille  Demi-écrémé UHT -  50cl","p":0.87,"u":"1,74 €/L","img":"https://fd6-photos.leclercdrive.fr/image.ashx?id=2981912&use=l&cat=p&typeid=i","cat":284377},{"id":30051,"n":"Mini gratins Côté Table Choux fleurs - x4 480g","p":3.19,"u":"6,65 €/KG","img":"https://fd6-photos.leclercdrive.fr/image.ashx?id=2029370&use=l&cat=p&typeid=i","cat":319802},{"id":30053,"n":"Nuggets de poulet Pic'Express x18 400g","p":4.15,"u":"10,38 €/KG","img":"https://fd6-photos.leclercdrive.fr/image.ashx?id=2823747&use=l&cat=p&typeid=i","cat":319780},{"id":30056,"n":"Ratatouille Bio Bio Village Cuisinée - 600g","p":3.49,"u":"5,82 €/KG","img":"https://fd6-photos.leclercdrive.fr/image.ashx?id=2891821&use=l&cat=p&typeid=i","cat":319823},{"id":30059,"n":"Trio de fleurette Notre Jardin 1kg","p":2.48,"u":"2,48 €/KG","img":"https://fd6-photos.leclercdrive.fr/image.ashx?id=2873135&use=l&cat=p&typeid=i","cat":319805},{"id":30067,"n":"Assaisonnement En Poudre KNORR Secret d’Arômes Tube - 60g","p":1.31,"u":"21,83 €/KG","img":"https://fd6-photos.leclercdrive.fr/image.ashx?id=3014401&use=l&cat=p&typeid=i","cat":298297},{"id":30069,"n":"Roux minute Maïzena Béchamel - 250g","p":2.0,"u":"8,00 €/KG","img":"https://fd6-photos.leclercdrive.fr/image.ashx?id=2769603&use=l&cat=p&typeid=i","cat":288382},{"id":30084,"n":"Bacon Saint Azay 100g","p":1.62,"u":"16,20 €/KG","img":"https://fd6-photos.leclercdrive.fr/image.ashx?id=2943653&use=l&cat=p&typeid=i","cat":316007},{"id":30086,"n":"Blanc de dinde Tradilège x4 - 120g","p":1.79,"u":"14,92 €/KG","img":"https://fd6-photos.leclercdrive.fr/image.ashx?id=2840395&use=l&cat=p&typeid=i","cat":316010},{"id":30089,"n":"Blanc de poulet Tradilège 6 tranches - 180g","p":1.51,"u":"8,39 €/KG","img":"https://fd6-photos.leclercdrive.fr/image.ashx?id=2943677&use=l&cat=p&typeid=i","cat":316010},{"id":30091,"n":"Blanc de dinde Tradilège 6 tranches 180g","p":1.96,"u":"10,89 €/KG","img":"https://fd6-photos.leclercdrive.fr/image.ashx?id=2974867&use=l&cat=p&typeid=i","cat":316010},{"id":30094,"n":"Jambon à griller Tradilège 2 tranches 160g","p":2.42,"u":"15,13 €/KG","img":"https://fd6-photos.leclercdrive.fr/image.ashx?id=2984176&use=l&cat=p&typeid=i","cat":316009},{"id":30110,"n":"Pommes de terre NRT à la Sarladaise - 600g","p":2.99,"u":"4,98 €/KG","img":"https://fd6-photos.leclercdrive.fr/image.ashx?id=2699816&use=l&cat=p&typeid=i","cat":319823},{"id":30114,"n":"Pansements Mercurochrome Hydrocolloïdes - x6","p":5.95,"u":"0,99 €/P","img":"https://fd6-photos.leclercdrive.fr/image.ashx?id=2663962&use=l&cat=p&typeid=i","cat":284630},{"id":30124,"n":"Soupe Régal Soupe Tomate et vermicelles - 1L","p":1.8,"u":"1,80 €/L","img":"https://fd6-photos.leclercdrive.fr/image.ashx?id=2607518&use=l&cat=p&typeid=i","cat":284462},{"id":30125,"n":"Soupe Velouté Régal Soupe Légumes du soleil - 1L","p":2.35,"u":"2,35 €/L","img":"https://fd6-photos.leclercdrive.fr/image.ashx?id=2983799&use=l&cat=p&typeid=i","cat":284462},{"id":30128,"n":"Céréales Chocapic Nestlé Chocolat - 1kg","p":5.4,"u":"5,40 €/KG","img":"https://fd6-photos.leclercdrive.fr/image.ashx?id=2977729&use=l&cat=p&typeid=i","cat":309513},{"id":30144,"n":"Croquettes chiens adulte Ultima Medium/maxi - poulet 7.5kg","p":22.03,"u":"2,94 €/KG","img":"https://fd6-photos.leclercdrive.fr/image.ashx?id=2872033&use=l&cat=p&typeid=i","cat":284672},{"id":30150,"n":"Eau aromatisée Volvic Juicy Agrumes -1,5L","p":1.39,"u":"0,93 €/L","img":"https://fd6-photos.leclercdrive.fr/image.ashx?id=2961987&use=l&cat=p&typeid=i","cat":284537},{"id":30156,"n":"Eau aromatisée Volvic Juicy Mangue ananas - 6x50cl","p":3.81,"u":"1,27 €/L","img":"https://fd6-photos.leclercdrive.fr/image.ashx?id=2943885&use=l&cat=p&typeid=i","cat":284537},{"id":30185,"n":"Haché moelleux oignon Férial x10 - 1kg","p":7.49,"u":"7,49 €/KG","img":"https://fd6-photos.leclercdrive.fr/image.ashx?id=2704517&use=l&cat=p&typeid=i","cat":319778},{"id":30186,"n":"Haché moelleux Férial x10 - 1kg","p":9.73,"u":"9,73 €/KG","img":"https://fd6-photos.leclercdrive.fr/image.ashx?id=2966514&use=l&cat=p&typeid=i","cat":319778},{"id":30188,"n":"Steak haché bio - Bio Village  15%mg x4 - 400g","p":8.25,"u":"20,63 €/KG","img":"https://fd6-photos.leclercdrive.fr/image.ashx?id=2840422&use=l&cat=p&typeid=i","cat":319778},{"id":30189,"n":"Tortillas chips Tokapi Chili - 150g","p":0.99,"u":"6,60 €/KG","img":"https://fd6-photos.leclercdrive.fr/image.ashx?id=2647958&use=l&cat=p&typeid=i","cat":287899},{"id":30193,"n":"IGP Var rosé 12.5% vol - BIB 5L","p":13.99,"u":"2,80 €/L","img":"https://fd6-photos.leclercdrive.fr/image.ashx?id=2774550&use=l&cat=p&typeid=i","cat":289560},{"id":30195,"n":"IGP Vin de Pays de l'Hérault Rouge JL Parsat 11.5%vol BIB 5L","p":11.02,"u":"2,20 €/L","img":"https://fd6-photos.leclercdrive.fr/image.ashx?id=2572197&use=l&cat=p&typeid=i","cat":289560},{"id":30212,"n":"Soufflés l'Original Curly Cacahuète - 100g","p":0.88,"u":"8,80 €/KG","img":"https://fd6-photos.leclercdrive.fr/image.ashx?id=2693635&use=l&cat=p&typeid=i","cat":284449},{"id":30213,"n":"Soufflés l'Original Curly Cacahuète - 2x100g","p":1.74,"u":"8,70 €/KG","img":"https://fd6-photos.leclercdrive.fr/image.ashx?id=2962887&use=l&cat=p&typeid=i","cat":284449},{"id":30235,"n":"Bonbons Tic Tac  Menthe x100 - 49g","p":1.6,"u":"32,65 €/KG","img":"https://fd6-photos.leclercdrive.fr/image.ashx?id=2729470&use=l&cat=p&typeid=i","cat":304256},{"id":30256,"n":"Pâte à tartiner Nutella 825g","p":5.77,"u":"6,99 €/KG","img":"https://fd6-photos.leclercdrive.fr/image.ashx?id=2961813&use=l&cat=p&typeid=i","cat":284481},{"id":30257,"n":"Cassoulet La Belle Chaurienne Au canard 420g","p":3.03,"u":"7,21 €/KG","img":"https://fd6-photos.leclercdrive.fr/image.ashx?id=2831912&use=l&cat=p&typeid=i","cat":284440},{"id":30272,"n":"IGP Pays d'Oc rouge Merlot Les Ormes de Cambras 12.5% BIB 5L","p":15.52,"u":"3,10 €/L","img":"https://fd6-photos.leclercdrive.fr/image.ashx?id=2443871&use=l&cat=p&typeid=i","cat":289560},{"id":30273,"n":"IGP Pays d'OC rouge Les Ormes De Cambras Sauvignon 12% BIB 5L","p":15.5,"u":"3,10 €/L","img":"https://fd6-photos.leclercdrive.fr/image.ashx?id=2445115&use=l&cat=p&typeid=i","cat":289560},{"id":30349,"n":"Nettoyant écologique Uni Vert Salle de bain - 750ml","p":2.06,"u":"2,75 €/L","img":"https://fd6-photos.leclercdrive.fr/image.ashx?id=2531178&use=l&cat=p&typeid=i","cat":325357},{"id":30350,"n":"Nettoyant écologique Uni Vert Cuisine - 750ml","p":2.02,"u":"2,69 €/L","img":"https://fd6-photos.leclercdrive.fr/image.ashx?id=2531175&use=l&cat=p&typeid=i","cat":325357},{"id":30360,"n":"Bonbons Tic Tac 100 pastilles citron vert et orange - 49g","p":1.6,"u":"32,65 €/KG","img":"https://fd6-photos.leclercdrive.fr/image.ashx?id=2736280&use=l&cat=p&typeid=i","cat":304256},{"id":30362,"n":"Fleur de maïs Maïzena 400g","p":1.41,"u":"3,53 €/KG","img":"https://fd6-photos.leclercdrive.fr/image.ashx?id=2312770&use=l&cat=p&typeid=i","cat":288382},{"id":30372,"n":"Fleur de Maïs Maïzena Sans Gluten Format Famille 700g","p":2.48,"u":"3,54 €/KG","img":"https://fd6-photos.leclercdrive.fr/image.ashx?id=2773907&use=l&cat=p&typeid=i","cat":288382},{"id":30386,"n":"Crème dessert Mont Blanc Boîte Praliné - 570g","p":2.42,"u":"4,25 €/KG","img":"https://fd6-photos.leclercdrive.fr/image.ashx?id=3011596&use=l&cat=p&typeid=i","cat":284506},{"id":30395,"n":"Piment d'Espelette AOP Ducros - 40g","p":9.49,"u":"237,25 €/KG","img":"https://fd6-photos.leclercdrive.fr/image.ashx?id=2559463&use=l&cat=p&typeid=i","cat":298297},{"id":30407,"n":"Dés de fromage salade Boursin Ail & fines herbes -120g","p":2.35,"u":"19,58 €/KG","img":"https://fd6-photos.leclercdrive.fr/image.ashx?id=2864366&use=l&cat=p&typeid=i","cat":314027},{"id":30410,"n":"Lasagnes bolognaise Marie 300g","p":3.19,"u":"10,63 €/KG","img":"https://fd6-photos.leclercdrive.fr/image.ashx?id=2800339&use=l&cat=p&typeid=i","cat":333665},{"id":30413,"n":"Pommeau de Normandie NRT  17%vol. - 70cl","p":8.6,"u":"12,29 €/L","img":"https://fd6-photos.leclercdrive.fr/image.ashx?id=1647898&use=l&cat=p&typeid=i","cat":284913},{"id":30414,"n":"Muscat de Mireval AOC NRT  15%vol - 75cl","p":9.17,"u":"12,23 €/L","img":"https://fd6-photos.leclercdrive.fr/image.ashx?id=2768469&use=l&cat=p&typeid=i","cat":284913},{"id":30415,"n":"IGP Pays d'Oc rouge J-P Chenet Cabernet Syrah 13% vol - BIB 3L","p":10.42,"u":"3,47 €/L","img":"https://fd6-photos.leclercdrive.fr/image.ashx?id=2837451&use=l&cat=p&typeid=i","cat":289560},{"id":30420,"n":"Pizza Cuite sur pierre Turini Royale familiale - 570g","p":2.84,"u":"4,98 €/KG","img":"https://fd6-photos.leclercdrive.fr/image.ashx?id=2815241&use=l&cat=p&typeid=i","cat":284256},{"id":30477,"n":"Chocolat Pâtissier Nestlé Dessert : Praliné - 170g","p":3.05,"u":"17,94 €/KG","img":"https://fd6-photos.leclercdrive.fr/image.ashx?id=2895637&use=l&cat=p&typeid=i","cat":285562},{"id":30520,"n":"Fromage apéritif BoursinFromage Ail et fines herbes 20 roulés","p":3.47,"u":"34,70 €/KG","img":"https://fd6-photos.leclercdrive.fr/image.ashx?id=2918589&use=l&cat=p&typeid=i","cat":314027},{"id":30563,"n":"Coquillettes Lustucru Aux oeufs frais - 500g","p":1.8,"u":"3,60 €/KG","img":"https://fd6-photos.leclercdrive.fr/image.ashx?id=2799856&use=l&cat=p&typeid=i","cat":284427},{"id":30565,"n":"Torsades Lustucru Aux œufs - 500g","p":1.77,"u":"3,54 €/KG","img":"https://fd6-photos.leclercdrive.fr/image.ashx?id=2278574&use=l&cat=p&typeid=i","cat":284427},{"id":30570,"n":"Sauce Tube Ail Oignons Panzani Panzani - 180G","p":1.18,"u":"6,56 €/KG","img":"https://fd6-photos.leclercdrive.fr/image.ashx?id=3004804&use=l&cat=p&typeid=i","cat":288384},{"id":30572,"n":"Pur jus de pomme Jafaden 1L","p":2.15,"u":"2,15 €/L","img":"https://fd6-photos.leclercdrive.fr/image.ashx?id=2916701&use=l&cat=p&typeid=i","cat":285435},{"id":30573,"n":"Edulcorant sucralose Canderel Briquet x300","p":2.97,"u":"95,81 €/KG","img":"https://fd6-photos.leclercdrive.fr/image.ashx?id=2811014&use=l&cat=p&typeid=i","cat":324846},{"id":30575,"n":"Happy' Box Haribo Boîte bonbons - 600g","p":4.25,"u":"7,08 €/KG","img":"https://fd6-photos.leclercdrive.fr/image.ashx?id=2802353&use=l&cat=p&typeid=i","cat":304250},{"id":30576,"n":"Zanzigliss Haribo Sachet bonbons réglisse - 300g","p":1.49,"u":"4,97 €/KG","img":"https://fd6-photos.leclercdrive.fr/image.ashx?id=2802347&use=l&cat=p&typeid=i","cat":304250},{"id":30577,"n":"Les Schtroumpfs Pik Haribo Sachet bonbons acidulés - 275g","p":1.56,"u":"5,67 €/KG","img":"https://fd6-photos.leclercdrive.fr/image.ashx?id=2984898&use=l&cat=p&typeid=i","cat":304250},{"id":30578,"n":"Bonbons LUTTI Scoubidou Doux Fruits - 200g","p":1.27,"u":"6,35 €/KG","img":"https://fd6-photos.leclercdrive.fr/image.ashx?id=2817434&use=l&cat=p&typeid=i","cat":304250},{"id":30582,"n":"Petit pot de crème Délisse Vanille - 8x100g","p":3.48,"u":"4,35 €/KG","img":"https://fd6-photos.leclercdrive.fr/image.ashx?id=2544976&use=l&cat=p&typeid=i","cat":285041},{"id":30587,"n":"Yaourts châtaignes Bio village Bio au lait de brebis - 2x125g","p":1.67,"u":"6,68 €/KG","img":"https://fd6-photos.leclercdrive.fr/image.ashx?id=2658593&use=l&cat=p&typeid=i","cat":314998},{"id":30588,"n":"Yaourts de Savoie NRT  Pêche Abricot - 4x150g","p":2.35,"u":"3,92 €/KG","img":"https://fd6-photos.leclercdrive.fr/image.ashx?id=2920806&use=l&cat=p&typeid=i","cat":284410},{"id":30591,"n":"Yaourts Savoie NRT  Poire Mirabelle - 4x150g","p":2.35,"u":"3,92 €/KG","img":"https://fd6-photos.leclercdrive.fr/image.ashx?id=2920809&use=l&cat=p&typeid=i","cat":284410},{"id":30592,"n":"Fromage blanc Délisse Sucré 3% MG - 8x100g","p":2.29,"u":"2,86 €/KG","img":"https://fd6-photos.leclercdrive.fr/image.ashx?id=1744463&use=l&cat=p&typeid=i","cat":284409},{"id":30594,"n":"Fromage frais nature Bio Bio village - 12x60g","p":3.44,"u":"4,78 €/KG","img":"https://fd6-photos.leclercdrive.fr/image.ashx?id=2992633&use=l&cat=p&typeid=i","cat":284409},{"id":30600,"n":"Billes Chocolat au Lait KitKat Sachet  - 250g","p":3.96,"u":"15,84 €/KG","img":"https://fd6-photos.leclercdrive.fr/image.ashx?id=2806063&use=l&cat=p&typeid=i","cat":304238},{"id":30603,"n":"Soupe liquide brique Liebig  Chinoise - 1L","p":2.87,"u":"2,87 €/L","img":"https://fd6-photos.leclercdrive.fr/image.ashx?id=2750988&use=l&cat=p&typeid=i","cat":287367},{"id":30607,"n":"Soupe liquide Liebig  Potiron et kiri - Brique 1L","p":2.77,"u":"2,77 €/L","img":"https://fd6-photos.leclercdrive.fr/image.ashx?id=2892130&use=l&cat=p&typeid=i","cat":284462},{"id":30619,"n":"Jambon cru Aoste Quart Tranché  sans conservateur -  x18 - 220g","p":5.43,"u":"24,68 €/KG","img":"https://fd6-photos.leclercdrive.fr/image.ashx?id=2948057&use=l&cat=p&typeid=i","cat":316007},{"id":30627,"n":"Salade Notre Jardin Jeunes pousses d'épinard - 100g","p":1.4,"u":"14,00 €/KG","img":"https://fd6-photos.leclercdrive.fr/image.ashx?id=2663281&use=l&cat=p&typeid=i","cat":284353},{"id":30639,"n":"Eau déminéralisée Finissime  5L","p":1.9,"u":"0,38 €/L","img":"https://fd6-photos.leclercdrive.fr/image.ashx?id=2467796&use=l&cat=p&typeid=i","cat":284653},{"id":30640,"n":"Lapin chasseur Côté Table 280g","p":2.2,"u":"7,86 €/KG","img":"https://fd6-photos.leclercdrive.fr/image.ashx?id=2393866&use=l&cat=p&typeid=i","cat":284953},{"id":30641,"n":"Son d'avoine bio Bio Village 500g","p":2.69,"u":"5,38 €/KG","img":"https://fd6-photos.leclercdrive.fr/image.ashx?id=2664334&use=l&cat=p&typeid=i","cat":309512},{"id":30645,"n":"Salade Notre Jardin Duo Mâche et Roquette - 125g","p":1.68,"u":"13,44 €/KG","img":"https://fd6-photos.leclercdrive.fr/image.ashx?id=2720172&use=l&cat=p&typeid=i","cat":284353},{"id":30646,"n":"Salade Notre Jardin Feuille de chêne - 125g","p":0.95,"u":"7,60 €/KG","img":"https://fd6-photos.leclercdrive.fr/image.ashx?id=2693309&use=l&cat=p&typeid=i","cat":284353},{"id":30652,"n":"Purée pommes de terre Florette 2x200g","p":2.68,"u":"6,70 €/KG","img":"https://fd6-photos.leclercdrive.fr/image.ashx?id=2767678&use=l&cat=p&typeid=i","cat":333665},{"id":30656,"n":"Bandes de cire froide Siliss Maillot aisselles - x16","p":2.19,"u":"0,14 €/P","img":"https://fd6-photos.leclercdrive.fr/image.ashx?id=2699450&use=l&cat=p&typeid=i","cat":325351},{"id":30685,"n":"Liquide vaisselle Palmolive Original  amande - 750ml","p":1.43,"u":"1,91 €/L","img":"https://fd6-photos.leclercdrive.fr/image.ashx?id=2690147&use=l&cat=p&typeid=i","cat":284655},{"id":30697,"n":"Savon d'alep Manava 200g","p":3.99,"u":"19,95 €/KG","img":"https://fd6-photos.leclercdrive.fr/image.ashx?id=1952895&use=l&cat=p&typeid=i","cat":284597},{"id":30715,"n":"Désodorisant Texil Parfumé 500ml","p":2.61,"u":"5,22 €/L","img":"https://fd6-photos.leclercdrive.fr/image.ashx?id=2964568&use=l&cat=p&typeid=i","cat":290451},{"id":30729,"n":"Crème Dépilatoire Siliss Maillot aisselles - 100ml","p":1.79,"u":"17,90 €/L","img":"https://fd6-photos.leclercdrive.fr/image.ashx?id=2699687&use=l&cat=p&typeid=i","cat":325351},{"id":30733,"n":"Déboucheur canalisations Syphon 1L","p":1.39,"u":"1,39 €/L","img":"https://fd6-photos.leclercdrive.fr/image.ashx?id=2794193&use=l&cat=p&typeid=i","cat":284908},{"id":30768,"n":"Gel douche Manava Pétales d'Orient 100ml","p":0.8,"u":"8,00 €/L","img":"https://fd6-photos.leclercdrive.fr/image.ashx?id=1669982&use=l&cat=p&typeid=i","cat":284594},{"id":30780,"n":"Sacs poubelle 30L Eco+ x20","p":0.57,"u":"0,03 €/P","img":"https://fd6-photos.leclercdrive.fr/image.ashx?id=1979356&use=l&cat=p&typeid=i","cat":285168},{"id":30781,"n":"Sacs poubelle 50L Eco+ x10","p":0.41,"u":"0,04 €/P","img":"https://fd6-photos.leclercdrive.fr/image.ashx?id=1904756&use=l&cat=p&typeid=i","cat":285168},{"id":30791,"n":"Mouchoirs blancs 2 plis Eco+ Boîte mouchoirs en papier- x150","p":0.62,"img":"https://fd6-photos.leclercdrive.fr/image.ashx?id=2897751&use=l&cat=p&typeid=i","cat":284638},{"id":30808,"n":"Coton-tiges Eco+ Tige papier x200 bâtonnets","p":0.34,"img":"https://fd6-photos.leclercdrive.fr/image.ashx?id=2940893&use=l&cat=p&typeid=i","cat":284636},{"id":30813,"n":"Crème adhésive Dentamyl Hypoallergénique 50g","p":2.99,"u":"59,80 €/KG","img":"https://fd6-photos.leclercdrive.fr/image.ashx?id=2486796&use=l&cat=p&typeid=i","cat":285158},{"id":30815,"n":"Dissolvant Eco+ 250ml","p":1.33,"u":"5,32 €/L","img":"https://fd6-photos.leclercdrive.fr/image.ashx?id=1873934&use=l&cat=p&typeid=i","cat":325347},{"id":30816,"n":"Film étirable Eco+ 50m","p":0.95,"img":"https://fd6-photos.leclercdrive.fr/image.ashx?id=2048995&use=l&cat=p&typeid=i","cat":334134},{"id":30830,"n":"Feuilles dessin Esquisse Blanches 24x32cm 180g x12","p":1.89,"img":"https://fd6-photos.leclercdrive.fr/image.ashx?id=2943178&use=l&cat=p&typeid=i","cat":284697},{"id":30850,"n":"Blanquette veau Côté Table Champignons 285g","p":2.2,"u":"7,72 €/KG","img":"https://fd6-photos.leclercdrive.fr/image.ashx?id=2064822&use=l&cat=p&typeid=i","cat":284953},{"id":30856,"n":"Emincés de poulet Tradilège Rôti - 2x75g","p":2.09,"u":"13,93 €/KG","img":"https://fd6-photos.leclercdrive.fr/image.ashx?id=2994366&use=l&cat=p&typeid=i","cat":316011},{"id":30869,"n":"Marqueur noir Esquisse Permanent x1","p":0.75,"img":"https://fd6-photos.leclercdrive.fr/image.ashx?id=1694158&use=l&cat=p&typeid=i","cat":284696},{"id":30881,"n":"Tortillas Old El Paso de maïs et blé x8 - 335g","p":2.45,"u":"7,31 €/KG","img":"https://fd6-photos.leclercdrive.fr/image.ashx?id=2738794&use=l&cat=p&typeid=i","cat":288993},{"id":30882,"n":"Bloc de fromage Leerdammer L'Original - 250g","p":3.31,"u":"13,24 €/KG","img":"https://fd6-photos.leclercdrive.fr/image.ashx?id=2146096&use=l&cat=p&typeid=i","cat":314034},{"id":30898,"n":"Gâteaux aux pépites chocolat x6 Chaque Jour Sans Gluten 230g","p":3.21,"u":"13,96 €/KG","img":"https://fd6-photos.leclercdrive.fr/image.ashx?id=2691249&use=l&cat=p&typeid=i","cat":318654},{"id":30905,"n":"Coquilles moelleuses x6 Chaque Jour Sans Gluten 180g","p":2.2,"u":"12,22 €/KG","img":"https://fd6-photos.leclercdrive.fr/image.ashx?id=2710792&use=l&cat=p&typeid=i","cat":318654},{"id":30907,"n":"Madeleine aux Oeufs GERBLE  Sans Gluten 200 g","p":3.37,"u":"16,85 €/KG","img":"https://fd6-photos.leclercdrive.fr/image.ashx?id=2662802&use=l&cat=p&typeid=i","cat":318654},{"id":30917,"n":"Pâtes Escalope volaille Marie Crème champignons - 900g","p":4.96,"u":"5,51 €/KG","img":"https://fd6-photos.leclercdrive.fr/image.ashx?id=2996794&use=l&cat=p&typeid=i","cat":284254},{"id":30925,"n":"Croquettes chat Ultima Adulte - Poulet - 7.5kg","p":25.84,"u":"3,45 €/KG","img":"https://fd6-photos.leclercdrive.fr/image.ashx?id=2886187&use=l&cat=p&typeid=i","cat":284680},{"id":30928,"n":"Fumet de poisson Rustica Déshydraté - 90g","p":2.05,"u":"22,78 €/KG","img":"https://fd6-photos.leclercdrive.fr/image.ashx?id=2849578&use=l&cat=p&typeid=i","cat":288379},{"id":30929,"n":"Tortillas chips Tables du Monde Nature - 200g","p":1.15,"u":"5,75 €/KG","img":"https://fd6-photos.leclercdrive.fr/image.ashx?id=2655695&use=l&cat=p&typeid=i","cat":288993},{"id":30932,"n":"Biscuits déli matin P'tit Déli  Chocolat allégé- 300g","p":1.88,"u":"6,27 €/KG","img":"https://fd6-photos.leclercdrive.fr/image.ashx?id=3001202&use=l&cat=p&typeid=i","cat":284491},{"id":30933,"n":"Biscuit chocolat noir Gerblé Sans Sucres Ajoutés - 126g","p":1.87,"u":"14,84 €/KG","img":"https://fd6-photos.leclercdrive.fr/image.ashx?id=2662799&use=l&cat=p&typeid=i","cat":318653},{"id":30947,"n":"Pâtes Collezione Barilla Tagliatelle - 500g","p":1.48,"u":"2,96 €/KG","img":"https://fd6-photos.leclercdrive.fr/image.ashx?id=2654119&use=l&cat=p&typeid=i","cat":284427},{"id":30949,"n":"plat cuisiné quinoa tomates olives bio bjorg- 250g","p":1.76,"u":"7,04 €/KG","img":"https://fd6-photos.leclercdrive.fr/image.ashx?id=2854444&use=l&cat=p&typeid=i","cat":287600},{"id":30953,"n":"Couscous Grain Moyen Ferrero  - 500g","p":1.28,"u":"2,56 €/KG","img":"https://fd6-photos.leclercdrive.fr/image.ashx?id=2886777&use=l&cat=p&typeid=i","cat":284429},{"id":30969,"n":"Glace Cône Nestlé Extrême Sorbet fruits rouges x6 - 426g","p":3.69,"u":"8,66 €/KG","img":"https://fd6-photos.leclercdrive.fr/image.ashx?id=2729845&use=l&cat=p&typeid=i","cat":284264},{"id":30976,"n":"Matière grasse Bridelight Demi-sel - 15% MG - 250g","p":2.06,"u":"8,24 €/KG","img":"https://fd6-photos.leclercdrive.fr/image.ashx?id=2643890&use=l&cat=p&typeid=i","cat":284379},{"id":30992,"n":"Poêlée paysanne Marie Saucisse fumé - 900g","p":4.98,"u":"5,53 €/KG","img":"https://fd6-photos.leclercdrive.fr/image.ashx?id=2996797&use=l&cat=p&typeid=i","cat":319823},{"id":30999,"n":"Spaghetti courts Lustucru Aux oeufs - 500g","p":1.84,"u":"3,68 €/KG","img":"https://fd6-photos.leclercdrive.fr/image.ashx?id=2519798&use=l&cat=p&typeid=i","cat":284427},{"id":31008,"n":"Protège cahiers 17x22cm - 5 pièces","p":2.49,"img":"https://fd6-photos.leclercdrive.fr/image.ashx?id=1928821&use=l&cat=p&typeid=i","cat":284697},{"id":31014,"n":"Lait demi-écrémé Lactel Vitamine D Bouteille - 50cl","p":0.98,"u":"1,96 €/L","img":"https://fd6-photos.leclercdrive.fr/image.ashx?id=2889556&use=l&cat=p&typeid=i","cat":284377},{"id":31015,"n":"Lait Matin Léger Lactel Sans lactose écrémé - 1l","p":2.15,"u":"2,15 €/L","img":"https://fd6-photos.leclercdrive.fr/image.ashx?id=2883543&use=l&cat=p&typeid=i","cat":317169},{"id":31017,"n":"Lait Bio entier Lactel UHT Bouteille - 1l","p":2.0,"u":"2,00 €/L","img":"https://fd6-photos.leclercdrive.fr/image.ashx?id=2892772&use=l&cat=p&typeid=i","cat":285610},{"id":31019,"n":"Feuilles de lasagne Turini 350g","p":2.69,"u":"7,69 €/KG","img":"https://fd6-photos.leclercdrive.fr/image.ashx?id=2174696&use=l&cat=p&typeid=i","cat":333682},{"id":31021,"n":"Gnocchi Turini 800g","p":2.29,"u":"2,86 €/KG","img":"https://fd6-photos.leclercdrive.fr/image.ashx?id=2254529&use=l&cat=p&typeid=i","cat":333682},{"id":31022,"n":"Gnocchi à poêler Turini 500g","p":1.42,"u":"2,84 €/KG","img":"https://fd6-photos.leclercdrive.fr/image.ashx?id=2606822&use=l&cat=p&typeid=i","cat":333682},{"id":31023,"n":"Ravioli Ricotta épinards Bio  Bio village - 250g","p":2.99,"u":"11,96 €/KG","img":"https://fd6-photos.leclercdrive.fr/image.ashx?id=1063201&use=l&cat=p&typeid=i","cat":333682},{"id":31027,"n":"Cappuccino soluble Plantation nature - 280g","p":3.21,"u":"11,46 €/KG","img":"https://fd6-photos.leclercdrive.fr/image.ashx?id=2819274&use=l&cat=p&typeid=i","cat":284843},{"id":31029,"n":"Escalope Cordon Bleu Père Dodu  Dinde - Comté x2 - 200g","p":2.43,"u":"12,15 €/KG","img":"https://fd6-photos.leclercdrive.fr/image.ashx?id=2957179&use=l&cat=p&typeid=i","cat":333683},{"id":31035,"n":"Chips La classique Vico Nature - 135g","p":1.28,"u":"9,48 €/KG","img":"https://fd6-photos.leclercdrive.fr/image.ashx?id=2917801&use=l&cat=p&typeid=i","cat":284447},{"id":31044,"n":"Haricots verts Notre Jardin Extra fins - 5 Fagots - 220g","p":2.15,"u":"9,77 €/KG","img":"https://fd6-photos.leclercdrive.fr/image.ashx?id=2988042&use=l&cat=p&typeid=i","cat":312606},{"id":31046,"n":"Assortiment crackers Tokapi Emmental - 100g","p":0.64,"u":"6,40 €/KG","img":"https://fd6-photos.leclercdrive.fr/image.ashx?id=2034386&use=l&cat=p&typeid=i","cat":297000},{"id":31047,"n":"Assortiment Crackers Tokapi Mélange 4 saveurs - 380g","p":2.79,"u":"7,34 €/KG","img":"https://fd6-photos.leclercdrive.fr/image.ashx?id=2671399&use=l&cat=p&typeid=i","cat":297000},{"id":31050,"n":"Biscuits pavot citron GERBLE  - 4x4  200g","p":1.52,"u":"7,60 €/KG","img":"https://fd6-photos.leclercdrive.fr/image.ashx?id=2967001&use=l&cat=p&typeid=i","cat":318651},{"id":31052,"n":"Biscuits figue et son GERBLE   - 5x5, 210g","p":1.4,"u":"6,67 €/KG","img":"https://fd6-photos.leclercdrive.fr/image.ashx?id=2662319&use=l&cat=p&typeid=i","cat":318651},{"id":31054,"n":"Bouillon Cube Maggi Vollaile - x12 cubes - 120g","p":1.5,"u":"12,50 €/KG","img":"https://fd6-photos.leclercdrive.fr/image.ashx?id=2736982&use=l&cat=p&typeid=i","cat":288379},{"id":31058,"n":"Pâtes Barilla Capellini n°1 - 500g","p":0.99,"u":"1,98 €/KG","img":"https://fd6-photos.leclercdrive.fr/image.ashx?id=2392194&use=l&cat=p&typeid=i","cat":284427},{"id":31068,"n":"Chocolat Pâtissier Tablette dOr Lait - 170g","p":1.99,"u":"11,71 €/KG","img":"https://fd6-photos.leclercdrive.fr/image.ashx?id=2994175&use=l&cat=p&typeid=i","cat":285562},{"id":31069,"n":"Chocolat Pâtissier Tablette dOr Chocolat Blanc - 180g","p":2.03,"u":"11,28 €/KG","img":"https://fd6-photos.leclercdrive.fr/image.ashx?id=2562879&use=l&cat=p&typeid=i","cat":285562},{"id":31084,"n":"Crackers Tokapi Sésame et pavot - 100g","p":0.69,"u":"6,90 €/KG","img":"https://fd6-photos.leclercdrive.fr/image.ashx?id=1921880&use=l&cat=p&typeid=i","cat":297000},{"id":31086,"n":"Capsules Nescafé Dolce Gusto  Lungo Décaféiné - x16","p":4.83,"u":"43,13 €/KG","img":"https://fd6-photos.leclercdrive.fr/image.ashx?id=2836676&use=l&cat=p&typeid=i","cat":293239},{"id":31088,"n":"Coeurs d'artichaut Notre Jardin 245g","p":3.49,"u":"14,24 €/KG","img":"https://fd6-photos.leclercdrive.fr/image.ashx?id=2607918&use=l&cat=p&typeid=i","cat":312611},{"id":31095,"n":"Filets maquereaux Pêche Océan Citron olives - 176g","p":1.78,"u":"10,11 €/KG","img":"https://fd6-photos.leclercdrive.fr/image.ashx?id=2515679&use=l&cat=p&typeid=i","cat":303868},{"id":31097,"n":"Feuilletés Tokapi Emmental - 85g","p":0.98,"u":"11,53 €/KG","img":"https://fd6-photos.leclercdrive.fr/image.ashx?id=1884022&use=l&cat=p&typeid=i","cat":297000},{"id":31098,"n":"Capsules Nescafé Dolce Gusto  Café au Lait - x16","p":4.67,"u":"29,19 €/KG","img":"https://fd6-photos.leclercdrive.fr/image.ashx?id=2946637&use=l&cat=p&typeid=i","cat":293239},{"id":31101,"n":"Filets maquereaux Pêche Océan Sauce escabèche - 169g","p":1.15,"u":"6,80 €/KG","img":"https://fd6-photos.leclercdrive.fr/image.ashx?id=2394666&use=l&cat=p&typeid=i","cat":303868},{"id":31105,"n":"Gaufrettes P'tit Déli Praliné noisette x15 110g","p":0.87,"u":"7,91 €/KG","img":"https://fd6-photos.leclercdrive.fr/image.ashx?id=2418245&use=l&cat=p&typeid=i","cat":284488},{"id":31106,"n":"Gaufrettes P'tit Déli Chocolat x15 110g","p":1.1,"u":"10,00 €/KG","img":"https://fd6-photos.leclercdrive.fr/image.ashx?id=2436020&use=l&cat=p&typeid=i","cat":284488},{"id":31107,"n":"Gâteau P'tit Déli Tout chocolat 300g","p":2.15,"u":"7,17 €/KG","img":"https://fd6-photos.leclercdrive.fr/image.ashx?id=2562707&use=l&cat=p&typeid=i","cat":294776},{"id":31109,"n":"Gaufrettes P'tit Déli Framboise 160g","p":1.47,"u":"9,19 €/KG","img":"https://fd6-photos.leclercdrive.fr/image.ashx?id=2915290&use=l&cat=p&typeid=i","cat":284489},{"id":31110,"n":"Bonbons Confiséo Acacia assortiment fruit - 300g","p":1.91,"u":"6,37 €/KG","img":"https://fd6-photos.leclercdrive.fr/image.ashx?id=2934679&use=l&cat=p&typeid=i","cat":304252},{"id":31113,"n":"Haricots rouges Notre Jardin 500g","p":1.37,"u":"2,74 €/KG","img":"https://fd6-photos.leclercdrive.fr/image.ashx?id=2988054&use=l&cat=p&typeid=i","cat":312606},{"id":31116,"n":"Pâtes bio Jardin Bio' Tire-bouchon semi-complet  500g","p":2.01,"u":"4,02 €/KG","img":"https://fd6-photos.leclercdrive.fr/image.ashx?id=2961116&use=l&cat=p&typeid=i","cat":284427},{"id":31118,"n":"Madeleines P'tit Déli Coquilles 250g","p":0.99,"u":"3,96 €/KG","img":"https://fd6-photos.leclercdrive.fr/image.ashx?id=2999499&use=l&cat=p&typeid=i","cat":284492},{"id":31119,"n":"Tartelettes P'tit Déli Chocolat noisettes - 150g","p":1.29,"u":"8,60 €/KG","img":"https://fd6-photos.leclercdrive.fr/image.ashx?id=2345556&use=l&cat=p&typeid=i","cat":284488},{"id":31132,"n":"Tartine croustillante Epi d'Or Céréales - 250g","p":1.41,"u":"5,64 €/KG","img":"https://fd6-photos.leclercdrive.fr/image.ashx?id=2535256&use=l&cat=p&typeid=i","cat":284479},{"id":31133,"n":"Tartine croustillante Epi d'Or Seigle - 250g","p":1.29,"u":"5,16 €/KG","img":"https://fd6-photos.leclercdrive.fr/image.ashx?id=2533325&use=l&cat=p&typeid=i","cat":284479},{"id":31135,"n":"Terrine de lapin Côté Table A la moutarde - 180g","p":2.49,"u":"13,83 €/KG","img":"https://fd6-photos.leclercdrive.fr/image.ashx?id=2476125&use=l&cat=p&typeid=i","cat":305149},{"id":31136,"n":"Pâtes Torti Panzani 3 Minutes - 1Kg","p":2.25,"u":"2,25 €/KG","img":"https://fd6-photos.leclercdrive.fr/image.ashx?id=2896099&use=l&cat=p&typeid=i","cat":284427},{"id":31139,"n":"Tortillas chips Tables du Monde Chili - 200g","p":1.39,"u":"6,95 €/KG","img":"https://fd6-photos.leclercdrive.fr/image.ashx?id=2661544&use=l&cat=p&typeid=i","cat":288993},{"id":31143,"n":"Lait concentré sucré Délisse 397g","p":1.35,"u":"3,40 €/KG","img":"https://fd6-photos.leclercdrive.fr/image.ashx?id=2576588&use=l&cat=p&typeid=i","cat":299162},{"id":31146,"n":"Madeleines P'tit Déli Longues fourrées 240g","p":2.35,"u":"9,79 €/KG","img":"https://fd6-photos.leclercdrive.fr/image.ashx?id=2754204&use=l&cat=p&typeid=i","cat":284492},{"id":31149,"n":"Les p'tites spirales P'tit Déli Fraise 150g","p":1.55,"u":"10,33 €/KG","img":"https://fd6-photos.leclercdrive.fr/image.ashx?id=2660419&use=l&cat=p&typeid=i","cat":284495},{"id":31153,"n":"Moutarde gourmande Rustica 340g","p":1.59,"u":"4,68 €/KG","img":"https://fd6-photos.leclercdrive.fr/image.ashx?id=2666563&use=l&cat=p&typeid=i","cat":288850},{"id":31156,"n":"Café Soluble Nescafé x25 - 50g","p":2.04,"u":"40,80 €/KG","img":"https://fd6-photos.leclercdrive.fr/image.ashx?id=2485131&use=l&cat=p&typeid=i","cat":284843},{"id":31171,"n":"Pop corn sucrés Tokapi Micro-ondable - 3x90g","p":1.25,"u":"4,63 €/KG","img":"https://fd6-photos.leclercdrive.fr/image.ashx?id=2987154&use=l&cat=p&typeid=i","cat":304249},{"id":31174,"n":"Pâtes penne rigate Panzani 1kg","p":2.01,"u":"2,01 €/KG","img":"https://fd6-photos.leclercdrive.fr/image.ashx?id=2876020&use=l&cat=p&typeid=i","cat":284427},{"id":31193,"n":"Biscuit apéritif ancel Bretzels Sticks - 200g","p":1.04,"u":"5,20 €/KG","img":"https://fd6-photos.leclercdrive.fr/image.ashx?id=2895178&use=l&cat=p&typeid=i","cat":297000},{"id":31211,"n":"Grana Padano AOP Casa Azzurra Râpé -  100g","p":1.96,"u":"19,60 €/KG","img":"https://fd6-photos.leclercdrive.fr/image.ashx?id=2284730&use=l&cat=p&typeid=i","cat":314035},{"id":31223,"n":"Bain Dissolvant Inell Bain sans acétone - 75ml","p":3.99,"u":"53,20 €/L","img":"https://fd6-photos.leclercdrive.fr/image.ashx?id=2244820&use=l&cat=p&typeid=i","cat":325347},{"id":31265,"n":"Friandises chats Félix Original  Party mix - 60g","p":1.35,"u":"22,50 €/KG","img":"https://fd6-photos.leclercdrive.fr/image.ashx?id=2683346&use=l&cat=p&typeid=i","cat":285285},{"id":31266,"n":"Friandises chats Félix Grillade - 60g","p":1.19,"u":"19,83 €/KG","img":"https://fd6-photos.leclercdrive.fr/image.ashx?id=2336614&use=l&cat=p&typeid=i","cat":285285},{"id":31267,"n":"Friandises chats Félix Saveur océane Party mix  - 60g","p":1.26,"u":"21,00 €/KG","img":"https://fd6-photos.leclercdrive.fr/image.ashx?id=2910210&use=l&cat=p&typeid=i","cat":285285},{"id":31289,"n":"Emmental râpé Entremont 3x70g","p":2.41,"u":"11,48 €/KG","img":"https://fd6-photos.leclercdrive.fr/image.ashx?id=2983150&use=l&cat=p&typeid=i","cat":314035},{"id":31297,"n":"Fromage crémeux Les Croisés 36%mg - 200g","p":2.43,"u":"12,15 €/KG","img":"https://fd6-photos.leclercdrive.fr/image.ashx?id=2037379&use=l&cat=p&typeid=i","cat":329558},{"id":31298,"n":"Brique affinée Les Croisés 30%mg - 180g","p":2.59,"u":"14,39 €/KG","img":"https://fd6-photos.leclercdrive.fr/image.ashx?id=719454&use=l&cat=p&typeid=i","cat":314033},{"id":31301,"n":"Steak haché Férial  15%mg - X10 - 1kg","p":11.9,"u":"11,90 €/KG","img":"https://fd6-photos.leclercdrive.fr/image.ashx?id=3004657&use=l&cat=p&typeid=i","cat":319778},{"id":31389,"n":"Menus gourmands Tous mes amis pour chatons - 12x100g","p":4.29,"u":"3,58 €/KG","img":"https://fd6-photos.leclercdrive.fr/image.ashx?id=2027595&use=l&cat=p&typeid=i","cat":285286},{"id":31414,"n":"Pâtes Alpina Savoie Chanterelles Crozets - 400g","p":2.71,"u":"6,78 €/KG","img":"https://fd6-photos.leclercdrive.fr/image.ashx?id=2795063&use=l&cat=p&typeid=i","cat":284427},{"id":31416,"n":"Chocolat noir Villars 72% -100g","p":2.35,"u":"23,50 €/KG","img":"https://fd6-photos.leclercdrive.fr/image.ashx?id=2464270&use=l&cat=p&typeid=i","cat":284956},{"id":31441,"n":"Plat bébé Blédina 12 mois  Courgette riz veau - 2x200g","p":2.77,"u":"6,93 €/KG","img":"https://fd6-photos.leclercdrive.fr/image.ashx?id=2975074&use=l&cat=p&typeid=i","cat":312237},{"id":31447,"n":"Tablette Chocolat Lait Crunch Céréales Croustillantes 2x100g","p":2.7,"u":"13,50 €/KG","img":"https://fd6-photos.leclercdrive.fr/image.ashx?id=2899740&use=l&cat=p&typeid=i","cat":284497},{"id":31449,"n":"Tortillas chips Eco+ Nature - 300g","p":0.94,"u":"3,13 €/KG","img":"https://fd6-photos.leclercdrive.fr/image.ashx?id=2669729&use=l&cat=p&typeid=i","cat":287899},{"id":31450,"n":"Délice de jambon Tulip 340g","p":3.03,"u":"8,91 €/KG","img":"https://fd6-photos.leclercdrive.fr/image.ashx?id=2465592&use=l&cat=p&typeid=i","cat":305149},{"id":31640,"n":"Pain complet 300g","p":1.75,"u":"5,83 €/KG","img":"https://fd6-photos.leclercdrive.fr/image.ashx?id=2657166&use=l&cat=p&typeid=i","cat":284359},{"id":31641,"n":"Poulet basquaise Côté Table Riz 285g","p":1.81,"u":"6,35 €/KG","img":"https://fd6-photos.leclercdrive.fr/image.ashx?id=2476149&use=l&cat=p&typeid=i","cat":284953},{"id":31652,"n":"Beurre Tendre Elle&Vire Doux - 82% MG - 250g","p":2.95,"u":"11,80 €/KG","img":"https://fd6-photos.leclercdrive.fr/image.ashx?id=2574374&use=l&cat=p&typeid=i","cat":284379},{"id":31656,"n":"Cornichons Rustica Aigre Doux - 360g","p":1.63,"u":"4,53 €/KG","img":"https://fd6-photos.leclercdrive.fr/image.ashx?id=2916698&use=l&cat=p&typeid=i","cat":284458},{"id":31659,"n":"Sirop La Maison Guiot Cerise - 70cl","p":3.18,"u":"4,54 €/L","img":"https://fd6-photos.leclercdrive.fr/image.ashx?id=2857201&use=l&cat=p&typeid=i","cat":295020},{"id":31660,"n":"Sirop La Maison Guiot Fraise des bois - 70cl","p":3.5,"u":"5,00 €/L","img":"https://fd6-photos.leclercdrive.fr/image.ashx?id=2857207&use=l&cat=p&typeid=i","cat":295020},{"id":31661,"n":"Sirop La Maison Guiot Pêche blanche - 70cl","p":3.34,"u":"4,77 €/L","img":"https://fd6-photos.leclercdrive.fr/image.ashx?id=2857198&use=l&cat=p&typeid=i","cat":295020},{"id":31662,"n":"Sirop La Maison Guiot Mûre / Cassis - 70cl","p":3.43,"u":"4,90 €/L","img":"https://fd6-photos.leclercdrive.fr/image.ashx?id=2857186&use=l&cat=p&typeid=i","cat":295020},{"id":31680,"n":"Lingettes bébé Mots d'Enfants Ultra-douces - x24","p":1.25,"u":"0,05 €/P","img":"https://fd6-photos.leclercdrive.fr/image.ashx?id=2856501&use=l&cat=p&typeid=i","cat":284738},{"id":31682,"n":"Sachet repas chat Tous mes amis Viande en sauces - 4x100g","p":1.49,"u":"3,73 €/KG","img":"https://fd6-photos.leclercdrive.fr/image.ashx?id=2043005&use=l&cat=p&typeid=i","cat":285286},{"id":31709,"n":"Viande boeuf séchée Saint Azay 10 tranches - 80g","p":3.78,"u":"47,25 €/KG","img":"https://fd6-photos.leclercdrive.fr/image.ashx?id=2979568&use=l&cat=p&typeid=i","cat":316007},{"id":31714,"n":"Pur jus de pomme Bio Village Bio - 6x20cl","p":3.25,"u":"2,71 €/L","img":"https://fd6-photos.leclercdrive.fr/image.ashx?id=2077442&use=l&cat=p&typeid=i","cat":284524},{"id":31717,"n":"Parmigiano Reg AOP Casa Azzurra Râpé -  60g","p":1.46,"u":"24,33 €/KG","img":"https://fd6-photos.leclercdrive.fr/image.ashx?id=2261951&use=l&cat=p&typeid=i","cat":314035},{"id":31724,"n":"Boisson Jafaden Cranberry Myrtille - 1L","p":1.77,"u":"1,77 €/L","img":"https://fd6-photos.leclercdrive.fr/image.ashx?id=2591403&use=l&cat=p&typeid=i","cat":284915},{"id":31725,"n":"Boisson énergisante X-tense Canette - 4x50cl","p":3.12,"u":"1,56 €/L","img":"https://fd6-photos.leclercdrive.fr/image.ashx?id=2956068&use=l&cat=p&typeid=i","cat":284533},{"id":31728,"n":"Jus de pomme Jafaden Nectar - 2L","p":2.15,"u":"1,08 €/L","img":"https://fd6-photos.leclercdrive.fr/image.ashx?id=2956077&use=l&cat=p&typeid=i","cat":284522},{"id":31729,"n":"Jus de pomme Jafaden A base de concentré - 1L","p":0.95,"u":"0,95 €/L","img":"https://fd6-photos.leclercdrive.fr/image.ashx?id=2550842&use=l&cat=p&typeid=i","cat":284522},{"id":31730,"n":"Pur jus de pomme Jafaden 1L","p":0.99,"u":"0,99 €/L","img":"https://fd6-photos.leclercdrive.fr/image.ashx?id=1936638&use=l&cat=p&typeid=i","cat":284522},{"id":31731,"n":"Thé glacé Fresh Tea Pêche - 1L","p":1.03,"u":"1,03 €/L","img":"https://fd6-photos.leclercdrive.fr/image.ashx?id=3002791&use=l&cat=p&typeid=i","cat":295019},{"id":31733,"n":"Pur jus multifruits Jafaden 1L","p":1.39,"u":"1,39 €/L","img":"https://fd6-photos.leclercdrive.fr/image.ashx?id=2890006&use=l&cat=p&typeid=i","cat":284917},{"id":31735,"n":"Nectar multifruits Jafaden 1L","p":1.75,"u":"1,75 €/L","img":"https://fd6-photos.leclercdrive.fr/image.ashx?id=2956089&use=l&cat=p&typeid=i","cat":284917},{"id":31736,"n":"Nectar Jafaden Goyave - 1L","p":2.08,"u":"2,08 €/L","img":"https://fd6-photos.leclercdrive.fr/image.ashx?id=2956095&use=l&cat=p&typeid=i","cat":284916},{"id":31737,"n":"Nectar Jafaden Passion - 1L","p":2.71,"u":"2,71 €/L","img":"https://fd6-photos.leclercdrive.fr/image.ashx?id=2959602&use=l&cat=p&typeid=i","cat":284916},{"id":31830,"n":"Sachet repas chat Tous mes amis Viande en sauce - 12x100g","p":3.65,"u":"3,04 €/KG","img":"https://fd6-photos.leclercdrive.fr/image.ashx?id=2677077&use=l&cat=p&typeid=i","cat":285286},{"id":31863,"n":"AOP Camembert Graindorge Au lait cru - 250g","p":3.99,"pp":2.79,"u":"11,16 €/KG","img":"https://fd6-photos.leclercdrive.fr/image.ashx?id=2412600&use=l&cat=p&typeid=i","cat":314033},{"id":31869,"n":"Crème épaisse AOP  Isigny Ste Mère 35%mg - 20cl","p":1.75,"u":"8,75 €/L","img":"https://fd6-photos.leclercdrive.fr/image.ashx?id=2711851&use=l&cat=p&typeid=i","cat":284381},{"id":31915,"n":"Mayonnaise à la moutarde de Dij  de Dijon Rustica - 235 g","p":1.25,"u":"5,32 €/KG","img":"https://fd6-photos.leclercdrive.fr/image.ashx?id=2954355&use=l&cat=p&typeid=i","cat":298295},{"id":31918,"n":"Sucre Tablier Blanc En morceaux - 1kg","p":1.99,"u":"1,99 €/KG","img":"https://fd6-photos.leclercdrive.fr/image.ashx?id=3010425&use=l&cat=p&typeid=i","cat":284502},{"id":31920,"n":"Matière grasse Rustica à tartiner 50%MG Omega 3 - 500g","p":1.98,"u":"3,96 €/KG","img":"https://fd6-photos.leclercdrive.fr/image.ashx?id=1585635&use=l&cat=p&typeid=i","cat":315229},{"id":31924,"n":"Déodorant bille Manava Peaux sensibles 50ml","p":1.15,"u":"23,00 €/L","img":"https://fd6-photos.leclercdrive.fr/image.ashx?id=2481222&use=l&cat=p&typeid=i","cat":284595},{"id":31934,"n":"Spray coiffant Vitanove Fixation forte - 250ml","p":1.19,"u":"4,76 €/L","img":"https://fd6-photos.leclercdrive.fr/image.ashx?id=2331697&use=l&cat=p&typeid=i","cat":284609},{"id":31935,"n":"Spray coiffant Vitanove Fixation extra forte - 250ml","p":1.39,"u":"5,56 €/L","img":"https://fd6-photos.leclercdrive.fr/image.ashx?id=2331700&use=l&cat=p&typeid=i","cat":284609},{"id":31936,"n":"Spray coiffant Vitanove Fixation extrême - 250ml","p":1.43,"u":"5,72 €/L","img":"https://fd6-photos.leclercdrive.fr/image.ashx?id=2331703&use=l&cat=p&typeid=i","cat":284609},{"id":31937,"n":"Laque Vitanove Fixation normale 300ml","p":1.95,"u":"6,50 €/L","img":"https://fd6-photos.leclercdrive.fr/image.ashx?id=2616739&use=l&cat=p&typeid=i","cat":284609},{"id":31941,"n":"IGP Ardèche rouge Pont d'Arc 13.5% vol - BIB 5L","p":12.18,"u":"2,44 €/L","img":"https://fd6-photos.leclercdrive.fr/image.ashx?id=2527913&use=l&cat=p&typeid=i","cat":289560},{"id":31965,"n":"Nettoyant spray Clair Cuisine et salle de bain 750ml","p":1.49,"u":"1,99 €/L","img":"https://fd6-photos.leclercdrive.fr/image.ashx?id=2466151&use=l&cat=p&typeid=i","cat":325357},{"id":31967,"n":"Gel nettoyant Clair Anticalcaire - 500ml","p":1.26,"u":"2,52 €/L","img":"https://fd6-photos.leclercdrive.fr/image.ashx?id=2634872&use=l&cat=p&typeid=i","cat":325362},{"id":31968,"n":"Crème Dépilatoire Siliss Sous la douche - 250ml","p":3.39,"u":"13,56 €/L","img":"https://fd6-photos.leclercdrive.fr/image.ashx?id=2842286&use=l&cat=p&typeid=i","cat":325351},{"id":31970,"n":"Soin visage Carré Homme Anti-âge anti-fatigue Q10- 50ml","p":3.7,"u":"74,00 €/L","img":"https://fd6-photos.leclercdrive.fr/image.ashx?id=2809689&use=l&cat=p&typeid=i","cat":284622},{"id":31981,"n":"Couches bébé Mots d'Enfants T4+ Ultra confort - 9/20kg - x24","p":5.8,"u":"0,24 €/P","img":"https://fd6-photos.leclercdrive.fr/image.ashx?id=2699459&use=l&cat=p&typeid=i","cat":284737},{"id":31982,"n":"Couches bébé Mots d'Enfants -T5 Ultra confort - 11/25kg - x23","p":5.66,"u":"0,25 €/P","img":"https://fd6-photos.leclercdrive.fr/image.ashx?id=2699462&use=l&cat=p&typeid=i","cat":284737},{"id":31983,"n":"Cidre rosé Les Goelleries 2.5%vol. - 75cl","p":2.29,"u":"3,05 €/L","img":"https://fd6-photos.leclercdrive.fr/image.ashx?id=2842295&use=l&cat=p&typeid=i","cat":334880},{"id":31985,"n":"Couches bébé Mots d'Enfants -T4 Ultra confort - 7/18kg - x26","p":5.55,"u":"0,21 €/P","img":"https://fd6-photos.leclercdrive.fr/image.ashx?id=2699456&use=l&cat=p&typeid=i","cat":284737},{"id":31988,"n":"Sachet repas chat Tous mes amis Poissons en gelée - 4x100g","p":1.33,"u":"3,33 €/KG","img":"https://fd6-photos.leclercdrive.fr/image.ashx?id=2043002&use=l&cat=p&typeid=i","cat":285286},{"id":32054,"n":"Eau minérale gazeuse St Diery  Naturelle - 6x50cl","p":1.45,"u":"0,48 €/L","img":"https://fd6-photos.leclercdrive.fr/image.ashx?id=2423532&use=l&cat=p&typeid=i","cat":284536},{"id":32059,"n":"Sachet repas chat Tous mes amis Viande en geléé - 12x100g","p":3.65,"u":"3,04 €/KG","img":"https://fd6-photos.leclercdrive.fr/image.ashx?id=2027598&use=l&cat=p&typeid=i","cat":285286},{"id":32064,"n":"Mousse à raser Carré Homme Sensible - 250ml","p":1.39,"u":"5,56 €/L","img":"https://fd6-photos.leclercdrive.fr/image.ashx?id=2704681&use=l&cat=p&typeid=i","cat":284617},{"id":32065,"n":"Couches bébé Mots d'Enfants T4 Douceur - 7/18kg - x74 changes","p":10.6,"u":"0,14 €/P","img":"https://fd6-photos.leclercdrive.fr/image.ashx?id=2699468&use=l&cat=p&typeid=i","cat":284737},{"id":32087,"n":"Yaourts vanille Soignon au lait de chèvre - 4x125g","p":2.42,"u":"4,84 €/KG","img":"https://fd6-photos.leclercdrive.fr/image.ashx?id=2518247&use=l&cat=p&typeid=i","cat":314998},{"id":32098,"n":"Biscuits Dinosaurus Lotus  Chocolat noir - 225g","p":2.09,"u":"9,29 €/KG","img":"https://fd6-photos.leclercdrive.fr/image.ashx?id=2859812&use=l&cat=p&typeid=i","cat":284488},{"id":32103,"n":"Goûter laitier Récré O'Lé Gourdes Chocolat - 4x85g","p":2.23,"u":"6,56 €/KG","img":"https://fd6-photos.leclercdrive.fr/image.ashx?id=3008824&use=l&cat=p&typeid=i","cat":284506},{"id":32104,"n":"Goûter laitier Récré O'Lé Gourdes Saveur Vanille - 4x85g","p":2.19,"u":"6,44 €/KG","img":"https://fd6-photos.leclercdrive.fr/image.ashx?id=3008827&use=l&cat=p&typeid=i","cat":284506},{"id":32125,"n":"Mélange Fruité Tokapi Fruits et graines - 110g","p":1.65,"u":"15,00 €/KG","img":"https://fd6-photos.leclercdrive.fr/image.ashx?id=2794003&use=l&cat=p&typeid=i","cat":284448},{"id":32129,"n":"AOC Entre-Deux-Mers vin blanc Chantet Blanet - BIB 3L","p":12.99,"u":"4,33 €/L","img":"https://fd6-photos.leclercdrive.fr/image.ashx?id=2895783&use=l&cat=p&typeid=i","cat":289560},{"id":32134,"n":"Vin blanc Prieur Barsanne Picpoul de Pinet AOC - BIB 3L","p":14.99,"u":"5,00 €/L","img":"https://fd6-photos.leclercdrive.fr/image.ashx?id=2887407&use=l&cat=p&typeid=i","cat":289560},{"id":32155,"n":"Classeur cahier Esquisse Bleu - Polypro - 21x29.7cm","p":1.89,"img":"https://fd6-photos.leclercdrive.fr/image.ashx?id=940887&use=l&cat=p&typeid=i","cat":284745},{"id":32181,"n":"Trousse dentaire Petit Dentamyl 2-6ans","p":2.5,"img":"https://fd6-photos.leclercdrive.fr/image.ashx?id=2072888&use=l&cat=p&typeid=i","cat":288897},{"id":32182,"n":"Trousse dentaire Petit Dentamyl 2-6ans","p":2.5,"img":"https://fd6-photos.leclercdrive.fr/image.ashx?id=2153159&use=l&cat=p&typeid=i","cat":288897},{"id":32183,"n":"Couches bébé Mots d'Enfants T4+ Douceur - 9/20kg - x70 changes","p":10.8,"u":"0,15 €/P","img":"https://fd6-photos.leclercdrive.fr/image.ashx?id=2699471&use=l&cat=p&typeid=i","cat":284737},{"id":32186,"n":"Couches bébé Mots d'Enfants T5 Douceur - 11/25kg - x66","p":10.7,"u":"0,16 €/P","img":"https://fd6-photos.leclercdrive.fr/image.ashx?id=2699474&use=l&cat=p&typeid=i","cat":284737},{"id":32202,"n":"Couches bébé Mots d'Enfants T3 Douceur - 4/9kg - x90 changes","p":11.4,"u":"0,13 €/P","img":"https://fd6-photos.leclercdrive.fr/image.ashx?id=2699465&use=l&cat=p&typeid=i","cat":284737},{"id":32216,"n":"Sandwich XXL Daunat Poulet rôti Mayonnaise - 230g","p":2.24,"u":"9,74 €/KG","img":"https://fd6-photos.leclercdrive.fr/image.ashx?id=2892706&use=l&cat=p&typeid=i","cat":333658},{"id":32217,"n":"Sandwich XXL Daunat Thon Oeuf Crudités - 230g","p":2.09,"u":"9,09 €/KG","img":"https://fd6-photos.leclercdrive.fr/image.ashx?id=2892697&use=l&cat=p&typeid=i","cat":333658},{"id":32254,"n":"Eau minérale naturelle St Amand 6x50cl","p":1.66,"u":"0,55 €/L","img":"https://fd6-photos.leclercdrive.fr/image.ashx?id=2877994&use=l&cat=p&typeid=i","cat":284535},{"id":32255,"n":"Déodorant Manava Pierre d'alun/Aloé véra - 200ml","p":1.44,"u":"7,20 €/L","img":"https://fd6-photos.leclercdrive.fr/image.ashx?id=2710494&use=l&cat=p&typeid=i","cat":284595},{"id":32258,"n":"Couches bébé Mots d'Enfants -T3 Ultra confort - 4/9kg - x29","p":5.99,"u":"0,21 €/P","img":"https://fd6-photos.leclercdrive.fr/image.ashx?id=2699453&use=l&cat=p&typeid=i","cat":284737},{"id":32267,"n":"Emmental fromage rapé Les Croisés - 325g","p":2.65,"u":"8,15 €/KG","img":"https://fd6-photos.leclercdrive.fr/image.ashx?id=2942786&use=l&cat=p&typeid=i","cat":314035},{"id":32268,"n":"Bûche de chèvre Les Croisés Non affiné 19%mg - 150g","p":1.89,"u":"12,60 €/KG","img":"https://fd6-photos.leclercdrive.fr/image.ashx?id=2919613&use=l&cat=p&typeid=i","cat":314031},{"id":32271,"n":"Pizza Turini Jambon emmental - 200g","p":1.22,"u":"6,10 €/KG","img":"https://fd6-photos.leclercdrive.fr/image.ashx?id=2223087&use=l&cat=p&typeid=i","cat":333679},{"id":32286,"n":"Papillons d'Alsace NRT 250g","p":1.39,"u":"5,56 €/KG","img":"https://fd6-photos.leclercdrive.fr/image.ashx?id=2839992&use=l&cat=p&typeid=i","cat":284427},{"id":32293,"n":"Sucre de canne Tablier Blanc Cassonade 750g","p":1.55,"u":"2,07 €/KG","img":"https://fd6-photos.leclercdrive.fr/image.ashx?id=2501676&use=l&cat=p&typeid=i","cat":284502},{"id":32301,"n":"Biscuit Petit beurre P'tit Déli Tablette chocolat blanc - 150g","p":1.49,"u":"9,93 €/KG","img":"https://fd6-photos.leclercdrive.fr/image.ashx?id=2970738&use=l&cat=p&typeid=i","cat":284488},{"id":32304,"n":"Aubergines Notre Jardin Grillées 600g","p":3.49,"u":"5,82 €/KG","img":"https://fd6-photos.leclercdrive.fr/image.ashx?id=2255307&use=l&cat=p&typeid=i","cat":319805},{"id":32307,"n":"Le Rossignol Les Croisés 29%mg - 250g","p":2.16,"u":"8,64 €/KG","img":"https://fd6-photos.leclercdrive.fr/image.ashx?id=2343100&use=l&cat=p&typeid=i","cat":329558},{"id":32316,"n":"Gin Brighton's London Dry 37.5%vol - 1L","p":15.69,"u":"15,69 €/L","img":"https://fd6-photos.leclercdrive.fr/image.ashx?id=2907189&use=l&cat=p&typeid=i","cat":284550},{"id":32317,"n":"Apéritif Lagoa Cocktail Planteur sans alcool 75cl","p":3.04,"u":"4,05 €/L","img":"https://fd6-photos.leclercdrive.fr/image.ashx?id=2047868&use=l&cat=p&typeid=i","cat":284549},{"id":32319,"n":"Pétillant Gibus Pomme pêche sans alcool 75cl","p":2.45,"u":"3,27 €/L","img":"https://fd6-photos.leclercdrive.fr/image.ashx?id=1887592&use=l&cat=p&typeid=i","cat":289460},{"id":32320,"n":"AOC Champagne Blanc de Blancs Brut Pol Carson - 75cl","p":21.99,"u":"29,32 €/L","img":"https://fd6-photos.leclercdrive.fr/image.ashx?id=2994809&use=l&cat=p&typeid=i","cat":284542},{"id":32322,"n":"AOC Crémant de Limoux brut rosé Prieur Barsanne - 75cl","p":5.75,"u":"7,67 €/L","img":"https://fd6-photos.leclercdrive.fr/image.ashx?id=2709665&use=l&cat=p&typeid=i","cat":284545},{"id":32335,"n":"100% Pur jus d'orange Jafaden Très pulpé - 1L","p":2.61,"u":"2,61 €/L","img":"https://fd6-photos.leclercdrive.fr/image.ashx?id=2869272&use=l&cat=p&typeid=i","cat":284521},{"id":32339,"n":"Sirop Frucci Pamplemousse Rose - 75cl","p":3.65,"u":"4,87 €/L","img":"https://fd6-photos.leclercdrive.fr/image.ashx?id=728406&use=l&cat=p&typeid=i","cat":295020},{"id":32352,"n":"Emmental fromage râpé bio Bio village - 200g","p":2.31,"u":"11,55 €/KG","img":"https://fd6-photos.leclercdrive.fr/image.ashx?id=1972558&use=l&cat=p&typeid=i","cat":314035},{"id":32353,"n":"Mozzarella Les Croisés - 3x125g","p":2.75,"u":"7,33 €/KG","img":"https://fd6-photos.leclercdrive.fr/image.ashx?id=2822126&use=l&cat=p&typeid=i","cat":314026},{"id":32357,"n":"Yaourts en gourde Délisse 3 Abricots + 3 Fraises - 6x90g","p":2.89,"u":"5,35 €/KG","img":"https://fd6-photos.leclercdrive.fr/image.ashx?id=2699565&use=l&cat=p&typeid=i","cat":284415},{"id":32371,"n":"Petits pots  Babybio Bio Carotte quinoa - 8mois 2x200g","p":2.52,"u":"6,30 €/KG","img":"https://fd6-photos.leclercdrive.fr/image.ashx?id=2834512&use=l&cat=p&typeid=i","cat":312239},{"id":32373,"n":"Petits pots Babybio Bio Légume canard - 8mois 2x200g","p":3.43,"u":"17,15 €/KG","img":"https://fd6-photos.leclercdrive.fr/image.ashx?id=2912200&use=l&cat=p&typeid=i","cat":312236},{"id":32377,"n":"Gélule brûle graisse Juvamine Thé vert / Kola - x60","p":5.9,"u":"0,10 €/P","img":"https://fd6-photos.leclercdrive.fr/image.ashx?id=2177785&use=l&cat=p&typeid=i","cat":313217},{"id":32380,"n":"Farine de blé Eco+ 1kg","p":0.54,"u":"0,54 €/KG","img":"https://fd6-photos.leclercdrive.fr/image.ashx?id=2694076&use=l&cat=p&typeid=i","cat":284503},{"id":32385,"n":"Asperges blanches très grosses En bocal - 395G","p":5.45,"u":"13,80 €/KG","img":"https://fd6-photos.leclercdrive.fr/image.ashx?id=2049013&use=l&cat=p&typeid=i","cat":312611},{"id":32386,"n":"Mélange forestier Notre Jardin 225g","p":2.57,"u":"11,42 €/KG","img":"https://fd6-photos.leclercdrive.fr/image.ashx?id=2804329&use=l&cat=p&typeid=i","cat":312612},{"id":32387,"n":"Ratatouille Notre Jardin A la provençale - 375g","p":1.06,"u":"2,83 €/KG","img":"https://fd6-photos.leclercdrive.fr/image.ashx?id=2526294&use=l&cat=p&typeid=i","cat":312612},{"id":32388,"n":"Maïs Notre Jardin Aux 2 poivrons - 270g","p":1.19,"u":"4,41 €/KG","img":"https://fd6-photos.leclercdrive.fr/image.ashx?id=2988057&use=l&cat=p&typeid=i","cat":312611},{"id":32389,"n":"Cuisse poulet blanc Volandrie x2 - 500g","p":2.85,"u":"5,70 €/KG","img":"https://fd6-photos.leclercdrive.fr/image.ashx?id=2647880&use=l&cat=p&typeid=i","cat":284336},{"id":32390,"n":"Cuisse poulet jaune Volandrie x2 - 500g","p":2.85,"u":"5,70 €/KG","img":"https://fd6-photos.leclercdrive.fr/image.ashx?id=2804187&use=l&cat=p&typeid=i","cat":284336},{"id":32422,"n":"Poulet rôti Purée à l'ancienne La Cuisine d'Océane 300g","p":2.86,"u":"9,53 €/KG","img":"https://fd6-photos.leclercdrive.fr/image.ashx?id=2962377&use=l&cat=p&typeid=i","cat":284953},{"id":32436,"n":"AOP Côtes du Rhône rosé Cellier des Dauphins - BIB 3L","p":11.35,"u":"3,78 €/L","img":"https://fd6-photos.leclercdrive.fr/image.ashx?id=2829985&use=l&cat=p&typeid=i","cat":289560},{"id":32444,"n":"AOP Cabernet d'Anjou vin rosé  Soupçon de Fruit  - 75cl","p":5.14,"u":"6,85 €/L","img":"https://fd6-photos.leclercdrive.fr/image.ashx?id=2432388&use=l&cat=p&typeid=i","cat":289558},{"id":32452,"n":"Lait de montagne Délisse UHT Bouteille -  6x1L","p":6.66,"u":"1,11 €/L","img":"https://fd6-photos.leclercdrive.fr/image.ashx?id=2929937&use=l&cat=p&typeid=i","cat":284377},{"id":32453,"n":"Lait de montagne Délisse Brique UHT -  6x1L","p":6.54,"u":"1,09 €/L","img":"https://fd6-photos.leclercdrive.fr/image.ashx?id=2366289&use=l&cat=p&typeid=i","cat":284377},{"id":32473,"n":"Sacs collecteur 160L Poubel'sak x10","p":5.23,"u":"0,52 €/P","img":"https://fd6-photos.leclercdrive.fr/image.ashx?id=1867456&use=l&cat=p&typeid=i","cat":285168},{"id":32493,"n":"Crème glacée L'Angelys Caramel beurre salé - 450g","p":5.21,"u":"11,58 €/KG","img":"https://fd6-photos.leclercdrive.fr/image.ashx?id=2883188&use=l&cat=p&typeid=i","cat":284263},{"id":32497,"n":"Recharge Savon Mains Dettol Parfum Citron 250ml","p":1.95,"u":"7,80 €/L","img":"https://fd6-photos.leclercdrive.fr/image.ashx?id=2962020&use=l&cat=p&typeid=i","cat":284597},{"id":32516,"n":"Saumon fumé Bio Bio Village Atlantique x4T - 120g","p":5.77,"u":"48,08 €/KG","img":"https://fd6-photos.leclercdrive.fr/image.ashx?id=2627209&use=l&cat=p&typeid=i","cat":285188},{"id":32552,"n":"Apéritif Lagoa Cocktail Mojito sans alcool 75cl","p":2.95,"u":"3,93 €/L","img":"https://fd6-photos.leclercdrive.fr/image.ashx?id=2519969&use=l&cat=p&typeid=i","cat":284549},{"id":32555,"n":"Fromage Maasdam Les Croisés tranches x14 - 27.1%mg - 350g","p":3.23,"u":"9,23 €/KG","img":"https://fd6-photos.leclercdrive.fr/image.ashx?id=2026322&use=l&cat=p&typeid=i","cat":314028},{"id":32556,"n":"Gouda Les Croisés 30.5%mg portion - 250g","p":3.25,"u":"13,00 €/KG","img":"https://fd6-photos.leclercdrive.fr/image.ashx?id=2900121&use=l&cat=p&typeid=i","cat":314034},{"id":32557,"n":"Edam Les Croisés 23.7%mg portion - 250g","p":3.09,"u":"12,36 €/KG","img":"https://fd6-photos.leclercdrive.fr/image.ashx?id=2900124&use=l&cat=p&typeid=i","cat":314034},{"id":32558,"n":"Mimolette Les Croisés 23.7%mg portion - 250g","p":2.97,"u":"11,88 €/KG","img":"https://fd6-photos.leclercdrive.fr/image.ashx?id=2796049&use=l&cat=p&typeid=i","cat":314034},{"id":32631,"n":"Biscuits palmier Bio Village Bio - 100g","p":1.27,"u":"12,70 €/KG","img":"https://fd6-photos.leclercdrive.fr/image.ashx?id=2610729&use=l&cat=p&typeid=i","cat":284487},{"id":32643,"n":"Pruneaux d'Agen Couleurs Vives Dénoyautés - 500g","p":3.99,"u":"7,98 €/KG","img":"https://fd6-photos.leclercdrive.fr/image.ashx?id=2124107&use=l&cat=p&typeid=i","cat":284357},{"id":32690,"n":"Tranches de fromage Leerdammer Le Léger - 8 Tranches - 200g","p":3.8,"u":"19,00 €/KG","img":"https://fd6-photos.leclercdrive.fr/image.ashx?id=2507581&use=l&cat=p&typeid=i","cat":314028},{"id":32707,"n":"Poisson pané  Cabillaud Findus MSC x4 - 400g","p":6.98,"u":"17,45 €/KG","img":"https://fd6-photos.leclercdrive.fr/image.ashx?id=2650666&use=l&cat=p&typeid=i","cat":319788},{"id":32724,"n":"Pain grillé bio Bio Village Céréales et graines - 225g","p":1.59,"u":"7,07 €/KG","img":"https://fd6-photos.leclercdrive.fr/image.ashx?id=2595119&use=l&cat=p&typeid=i","cat":284479},{"id":32765,"n":"Bonbons Copains Copines Planch' acid goût fruit 225g","p":1.11,"u":"4,93 €/KG","img":"https://fd6-photos.leclercdrive.fr/image.ashx?id=2934709&use=l&cat=p&typeid=i","cat":304250},{"id":32786,"n":"Déodorant bille Manava Pierre d'alun - 50ml","p":0.99,"u":"19,80 €/L","img":"https://fd6-photos.leclercdrive.fr/image.ashx?id=2481219&use=l&cat=p&typeid=i","cat":284595},{"id":32817,"n":"Eau minérale Mont Blanc 6x1.5L","p":2.92,"u":"0,32 €/L","img":"https://fd6-photos.leclercdrive.fr/image.ashx?id=2401110&use=l&cat=p&typeid=i","cat":284535},{"id":32829,"n":"Litière chats Tous mes Amis Optimale - 5L","p":4.5,"u":"0,90 €/L","img":"https://fd6-photos.leclercdrive.fr/image.ashx?id=2055220&use=l&cat=p&typeid=i","cat":284683},{"id":32877,"n":"Tarte au fromage Côté Table 2x130g","p":2.71,"u":"10,42 €/KG","img":"https://fd6-photos.leclercdrive.fr/image.ashx?id=2944609&use=l&cat=p&typeid=i","cat":333680},{"id":32878,"n":"Biscuits fins P'tit Déli Assortiment - 400g","p":4.57,"u":"11,43 €/KG","img":"https://fd6-photos.leclercdrive.fr/image.ashx?id=2563154&use=l&cat=p&typeid=i","cat":284490},{"id":32901,"n":"Escalopes de dinde Volandrie x2 - 240g","p":3.49,"u":"14,54 €/KG","img":"https://fd6-photos.leclercdrive.fr/image.ashx?id=2048860&use=l&cat=p&typeid=i","cat":284337},{"id":32902,"n":"Escalope de dinde Volandrie Extra fines x2 - 240g","p":3.49,"u":"14,54 €/KG","img":"https://fd6-photos.leclercdrive.fr/image.ashx?id=2048863&use=l&cat=p&typeid=i","cat":284337},{"id":32915,"n":"Oignons frits Colona 100g","p":1.35,"u":"13,50 €/KG","img":"https://fd6-photos.leclercdrive.fr/image.ashx?id=2687230&use=l&cat=p&typeid=i","cat":298297},{"id":32924,"n":"Chicorée en grains Lutun  500g","p":1.55,"u":"3,10 €/KG","img":"https://fd6-photos.leclercdrive.fr/image.ashx?id=2775601&use=l&cat=p&typeid=i","cat":284843},{"id":32925,"n":"Levure boulangère 42g","p":0.36,"u":"8,57 €/KG","img":"https://fd6-photos.leclercdrive.fr/image.ashx?id=2352489&use=l&cat=p&typeid=i","cat":294686},{"id":32934,"n":"Bière blanche 1664 Blanc 5° - 12x25cl","p":9.42,"u":"3,14 €/L","img":"https://fd6-photos.leclercdrive.fr/image.ashx?id=2886696&use=l&cat=p&typeid=i","cat":334878},{"id":32949,"n":"Gel Douche Fa Cap tonique mixte flacon- 250ml","p":1.49,"u":"5,96 €/L","img":"https://fd6-photos.leclercdrive.fr/image.ashx?id=2995418&use=l&cat=p&typeid=i","cat":284594},{"id":32954,"n":"Bûche glacée Eskiss Poire Chocolat - 549g","p":3.89,"u":"7,09 €/KG","img":"https://fd6-photos.leclercdrive.fr/image.ashx?id=2209852&use=l&cat=p&typeid=i","cat":284266},{"id":32957,"n":"Poitrine fumée Herta 2x100g","p":2.97,"u":"14,85 €/KG","img":"https://fd6-photos.leclercdrive.fr/image.ashx?id=2787773&use=l&cat=p&typeid=i","cat":316011},{"id":32969,"n":"Mousse à raser Carré Homme Menthol 250ml","p":1.39,"u":"5,56 €/L","img":"https://fd6-photos.leclercdrive.fr/image.ashx?id=2704705&use=l&cat=p&typeid=i","cat":284617},{"id":32970,"n":"Lingettes Bionaïa Démaquillantes Bio x25","p":1.04,"u":"0,04 €/P","img":"https://fd6-photos.leclercdrive.fr/image.ashx?id=2376025&use=l&cat=p&typeid=i","cat":284603},{"id":32971,"n":"Mousse à raser Carré Homme Protectrice 250ml","p":1.12,"u":"4,48 €/L","img":"https://fd6-photos.leclercdrive.fr/image.ashx?id=2842289&use=l&cat=p&typeid=i","cat":284617},{"id":32972,"n":"Gel nettoyant Inell Visage 3 en 1 - 150ml","p":2.95,"u":"19,67 €/L","img":"https://fd6-photos.leclercdrive.fr/image.ashx?id=2644849&use=l&cat=p&typeid=i","cat":284603},{"id":32973,"n":"Eau micellaire Inell 500ml","p":2.36,"u":"4,72 €/L","img":"https://fd6-photos.leclercdrive.fr/image.ashx?id=1938870&use=l&cat=p&typeid=i","cat":284603},{"id":32976,"n":"Pomme de terre de consommation 5kg","p":2.95,"u":"0,59 €/KG","img":"https://fd6-photos.leclercdrive.fr/image.ashx?id=588142&use=l&cat=p&typeid=i","cat":284352},{"id":32981,"n":"Biscuits sec thé P'tit Déli 340g","p":1.25,"u":"3,68 €/KG","img":"https://fd6-photos.leclercdrive.fr/image.ashx?id=2679488&use=l&cat=p&typeid=i","cat":284487},{"id":32982,"n":"Pâtes coquillettes Turini Les 3 min - 1kg","p":1.43,"u":"1,43 €/KG","img":"https://fd6-photos.leclercdrive.fr/image.ashx?id=2607530&use=l&cat=p&typeid=i","cat":284427},{"id":32985,"n":"Riz long Comptoir du Grain Cuisson rapide - 2kg","p":3.36,"u":"1,68 €/KG","img":"https://fd6-photos.leclercdrive.fr/image.ashx?id=2226197&use=l&cat=p&typeid=i","cat":284428},{"id":32986,"n":"Pâtes penne Turini Les 3 min - 500g","p":0.99,"u":"1,98 €/KG","img":"https://fd6-photos.leclercdrive.fr/image.ashx?id=2744240&use=l&cat=p&typeid=i","cat":284427},{"id":33004,"n":"Mousse au chocolat Marie Morin A l'ancienne - 2x100g","p":3.66,"u":"18,30 €/KG","img":"https://fd6-photos.leclercdrive.fr/image.ashx?id=2631687&use=l&cat=p&typeid=i","cat":284417},{"id":33017,"n":"Eau gazeuse  Badoit rouge fortement pétillante - 6x1l","p":3.66,"u":"0,61 €/L","img":"https://fd6-photos.leclercdrive.fr/image.ashx?id=2831783&use=l&cat=p&typeid=i","cat":284536},{"id":33019,"n":"Crème Nourrissante Nivea Visage Corps Mains - 150ml","p":1.95,"u":"13,00 €/L","img":"https://fd6-photos.leclercdrive.fr/image.ashx?id=2600536&use=l&cat=p&typeid=i","cat":325350},{"id":33034,"n":"AOC Crémant Bourgogne brut Veuve Ambal - Tastevine - 75cl","p":7.95,"pp":6.95,"u":"9,27 €/L","img":"https://fd6-photos.leclercdrive.fr/image.ashx?id=1965240&use=l&cat=p&typeid=i","cat":284545},{"id":33036,"n":"Beurre allégé Les Croisés Doux - 60% MG - 250g","p":1.87,"u":"7,48 €/KG","img":"https://fd6-photos.leclercdrive.fr/image.ashx?id=2893319&use=l&cat=p&typeid=i","cat":284379},{"id":33046,"n":"Tuiles Tokapi Epicé - 170g","p":1.39,"u":"8,18 €/KG","img":"https://fd6-photos.leclercdrive.fr/image.ashx?id=2641277&use=l&cat=p&typeid=i","cat":287899},{"id":33047,"n":"AOC Bordeaux vin rouge Chantet Blanet - BIB 5L","p":15.49,"u":"3,10 €/L","img":"https://fd6-photos.leclercdrive.fr/image.ashx?id=2727386&use=l&cat=p&typeid=i","cat":289560},{"id":33063,"n":"Lait de toilette Mots d'Enfants Extra-doux - 750ml","p":3.69,"u":"4,92 €/L","img":"https://fd6-photos.leclercdrive.fr/image.ashx?id=2266495&use=l&cat=p&typeid=i","cat":284741},{"id":33078,"n":"Crevettes cuites           400g","p":6.5,"u":"16,25 €/KG","img":"https://fd6-photos.leclercdrive.fr/image.ashx?id=630562&use=l&cat=p&typeid=i","cat":284343},{"id":33097,"n":"Steak haché façon bouchère 560g Férial - 15%mg - X4","p":9.45,"u":"16,88 €/KG","img":"https://fd6-photos.leclercdrive.fr/image.ashx?id=3004660&use=l&cat=p&typeid=i","cat":319778},{"id":33098,"n":"Viande hachée Férial 15%mg - 400G","p":5.49,"u":"13,73 €/KG","img":"https://fd6-photos.leclercdrive.fr/image.ashx?id=2966517&use=l&cat=p&typeid=i","cat":319779},{"id":33150,"n":"Blanquette Weight Watchers Poulet 300g","p":3.2,"u":"10,67 €/KG","img":"https://fd6-photos.leclercdrive.fr/image.ashx?id=2880739&use=l&cat=p&typeid=i","cat":333665},{"id":33151,"n":"Préparation culinaire Soja Délisse - 5%mg - 3x20cl","p":1.89,"u":"3,15 €/L","img":"https://fd6-photos.leclercdrive.fr/image.ashx?id=2970741&use=l&cat=p&typeid=i","cat":316069},{"id":33197,"n":"Café moulu Plantation Colombie - 250g","p":3.87,"u":"15,48 €/KG","img":"https://fd6-photos.leclercdrive.fr/image.ashx?id=2824268&use=l&cat=p&typeid=i","cat":284750},{"id":33199,"n":"Sirop Eco+ Fraise - 1L","p":2.43,"u":"2,43 €/L","img":"https://fd6-photos.leclercdrive.fr/image.ashx?id=2959701&use=l&cat=p&typeid=i","cat":295020},{"id":33200,"n":"Sirop menthe Eco+ 1L","p":1.41,"u":"1,41 €/L","img":"https://fd6-photos.leclercdrive.fr/image.ashx?id=2909831&use=l&cat=p&typeid=i","cat":295020},{"id":33201,"n":"Sirop Eco+ Pêche - 1L","p":2.58,"u":"2,58 €/L","img":"https://fd6-photos.leclercdrive.fr/image.ashx?id=2901422&use=l&cat=p&typeid=i","cat":295020},{"id":33207,"n":"Gaufres fourrées vergeoises NRT 280g","p":3.59,"u":"12,82 €/KG","img":"https://fd6-photos.leclercdrive.fr/image.ashx?id=790418&use=l&cat=p&typeid=i","cat":294777},{"id":33215,"n":"IGP Pays d'Oc rouge Bio Merlot Autrement - 75cl","p":5.75,"u":"7,67 €/L","img":"https://fd6-photos.leclercdrive.fr/image.ashx?id=2508180&use=l&cat=p&typeid=i","cat":289556},{"id":33219,"n":"Truite fumée Ovive Aquitaine 4 tranches - 120g","p":5.82,"u":"48,50 €/KG","img":"https://fd6-photos.leclercdrive.fr/image.ashx?id=2996941&use=l&cat=p&typeid=i","cat":285188},{"id":33251,"n":"Déodorant Manava peux sensibles Anti-transpirant spray - 200ml","p":1.29,"u":"6,45 €/L","img":"https://fd6-photos.leclercdrive.fr/image.ashx?id=2886454&use=l&cat=p&typeid=i","cat":284595},{"id":33255,"n":"Pâtes farfalle Turini Les 3 min - 500g","p":1.07,"u":"2,14 €/KG","img":"https://fd6-photos.leclercdrive.fr/image.ashx?id=2669723&use=l&cat=p&typeid=i","cat":284427},{"id":33256,"n":"Sachet cuisson Rustica Poulet herbes de provence - 34g","p":0.6,"u":"17,65 €/KG","img":"https://fd6-photos.leclercdrive.fr/image.ashx?id=1886674&use=l&cat=p&typeid=i","cat":288380},{"id":33258,"n":"Sachet cuisson Rustica Poulet ail et oignon - 36g","p":0.59,"u":"16,39 €/KG","img":"https://fd6-photos.leclercdrive.fr/image.ashx?id=1886680&use=l&cat=p&typeid=i","cat":288380},{"id":33259,"n":"Sachet cuisson Rustica Poulet paprika et tomates - 34g","p":0.67,"u":"19,71 €/KG","img":"https://fd6-photos.leclercdrive.fr/image.ashx?id=2578632&use=l&cat=p&typeid=i","cat":288380},{"id":33260,"n":"Sachet cuisson Rustica Porc goût barbecue - 28g","p":0.61,"u":"21,79 €/KG","img":"https://fd6-photos.leclercdrive.fr/image.ashx?id=1886677&use=l&cat=p&typeid=i","cat":288380},{"id":33262,"n":"Céréales Corn Flakes Kellogg's 500g","p":2.53,"u":"5,06 €/KG","img":"https://fd6-photos.leclercdrive.fr/image.ashx?id=2522005&use=l&cat=p&typeid=i","cat":309513},{"id":33266,"n":"Céréales Smacks Kellogg's 400g","p":2.28,"u":"5,70 €/KG","img":"https://fd6-photos.leclercdrive.fr/image.ashx?id=2584235&use=l&cat=p&typeid=i","cat":309513},{"id":33269,"n":"Pommes de terre Pom'lisse Grenaille - 450g","p":2.49,"u":"5,53 €/KG","img":"https://fd6-photos.leclercdrive.fr/image.ashx?id=2704708&use=l&cat=p&typeid=i","cat":319792},{"id":33274,"n":"Pâtes spaghetti Turini Les 3 min - 1kg","p":1.55,"u":"1,55 €/KG","img":"https://fd6-photos.leclercdrive.fr/image.ashx?id=2607533&use=l&cat=p&typeid=i","cat":284427},{"id":33278,"n":"AOC Bergerac vin rouge Terrasses d'Autan - BIB 5L","p":14.99,"u":"3,00 €/L","img":"https://fd6-photos.leclercdrive.fr/image.ashx?id=2748049&use=l&cat=p&typeid=i","cat":289560},{"id":33287,"n":"Pâtes Torsettes Turini 3 min - 1kg","p":1.63,"u":"1,63 €/KG","img":"https://fd6-photos.leclercdrive.fr/image.ashx?id=2744237&use=l&cat=p&typeid=i","cat":284427},{"id":33299,"n":"Sérum physiologique Mots d'Enfants 5ml x40","p":2.19,"u":"10,95 €/L","img":"https://fd6-photos.leclercdrive.fr/image.ashx?id=3014209&use=l&cat=p&typeid=i","cat":284741},{"id":33301,"n":"Soda light  Pulp'Orange Orange Bouteille - 1,5L","p":1.39,"u":"0,93 €/L","img":"https://fd6-photos.leclercdrive.fr/image.ashx?id=2922412&use=l&cat=p&typeid=i","cat":284532},{"id":33302,"n":"Pâtes cannelloni Turini 250g","p":0.99,"u":"3,96 €/KG","img":"https://fd6-photos.leclercdrive.fr/image.ashx?id=2980468&use=l&cat=p&typeid=i","cat":284427},{"id":33304,"n":"Soja cuisine Bio Village Fluide bio - 3x20cl","p":1.61,"u":"2,68 €/L","img":"https://fd6-photos.leclercdrive.fr/image.ashx?id=2493679&use=l&cat=p&typeid=i","cat":316069},{"id":33306,"n":"Sucre pure canne Bio Village En poudre bio - 500g","p":1.66,"u":"3,32 €/KG","img":"https://fd6-photos.leclercdrive.fr/image.ashx?id=2115878&use=l&cat=p&typeid=i","cat":284502},{"id":33307,"n":"Semoule de blé fine Comptoir du Grain - 500g","p":0.96,"u":"1,92 €/KG","img":"https://fd6-photos.leclercdrive.fr/image.ashx?id=3012842&use=l&cat=p&typeid=i","cat":284429},{"id":33309,"n":"Galettes de maïs Bio Village x19 - 130g","p":0.91,"u":"7,00 €/KG","img":"https://fd6-photos.leclercdrive.fr/image.ashx?id=790757&use=l&cat=p&typeid=i","cat":318651},{"id":33334,"n":"Crème hydratante Mots d'Enfants Bébé - 100ml","p":2.38,"u":"23,80 €/L","img":"https://fd6-photos.leclercdrive.fr/image.ashx?id=3014218&use=l&cat=p&typeid=i","cat":284741},{"id":33335,"n":"Eau nettoyante Mots d'Enfants Hydratante - 750ml","p":3.15,"u":"4,20 €/L","img":"https://fd6-photos.leclercdrive.fr/image.ashx?id=3015075&use=l&cat=p&typeid=i","cat":284741},{"id":33336,"n":"Gel lavant bébé Mots d'Enfants Corps et cheveux - 750ml","p":3.15,"u":"4,20 €/L","img":"https://fd6-photos.leclercdrive.fr/image.ashx?id=3014224&use=l&cat=p&typeid=i","cat":284740},{"id":33399,"n":"Pâte d'amande 40% Vahiné Tricolore 150g","p":2.21,"u":"14,73 €/KG","img":"https://fd6-photos.leclercdrive.fr/image.ashx?id=2014370&use=l&cat=p&typeid=i","cat":284504},{"id":33440,"n":"AOP Crémant d'Alsace rosé Brut - Wolfberger - 75cl","p":7.77,"u":"10,36 €/L","img":"https://fd6-photos.leclercdrive.fr/image.ashx?id=2556123&use=l&cat=p&typeid=i","cat":284545},{"id":33499,"n":"Jus de pomme pétillant Champomy Pink Pomme Raisin - 75cl","p":2.98,"u":"3,97 €/L","img":"https://fd6-photos.leclercdrive.fr/image.ashx?id=2688638&use=l&cat=p&typeid=i","cat":289460},{"id":33503,"n":"Salade & Cie Sodebo Antibes Thon riz - 320g","p":3.19,"u":"9,97 €/KG","img":"https://fd6-photos.leclercdrive.fr/image.ashx?id=2799431&use=l&cat=p&typeid=i","cat":333657},{"id":33577,"n":"Confit d'oignons Labeyrie 50g","p":1.64,"u":"32,80 €/KG","img":"https://fd6-photos.leclercdrive.fr/image.ashx?id=2923510&use=l&cat=p&typeid=i","cat":316008},{"id":33583,"n":"Dés de fromage salade Boursin Figue et 3 noix - 120g","p":2.25,"u":"18,75 €/KG","img":"https://fd6-photos.leclercdrive.fr/image.ashx?id=2865668&use=l&cat=p&typeid=i","cat":314027},{"id":33594,"n":"Cacahuètes  Benenuts Grillées salées - 220g","p":1.29,"u":"5,86 €/KG","img":"https://fd6-photos.leclercdrive.fr/image.ashx?id=2418762&use=l&cat=p&typeid=i","cat":284448},{"id":33595,"n":"Monster Munch Salé - 85g","p":0.99,"u":"11,65 €/KG","img":"https://fd6-photos.leclercdrive.fr/image.ashx?id=2971598&use=l&cat=p&typeid=i","cat":284449},{"id":33596,"n":"Monster Munch Jambon fromage - 85g","p":1.04,"u":"12,24 €/KG","img":"https://fd6-photos.leclercdrive.fr/image.ashx?id=2971604&use=l&cat=p&typeid=i","cat":284449},{"id":33600,"n":"Monster Munch Ketchup - 85g","p":1.06,"u":"12,47 €/KG","img":"https://fd6-photos.leclercdrive.fr/image.ashx?id=2996932&use=l&cat=p&typeid=i","cat":284449},{"id":33667,"n":"Crème de cassis Auguste Mugniot 15%vol. - 70cl","p":4.89,"u":"6,99 €/L","img":"https://fd6-photos.leclercdrive.fr/image.ashx?id=1211501&use=l&cat=p&typeid=i","cat":286032},{"id":33680,"n":"Croquettes grands chiens Lydog Boeuf Volaille - 14.5kg","p":18.7,"u":"1,29 €/KG","img":"https://fd6-photos.leclercdrive.fr/image.ashx?id=2054975&use=l&cat=p&typeid=i","cat":284672},{"id":33697,"n":"Cuisses de poulet Maître Coq 1.4kg","p":6.43,"u":"4,59 €/KG","img":"https://fd6-photos.leclercdrive.fr/image.ashx?id=2551126&use=l&cat=p&typeid=i","cat":284336},{"id":33745,"n":"IGP Pays d'Oc rosé Cinsault  Syrah Ormes de Cambras - BIB 5L","p":15.85,"u":"3,17 €/L","img":"https://fd6-photos.leclercdrive.fr/image.ashx?id=2445118&use=l&cat=p&typeid=i","cat":289560},{"id":33749,"n":"IGP Terres du Midi Listel Vin rosé 12% vol - BIB 3L","p":12.98,"u":"4,33 €/L","img":"https://fd6-photos.leclercdrive.fr/image.ashx?id=2883468&use=l&cat=p&typeid=i","cat":289560},{"id":33754,"n":"Vin de l'Union Européenne blanc François d'Aubigné - 75cl","p":1.99,"u":"2,65 €/L","img":"https://fd6-photos.leclercdrive.fr/image.ashx?id=2753357&use=l&cat=p&typeid=i","cat":289557},{"id":33755,"n":"AOP Monbazillac vin blanc Bernard Cordelier - 75 cl","p":5.99,"u":"7,99 €/L","img":"https://fd6-photos.leclercdrive.fr/image.ashx?id=2809184&use=l&cat=p&typeid=i","cat":289557},{"id":33773,"n":"Biscuits petit dej P'tit Déli  Multi céréales - 400g","p":1.84,"u":"4,60 €/KG","img":"https://fd6-photos.leclercdrive.fr/image.ashx?id=2999505&use=l&cat=p&typeid=i","cat":284491},{"id":33792,"n":"Crème mains bio Bio NaÏa Hydratante - 100ml","p":1.99,"u":"19,90 €/L","img":"https://fd6-photos.leclercdrive.fr/image.ashx?id=2558811&use=l&cat=p&typeid=i","cat":325354},{"id":33801,"n":"Crème protectrice - change Mots d'Enfants - 100ml","p":1.99,"u":"19,90 €/L","img":"https://fd6-photos.leclercdrive.fr/image.ashx?id=2320468&use=l&cat=p&typeid=i","cat":284741},{"id":33802,"n":"Lait Démaquillant bio Bio Naïa Visage 250ml","p":2.56,"u":"10,24 €/L","img":"https://fd6-photos.leclercdrive.fr/image.ashx?id=2399752&use=l&cat=p&typeid=i","cat":284603},{"id":33804,"n":"Déodorant Manava Douceur satin 200ml","p":1.44,"u":"7,20 €/L","img":"https://fd6-photos.leclercdrive.fr/image.ashx?id=2835202&use=l&cat=p&typeid=i","cat":284595},{"id":33805,"n":"Lingettes désinfectantes Clair Anti-bactériennes x40","p":1.05,"u":"0,03 €/P","img":"https://fd6-photos.leclercdrive.fr/image.ashx?id=2768095&use=l&cat=p&typeid=i","cat":325358},{"id":33811,"n":"Pastis de Marseille 45%vol - 1L","p":16.35,"u":"16,35 €/L","img":"https://fd6-photos.leclercdrive.fr/image.ashx?id=2637817&use=l&cat=p&typeid=i","cat":284548},{"id":33816,"n":"Bâtonnets Dentastix Pedigree Moyen chien x56 - 1440g","p":14.04,"u":"10,03 €/KG","img":"https://fd6-photos.leclercdrive.fr/image.ashx?id=2980185&use=l&cat=p&typeid=i","cat":294527},{"id":33820,"n":"Friandises chat Catisfactions Saumon - 60g","p":1.14,"u":"19,00 €/KG","img":"https://fd6-photos.leclercdrive.fr/image.ashx?id=2912605&use=l&cat=p&typeid=i","cat":285285},{"id":33822,"n":"Pina Colada Jafaden  Cocktail sans alcool 1L","p":2.57,"u":"2,57 €/L","img":"https://fd6-photos.leclercdrive.fr/image.ashx?id=2956104&use=l&cat=p&typeid=i","cat":284549},{"id":33824,"n":"Pur jus multifruits Jafaden  Orange Carotte Banane - 1L","p":2.29,"u":"2,29 €/L","img":"https://fd6-photos.leclercdrive.fr/image.ashx?id=2841157&use=l&cat=p&typeid=i","cat":284917},{"id":33847,"n":"Pur jus multifruits Jafaden Orange Ananas Mangue - 1L","p":2.29,"u":"2,29 €/L","img":"https://fd6-photos.leclercdrive.fr/image.ashx?id=2841160&use=l&cat=p&typeid=i","cat":284917},{"id":33848,"n":"Pur jus multifruits Jafaden  Orange Clémentine Banane - 1L","p":2.35,"u":"2,35 €/L","img":"https://fd6-photos.leclercdrive.fr/image.ashx?id=2841163&use=l&cat=p&typeid=i","cat":284917},{"id":33849,"n":"Shampooing bio Bio naïa 250ml","p":1.8,"u":"7,20 €/L","img":"https://fd6-photos.leclercdrive.fr/image.ashx?id=2822117&use=l&cat=p&typeid=i","cat":284606},{"id":33850,"n":"Eponges multi-usage Mamison Vertes - X6","p":1.75,"u":"0,29 €/P","img":"https://fd6-photos.leclercdrive.fr/image.ashx?id=2175768&use=l&cat=p&typeid=i","cat":284667},{"id":33852,"n":"Cubes allume-feu Silex x72 cubes","p":3.05,"u":"0,04 €/P","img":"https://fd6-photos.leclercdrive.fr/image.ashx?id=1304486&use=l&cat=p&typeid=i","cat":300578},{"id":33882,"n":"Farfalle Bio Village Bio Au blé complet - 500g","p":1.95,"u":"3,90 €/KG","img":"https://fd6-photos.leclercdrive.fr/image.ashx?id=2625373&use=l&cat=p&typeid=i","cat":284427},{"id":33885,"n":"Olives noires  Rustica Dénoyautées - 180g","p":1.23,"u":"6,83 €/KG","img":"https://fd6-photos.leclercdrive.fr/image.ashx?id=1698893&use=l&cat=p&typeid=i","cat":284458},{"id":33887,"n":"Pains grillés complet Epi d'or 400g","p":1.57,"u":"3,93 €/KG","img":"https://fd6-photos.leclercdrive.fr/image.ashx?id=2982610&use=l&cat=p&typeid=i","cat":284479},{"id":33889,"n":"Pain précuit Epi d'or Petits pains x6 - 300g","p":0.99,"u":"3,30 €/KG","img":"https://fd6-photos.leclercdrive.fr/image.ashx?id=1905869&use=l&cat=p&typeid=i","cat":325069},{"id":33891,"n":"Paëlla royale Côté Table 300g","p":3.39,"u":"11,30 €/KG","img":"https://fd6-photos.leclercdrive.fr/image.ashx?id=2393872&use=l&cat=p&typeid=i","cat":284953},{"id":33892,"n":"Poule au riz Côté table 300g","p":2.31,"u":"7,70 €/KG","img":"https://fd6-photos.leclercdrive.fr/image.ashx?id=2393875&use=l&cat=p&typeid=i","cat":284953},{"id":33893,"n":"Penne Bio Village  Bio - 500g","p":0.89,"u":"1,78 €/KG","img":"https://fd6-photos.leclercdrive.fr/image.ashx?id=2625370&use=l&cat=p&typeid=i","cat":284427},{"id":33909,"n":"P'tit sablé P'tit Déli Au sel de Guérande 130g","p":1.09,"u":"8,38 €/KG","img":"https://fd6-photos.leclercdrive.fr/image.ashx?id=2666566&use=l&cat=p&typeid=i","cat":284487},{"id":33910,"n":"Biscuit Petit beurre P'tit Déli Chocolat noir pocket - 250g","p":2.39,"u":"9,56 €/KG","img":"https://fd6-photos.leclercdrive.fr/image.ashx?id=750629&use=l&cat=p&typeid=i","cat":284488},{"id":33915,"n":"Veau aux légumes Côté table Barquette 280g","p":2.29,"u":"8,18 €/KG","img":"https://fd6-photos.leclercdrive.fr/image.ashx?id=2476152&use=l&cat=p&typeid=i","cat":284953},{"id":33917,"n":"Thon entier Pêche Océan Huile d'olive - 160g","p":2.29,"u":"14,31 €/KG","img":"https://fd6-photos.leclercdrive.fr/image.ashx?id=2942199&use=l&cat=p&typeid=i","cat":303867},{"id":33918,"n":"Pâtes torsettes Turini Blé complet - 500g","p":0.99,"u":"1,98 €/KG","img":"https://fd6-photos.leclercdrive.fr/image.ashx?id=2607527&use=l&cat=p&typeid=i","cat":284427},{"id":33921,"n":"Boisson énergisante X-tense Bouteille - 1L","p":1.8,"u":"1,80 €/L","img":"https://fd6-photos.leclercdrive.fr/image.ashx?id=2956101&use=l&cat=p&typeid=i","cat":284533},{"id":33924,"n":"Betterave Notre Jardin Rouge entière - 250g","p":0.65,"u":"2,60 €/KG","img":"https://fd6-photos.leclercdrive.fr/image.ashx?id=2587106&use=l&cat=p&typeid=i","cat":284352},{"id":33925,"n":"Hachés au thon Pêche Océan Albacore à la tomate - 200g","p":2.7,"u":"13,50 €/KG","img":"https://fd6-photos.leclercdrive.fr/image.ashx?id=2953629&use=l&cat=p&typeid=i","cat":284344},{"id":33988,"n":"Bloc WC Syphon Activ' Effect Marine x1","p":1.58,"img":"https://fd6-photos.leclercdrive.fr/image.ashx?id=2302690&use=l&cat=p&typeid=i","cat":284662},{"id":33989,"n":"Coq au vin Côté Table 400g","p":2.54,"u":"6,35 €/KG","img":"https://fd6-photos.leclercdrive.fr/image.ashx?id=2977876&use=l&cat=p&typeid=i","cat":284441},{"id":33992,"n":"Soda Coca-Cola Zéro Cherry  Bouteille - 1,25L","p":1.67,"u":"1,34 €/L","img":"https://fd6-photos.leclercdrive.fr/image.ashx?id=2678158&use=l&cat=p&typeid=i","cat":284530},{"id":34006,"n":"Boisson aux fruits Capri Sun Tropical - 10x20cl","p":3.38,"u":"1,69 €/L","img":"https://fd6-photos.leclercdrive.fr/image.ashx?id=2506399&use=l&cat=p&typeid=i","cat":295018},{"id":34007,"n":"Bâtonnets Dentastix Pedigree  Fresh Moyen chien x7 - 180g","p":2.5,"u":"13,89 €/KG","img":"https://fd6-photos.leclercdrive.fr/image.ashx?id=2850171&use=l&cat=p&typeid=i","cat":294527},{"id":34106,"n":"Dosettes café Plantation  Classique - x36 - 250g","p":3.72,"u":"14,88 €/KG","img":"https://fd6-photos.leclercdrive.fr/image.ashx?id=2622109&use=l&cat=p&typeid=i","cat":293238},{"id":34107,"n":"Dosettes café Plantation  Corsé - x36 - 250g","p":3.72,"u":"14,88 €/KG","img":"https://fd6-photos.leclercdrive.fr/image.ashx?id=2622112&use=l&cat=p&typeid=i","cat":293238},{"id":34175,"n":"Bouillon de boeuf Jardin Bio' Bio cube sans huile palme - x8","p":2.1,"u":"26,25 €/KG","img":"https://fd6-photos.leclercdrive.fr/image.ashx?id=2535532&use=l&cat=p&typeid=i","cat":288379},{"id":34176,"n":"Bouillon de légumes Jardin Bio' Bio cube sans huile palme x10","p":2.07,"u":"23,00 €/KG","img":"https://fd6-photos.leclercdrive.fr/image.ashx?id=2990844&use=l&cat=p&typeid=i","cat":288379},{"id":34177,"n":"Effilés aux legumes Purina One Poulet / Boeufs - 4x85g","p":2.15,"u":"6,32 €/KG","img":"https://fd6-photos.leclercdrive.fr/image.ashx?id=2467483&use=l&cat=p&typeid=i","cat":285286},{"id":34178,"n":"Sachet repas chats Purina One Viandes et Poissons - 4x85g","p":2.14,"u":"6,29 €/KG","img":"https://fd6-photos.leclercdrive.fr/image.ashx?id=2467486&use=l&cat=p&typeid=i","cat":285286},{"id":34180,"n":"Gants jetables Mamison latex Taille M x100","p":5.49,"u":"0,05 €/P","img":"https://fd6-photos.leclercdrive.fr/image.ashx?id=1947725&use=l&cat=p&typeid=i","cat":284668},{"id":34183,"n":"Tortilla Tables du monde Oignons 500g","p":2.89,"u":"5,78 €/KG","img":"https://fd6-photos.leclercdrive.fr/image.ashx?id=794123&use=l&cat=p&typeid=i","cat":333673},{"id":34184,"n":"Filets poulet blanc Maître Coq 600g","p":6.2,"u":"10,33 €/KG","img":"https://fd6-photos.leclercdrive.fr/image.ashx?id=2551156&use=l&cat=p&typeid=i","cat":284336},{"id":34185,"n":"Filets poulet jaune Maitre coq 600g","p":5.6,"u":"9,33 €/KG","img":"https://fd6-photos.leclercdrive.fr/image.ashx?id=2551159&use=l&cat=p&typeid=i","cat":284336},{"id":34186,"n":"Aiguillettes poulet Maitre coq Blanc - 450g","p":6.58,"u":"14,62 €/KG","img":"https://fd6-photos.leclercdrive.fr/image.ashx?id=2551162&use=l&cat=p&typeid=i","cat":284336},{"id":34196,"n":"Gratin Fleury Michon Choux-fleur jambon 280g","p":3.18,"u":"11,36 €/KG","img":"https://fd6-photos.leclercdrive.fr/image.ashx?id=3003293&use=l&cat=p&typeid=i","cat":333665},{"id":34203,"n":"Tortilla Tables du monde Nature 500g","p":2.89,"u":"5,78 €/KG","img":"https://fd6-photos.leclercdrive.fr/image.ashx?id=654051&use=l&cat=p&typeid=i","cat":333673},{"id":34204,"n":"Lait corps bio Bio naïa 250ml","p":3.53,"u":"14,12 €/L","img":"https://fd6-photos.leclercdrive.fr/image.ashx?id=2431131&use=l&cat=p&typeid=i","cat":325349},{"id":34241,"n":"Manchons de poulet Côté Croc Barbecue - 250g","p":2.49,"u":"9,96 €/KG","img":"https://fd6-photos.leclercdrive.fr/image.ashx?id=2560482&use=l&cat=p&typeid=i","cat":333685},{"id":34326,"n":"Dosettes café Plantation  Caramel - x10 - 70g","p":1.63,"u":"23,29 €/KG","img":"https://fd6-photos.leclercdrive.fr/image.ashx?id=2824277&use=l&cat=p&typeid=i","cat":293238},{"id":34327,"n":"Dosettes café Plantation Noisette - x10 - 70g","p":1.82,"u":"26,00 €/KG","img":"https://fd6-photos.leclercdrive.fr/image.ashx?id=2664578&use=l&cat=p&typeid=i","cat":293238},{"id":34331,"n":"Boisson à base de vin rosé Very Cerise - 75cl","p":3.1,"u":"4,13 €/L","img":"https://fd6-photos.leclercdrive.fr/image.ashx?id=2443877&use=l&cat=p&typeid=i","cat":304569},{"id":34332,"n":"Vodka Sobieski  37,5%vol - 1L","p":15.72,"u":"15,72 €/L","img":"https://fd6-photos.leclercdrive.fr/image.ashx?id=2948477&use=l&cat=p&typeid=i","cat":284550},{"id":34333,"n":"Boisson à base de vin rosé Very Framboise - 75cl","p":3.09,"u":"4,12 €/L","img":"https://fd6-photos.leclercdrive.fr/image.ashx?id=2446632&use=l&cat=p&typeid=i","cat":304569},{"id":34334,"n":"Boisson à base de vin blanc  Very Pech'- Pêche - 75cl","p":3.18,"u":"4,24 €/L","img":"https://fd6-photos.leclercdrive.fr/image.ashx?id=2443874&use=l&cat=p&typeid=i","cat":304569},{"id":34350,"n":"Shampooing sec Vitanove Cheveux normaux - 150ml","p":1.87,"u":"12,47 €/L","img":"https://fd6-photos.leclercdrive.fr/image.ashx?id=2669720&use=l&cat=p&typeid=i","cat":289143},{"id":34361,"n":"Préparation pain Tablier Blanc Farine pour pain nature - 1kg","p":1.35,"u":"1,35 €/KG","img":"https://fd6-photos.leclercdrive.fr/image.ashx?id=2832951&use=l&cat=p&typeid=i","cat":284503},{"id":34362,"n":"Préparation pain Tablier Blanc Farine pain aux céréales - 1kg","p":1.45,"u":"1,45 €/KG","img":"https://fd6-photos.leclercdrive.fr/image.ashx?id=2844836&use=l&cat=p&typeid=i","cat":284503},{"id":34406,"n":"Dosettes café Plantation  Décaféiné - x36 - 250g","p":3.99,"u":"15,96 €/KG","img":"https://fd6-photos.leclercdrive.fr/image.ashx?id=2824274&use=l&cat=p&typeid=i","cat":293238},{"id":34500,"n":"Dosettes café Plantation  Classique - x48 - 336g","p":4.95,"u":"14,73 €/KG","img":"https://fd6-photos.leclercdrive.fr/image.ashx?id=2824271&use=l&cat=p&typeid=i","cat":293238},{"id":34501,"n":"Noisettes rondes  500g","p":4.95,"u":"9,90 €/KG","img":"https://fd6-photos.leclercdrive.fr/image.ashx?id=655539&use=l&cat=p&typeid=i","cat":284357},{"id":34512,"n":"AOC Buzet vin rouge Terrasses d'Autan - BIB 3L","p":11.49,"u":"3,83 €/L","img":"https://fd6-photos.leclercdrive.fr/image.ashx?id=2545096&use=l&cat=p&typeid=i","cat":289560},{"id":34519,"n":"Vin mousseux brut rosé  produit en Allemagne -75cl","p":2.98,"u":"3,97 €/L","img":"https://fd6-photos.leclercdrive.fr/image.ashx?id=2523359&use=l&cat=p&typeid=i","cat":284544},{"id":34557,"n":"AOP Corbières rouge Castelmaure - 75cl","p":5.29,"u":"7,05 €/L","img":"https://fd6-photos.leclercdrive.fr/image.ashx?id=2679551&use=l&cat=p&typeid=i","cat":289556},{"id":34579,"n":"AOC Corbières rouge Château Saint Esteve - 75cl","p":6.01,"u":"8,01 €/L","img":"https://fd6-photos.leclercdrive.fr/image.ashx?id=2734978&use=l&cat=p&typeid=i","cat":289556},{"id":34633,"n":"Vinaigre blanc Saas Melfor Vinaigre d'alcool - 1L","p":0.83,"u":"0,83 €/L","img":"https://fd6-photos.leclercdrive.fr/image.ashx?id=2354812&use=l&cat=p&typeid=i","cat":298543},{"id":34659,"n":"Mini chinois Epi d'Or Nature x6 - 300g","p":1.8,"u":"6,00 €/KG","img":"https://fd6-photos.leclercdrive.fr/image.ashx?id=2860739&use=l&cat=p&typeid=i","cat":296366},{"id":34660,"n":"Pruneaux d'Agen Couleurs Vives Dénoyautés - 250g","p":2.99,"u":"11,96 €/KG","img":"https://fd6-photos.leclercdrive.fr/image.ashx?id=2093129&use=l&cat=p&typeid=i","cat":284357},{"id":34672,"n":"Ail blanc Panier du Primeur A mijoter et à confire x3","p":2.99,"u":"1,00 €/P","img":"https://fd6-photos.leclercdrive.fr/image.ashx?id=2958720&use=l&cat=p&typeid=i","cat":284352},{"id":34679,"n":"Eponges grattantes Mamison Couleurs pop x2","p":1.38,"u":"0,69 €/P","img":"https://fd6-photos.leclercdrive.fr/image.ashx?id=2207724&use=l&cat=p&typeid=i","cat":284667},{"id":34684,"n":"Eponges grattantes Mamison Fibres naturelles X2","p":1.28,"u":"0,64 €/P","img":"https://fd6-photos.leclercdrive.fr/image.ashx?id=2387088&use=l&cat=p&typeid=i","cat":284667},{"id":34693,"n":"Briochettes pépites Epi d'Or Chocolat au lait x12 - 500g","p":2.44,"u":"4,88 €/KG","img":"https://fd6-photos.leclercdrive.fr/image.ashx?id=2867913&use=l&cat=p&typeid=i","cat":293505},{"id":34694,"n":"Briochettes pépites Epi d'Or Chocolat - x12 500g","p":2.79,"u":"5,58 €/KG","img":"https://fd6-photos.leclercdrive.fr/image.ashx?id=2867910&use=l&cat=p&typeid=i","cat":293505},{"id":34718,"n":"Épinards à cuire Panier Primeur 400g","p":1.99,"u":"4,98 €/KG","img":"https://fd6-photos.leclercdrive.fr/image.ashx?id=2635538&use=l&cat=p&typeid=i","cat":284353},{"id":34763,"n":"Huile Cheveux Elsève Sublimateur Cheveu sec - 100ml","p":11.05,"u":"110,50 €/L","img":"https://fd6-photos.leclercdrive.fr/image.ashx?id=2870671&use=l&cat=p&typeid=i","cat":284608},{"id":34813,"n":"Thé Britley Citron - x25 - 40g","p":0.88,"u":"22,00 €/KG","img":"https://fd6-photos.leclercdrive.fr/image.ashx?id=2897784&use=l&cat=p&typeid=i","cat":293233},{"id":34841,"n":"Rillettes Tradilège poulet rôti 220g","p":1.79,"u":"8,14 €/KG","img":"https://fd6-photos.leclercdrive.fr/image.ashx?id=2930924&use=l&cat=p&typeid=i","cat":316008},{"id":34845,"n":"IGP Vinaigre balsamique Maille 50cl","p":3.25,"u":"6,50 €/L","img":"https://fd6-photos.leclercdrive.fr/image.ashx?id=2866178&use=l&cat=p&typeid=i","cat":298543},{"id":34908,"n":"Fromage frais Petit Yoplait Nature 3.8%MG - 6x60g","p":1.38,"u":"3,83 €/KG","img":"https://fd6-photos.leclercdrive.fr/image.ashx?id=2811026&use=l&cat=p&typeid=i","cat":284409},{"id":34915,"n":"Fromage frais Petit Yoplait Nature 3.8%MG - 12x60g","p":1.9,"u":"2,64 €/KG","img":"https://fd6-photos.leclercdrive.fr/image.ashx?id=2811029&use=l&cat=p&typeid=i","cat":284409},{"id":34919,"n":"Fromage frais Petit Yoplait Nature 0%MG - 12x60g","p":2.31,"u":"3,21 €/KG","img":"https://fd6-photos.leclercdrive.fr/image.ashx?id=2811023&use=l&cat=p&typeid=i","cat":315000},{"id":34928,"n":"Bière blonde Falsbourg 4.2%vol. - 10x25cl","p":4.59,"u":"1,84 €/L","img":"https://fd6-photos.leclercdrive.fr/image.ashx?id=2637907&use=l&cat=p&typeid=i","cat":334873},{"id":34952,"n":"Ratatouille à la Provençale NRT 650g","p":3.3,"u":"5,08 €/KG","img":"https://fd6-photos.leclercdrive.fr/image.ashx?id=2771390&use=l&cat=p&typeid=i","cat":312612},{"id":34955,"n":"Vin mousseux Pol Rémy Gala brut 75cl","p":2.82,"u":"3,76 €/L","img":"https://fd6-photos.leclercdrive.fr/image.ashx?id=2105518&use=l&cat=p&typeid=i","cat":284544},{"id":34956,"n":"Vin mousseux Pol Rémy Gala demi-sec 75cl","p":2.78,"u":"3,71 €/L","img":"https://fd6-photos.leclercdrive.fr/image.ashx?id=2105521&use=l&cat=p&typeid=i","cat":284544},{"id":34957,"n":"Vin mousseux Paul Bur Brut 75cl","p":3.33,"u":"4,44 €/L","img":"https://fd6-photos.leclercdrive.fr/image.ashx?id=2101450&use=l&cat=p&typeid=i","cat":284544},{"id":34958,"n":"Vin mousseux Paul Bur Demi-sec - 75cl","p":3.24,"u":"4,32 €/L","img":"https://fd6-photos.leclercdrive.fr/image.ashx?id=2020158&use=l&cat=p&typeid=i","cat":284544},{"id":34963,"n":"Vin mousseux Chevalier de Malte Demi-sec 75cl","p":2.33,"u":"3,11 €/L","img":"https://fd6-photos.leclercdrive.fr/image.ashx?id=1584320&use=l&cat=p&typeid=i","cat":284544},{"id":34964,"n":"Eau de source Cristaline 1,5L","p":0.17,"u":"0,11 €/L","img":"https://fd6-photos.leclercdrive.fr/image.ashx?id=2170628&use=l&cat=p&typeid=i","cat":284535},{"id":34966,"n":"Eau minérale naturelle St Amand 1,5L","p":0.41,"u":"0,27 €/L","img":"https://fd6-photos.leclercdrive.fr/image.ashx?id=2661259&use=l&cat=p&typeid=i","cat":284535},{"id":34969,"n":"Eau minérale naturelle St Amand Gazeuse - 1L","p":0.52,"u":"0,52 €/L","img":"https://fd6-photos.leclercdrive.fr/image.ashx?id=2549600&use=l&cat=p&typeid=i","cat":284536},{"id":34973,"n":"Bière Trois Monts Grande réserve 9.5%vol. - 75cl","p":2.93,"u":"3,91 €/L","img":"https://fd6-photos.leclercdrive.fr/image.ashx?id=2548376&use=l&cat=p&typeid=i","cat":334852},{"id":34974,"n":"Bière brune Chimay Première  Rouge 7%vol. - 75cl","p":3.72,"u":"4,96 €/L","img":"https://fd6-photos.leclercdrive.fr/image.ashx?id=1579872&use=l&cat=p&typeid=i","cat":334872},{"id":34975,"n":"Bière Cuvée des Trolls Blonde - 7.5%vol. - 75cl","p":5.06,"u":"6,75 €/L","img":"https://fd6-photos.leclercdrive.fr/image.ashx?id=2611083&use=l&cat=p&typeid=i","cat":334872},{"id":34982,"n":"Bûche chèvre Soignon 200g","p":2.24,"u":"11,20 €/KG","img":"https://fd6-photos.leclercdrive.fr/image.ashx?id=2995325&use=l&cat=p&typeid=i","cat":314031},{"id":34999,"n":"Nuggets Croustillant Père Dodu  Poulet x10 - 200g","p":2.19,"u":"10,95 €/KG","img":"https://fd6-photos.leclercdrive.fr/image.ashx?id=2956975&use=l&cat=p&typeid=i","cat":333684},{"id":35008,"n":"Céréales Special K Kellogg's Nature - 750g","p":4.27,"u":"5,69 €/KG","img":"https://fd6-photos.leclercdrive.fr/image.ashx?id=2586288&use=l&cat=p&typeid=i","cat":309512},{"id":35010,"n":"Mélange safran Ducros 14 doses -  8.4g","p":3.07,"u":"383,75 €/KG","img":"https://fd6-photos.leclercdrive.fr/image.ashx?id=2486590&use=l&cat=p&typeid=i","cat":298297},{"id":35018,"n":"Bouillon de poule Jardin Bio' Bio cube sans huile palme - x8","p":2.1,"u":"26,25 €/KG","img":"https://fd6-photos.leclercdrive.fr/image.ashx?id=2535004&use=l&cat=p&typeid=i","cat":288379},{"id":35023,"n":"Sirop d'agave bio Jardin Bio' 50cl","p":6.45,"u":"12,90 €/L","img":"https://fd6-photos.leclercdrive.fr/image.ashx?id=2747061&use=l&cat=p&typeid=i","cat":287643},{"id":35025,"n":"Infusion bio Jardin Bio' Verveine citronée x20 28g","p":2.77,"u":"98,93 €/KG","img":"https://fd6-photos.leclercdrive.fr/image.ashx?id=2985312&use=l&cat=p&typeid=i","cat":293234},{"id":35026,"n":"Concentré de tomate Jardin Bio Bio Double concentré - 200g","p":1.9,"u":"9,50 €/KG","img":"https://fd6-photos.leclercdrive.fr/image.ashx?id=2535469&use=l&cat=p&typeid=i","cat":288384},{"id":35027,"n":"Dessert fruitier bio Jardin Bio Pomme poire 680g","p":3.2,"u":"4,71 €/KG","img":"https://fd6-photos.leclercdrive.fr/image.ashx?id=2939877&use=l&cat=p&typeid=i","cat":284508},{"id":35031,"n":"Batonnets Fritelle Lay's Goût nature - 80g","p":0.76,"u":"9,50 €/KG","img":"https://fd6-photos.leclercdrive.fr/image.ashx?id=2140635&use=l&cat=p&typeid=i","cat":284449},{"id":35034,"n":"Eau minérale gazeuse Perrier  Canettes - 6x33cl","p":2.79,"u":"1,41 €/L","img":"https://fd6-photos.leclercdrive.fr/image.ashx?id=2672554&use=l&cat=p&typeid=i","cat":284536},{"id":35039,"n":"Dosettes café Plantation Corsé - x48 - 336g","p":4.95,"u":"14,73 €/KG","img":"https://fd6-photos.leclercdrive.fr/image.ashx?id=2622115&use=l&cat=p&typeid=i","cat":293238},{"id":35046,"n":"Sangria Festalie 7%vol. - 3L","p":3.65,"u":"1,22 €/L","img":"https://fd6-photos.leclercdrive.fr/image.ashx?id=2515497&use=l&cat=p&typeid=i","cat":286032},{"id":35047,"n":"Vodka Novotna Pure grain - 37.5%vol - 50cl","p":8.67,"u":"17,34 €/L","img":"https://fd6-photos.leclercdrive.fr/image.ashx?id=1654468&use=l&cat=p&typeid=i","cat":284550},{"id":35049,"n":"Scotch Whisky Baird's 40%vol - 50cl","p":9.51,"u":"19,02 €/L","img":"https://fd6-photos.leclercdrive.fr/image.ashx?id=2913687&use=l&cat=p&typeid=i","cat":284547},{"id":35078,"n":"Viande bovine 1x côte à l'os*** à griller - 900g","p":33.07,"u":"36,74 €/KG","img":"https://fd6-photos.leclercdrive.fr/image.ashx?id=2369768&use=l&cat=p&typeid=i","cat":284328},{"id":35103,"n":"Eau minérale Mont Roucous 6x1L","p":2.68,"u":"0,45 €/L","img":"https://fd6-photos.leclercdrive.fr/image.ashx?id=2970954&use=l&cat=p&typeid=i","cat":284535},{"id":35108,"n":"Bière blonde Affligem 6,7%vol. - 12x25cl","p":9.53,"u":"3,18 €/L","img":"https://fd6-photos.leclercdrive.fr/image.ashx?id=2639405&use=l&cat=p&typeid=i","cat":334852},{"id":35117,"n":"Riste d'aubergines provençale NRT - 650g","p":3.99,"u":"6,14 €/KG","img":"https://fd6-photos.leclercdrive.fr/image.ashx?id=2771387&use=l&cat=p&typeid=i","cat":284441},{"id":35138,"n":"Yaourt SMARTIES Vanille bonbons chocolat 4x120g","p":2.43,"u":"5,06 €/KG","img":"https://fd6-photos.leclercdrive.fr/image.ashx?id=2571038&use=l&cat=p&typeid=i","cat":284414},{"id":35146,"n":"Fromages râpé spécial Pizza  Les Croisés - 125g","p":1.62,"u":"12,96 €/KG","img":"https://fd6-photos.leclercdrive.fr/image.ashx?id=2946175&use=l&cat=p&typeid=i","cat":314035},{"id":35147,"n":"Fromage Cheddar Burger Les Croisés 20 Tranches - 340g","p":1.99,"u":"5,85 €/KG","img":"https://fd6-photos.leclercdrive.fr/image.ashx?id=2946844&use=l&cat=p&typeid=i","cat":314028},{"id":35148,"n":"Fromage Emmental Croque Les Croisés 20 Tranches - 340g","p":2.01,"u":"5,91 €/KG","img":"https://fd6-photos.leclercdrive.fr/image.ashx?id=2946847&use=l&cat=p&typeid=i","cat":314028},{"id":35159,"n":"Croco Haribo Sachet bonbons - 280g","p":1.27,"u":"4,54 €/KG","img":"https://fd6-photos.leclercdrive.fr/image.ashx?id=2446467&use=l&cat=p&typeid=i","cat":304250},{"id":35160,"n":"Croissants Pasquier x16 - 640g","p":3.75,"u":"5,86 €/KG","img":"https://fd6-photos.leclercdrive.fr/image.ashx?id=2853056&use=l&cat=p&typeid=i","cat":296366},{"id":35173,"n":"Joker Le Fruit Jus multifruits  1,5L","p":2.54,"u":"1,69 €/L","img":"https://fd6-photos.leclercdrive.fr/image.ashx?id=2785727&use=l&cat=p&typeid=i","cat":284917},{"id":35182,"n":"Boisson énergisante Monster Original - 50cl","p":1.32,"u":"2,64 €/L","img":"https://fd6-photos.leclercdrive.fr/image.ashx?id=2510163&use=l&cat=p&typeid=i","cat":284533},{"id":35183,"n":"Boisson énergisante Monster Original Canette - 4x50cl","p":5.36,"u":"2,68 €/L","img":"https://fd6-photos.leclercdrive.fr/image.ashx?id=2210242&use=l&cat=p&typeid=i","cat":284533},{"id":35185,"n":"Eau aromatisée Volvic Juicy Citronnade - 1,5L","p":1.48,"u":"0,99 €/L","img":"https://fd6-photos.leclercdrive.fr/image.ashx?id=3011008&use=l&cat=p&typeid=i","cat":284537},{"id":35211,"n":"Pains au chocolat 2x1p","p":1.75,"u":"0,88 €/P","img":"https://fd6-photos.leclercdrive.fr/image.ashx?id=2071019&use=l&cat=p&typeid=i","cat":284984},{"id":35230,"n":"Nonnettes de Dijon NRT Orange - 200g","p":3.99,"u":"19,95 €/KG","img":"https://fd6-photos.leclercdrive.fr/image.ashx?id=2622326&use=l&cat=p&typeid=i","cat":284493},{"id":35262,"n":"yaourt aux fruits bifidus activia 0%mg - 12x125g","p":4.76,"u":"3,17 €/KG","img":"https://fd6-photos.leclercdrive.fr/image.ashx?id=2741697&use=l&cat=p&typeid=i","cat":315000},{"id":35285,"n":"Petits muffins Bonne Maman Chocolat - 235g","p":2.4,"u":"10,21 €/KG","img":"https://fd6-photos.leclercdrive.fr/image.ashx?id=2744052&use=l&cat=p&typeid=i","cat":284495},{"id":35290,"n":"Blanc de dinde Tradilège 8 tranches 320g","p":3.45,"u":"10,78 €/KG","img":"https://fd6-photos.leclercdrive.fr/image.ashx?id=3013666&use=l&cat=p&typeid=i","cat":316010},{"id":35296,"n":"Filet poulet Tradilège rôti sans nitrite 4 tranches - 120g","p":1.89,"u":"15,75 €/KG","img":"https://fd6-photos.leclercdrive.fr/image.ashx?id=2989790&use=l&cat=p&typeid=i","cat":316010},{"id":35300,"n":"Jambon supérieur Tradilège À l'étouffée 6 tranches - 240g","p":2.92,"u":"12,17 €/KG","img":"https://fd6-photos.leclercdrive.fr/image.ashx?id=2991521&use=l&cat=p&typeid=i","cat":316009},{"id":35308,"n":"Beurre Tendre Elle&Vire Demi-Sel - 80% MG - 250g","p":2.88,"u":"11,52 €/KG","img":"https://fd6-photos.leclercdrive.fr/image.ashx?id=2604773&use=l&cat=p&typeid=i","cat":284379},{"id":35309,"n":"Beurre Tendre Elle&Vire Doux - 82% MG - 250g","p":2.88,"u":"11,52 €/KG","img":"https://fd6-photos.leclercdrive.fr/image.ashx?id=2765629&use=l&cat=p&typeid=i","cat":284379},{"id":35326,"n":"Miel du Gatinais  Nos Régions ont du Talent 375g","p":5.49,"u":"14,64 €/KG","img":"https://fd6-photos.leclercdrive.fr/image.ashx?id=2771393&use=l&cat=p&typeid=i","cat":287643},{"id":35333,"n":"Bain de bouche Sanogyl Multi Protection - 500ml","p":3.24,"u":"6,48 €/L","img":"https://fd6-photos.leclercdrive.fr/image.ashx?id=2638256&use=l&cat=p&typeid=i","cat":284613},{"id":35398,"n":"Eau Micellaire Garnier Peaux Sensibles - 400ml","p":2.8,"u":"7,00 €/L","img":"https://fd6-photos.leclercdrive.fr/image.ashx?id=2926593&use=l&cat=p&typeid=i","cat":284603},{"id":35418,"n":"Lingettes Demak'Up Peaux sensibles - x25","p":2.52,"u":"0,10 €/P","img":"https://fd6-photos.leclercdrive.fr/image.ashx?id=2981340&use=l&cat=p&typeid=i","cat":284603},{"id":35425,"n":"Déodorant spray Monsavon Fleur de cerisier - 100ml","p":2.43,"u":"24,30 €/L","img":"https://fd6-photos.leclercdrive.fr/image.ashx?id=2904628&use=l&cat=p&typeid=i","cat":284595},{"id":35433,"n":"Tampons Doulys Compact Super plus - x20","p":2.6,"u":"0,13 €/P","img":"https://fd6-photos.leclercdrive.fr/image.ashx?id=2965512&use=l&cat=p&typeid=i","cat":284626},{"id":35450,"n":"Recharge Savon Mains Dettol Aloe Vera Hydratant 250ml","p":2.14,"u":"8,56 €/L","img":"https://fd6-photos.leclercdrive.fr/image.ashx?id=2879134&use=l&cat=p&typeid=i","cat":284597},{"id":35479,"n":"Déodorant Bille Femme Nivea Black&White Original - 50ml","p":1.89,"u":"37,80 €/L","img":"https://fd6-photos.leclercdrive.fr/image.ashx?id=2985471&use=l&cat=p&typeid=i","cat":284595},{"id":35503,"n":"Gel à raser Williams Peaux sensibles 200ml","p":2.38,"u":"11,90 €/L","img":"https://fd6-photos.leclercdrive.fr/image.ashx?id=1966625&use=l&cat=p&typeid=i","cat":284617},{"id":35530,"n":"Mouchoirs en papier Lotus Boîte x1 - 80 mouchoirs","p":1.41,"u":"0,02 €/P","img":"https://fd6-photos.leclercdrive.fr/image.ashx?id=2867368&use=l&cat=p&typeid=i","cat":284638},{"id":35537,"n":"Recharge savon mains Palmolive Antibactérien -  250ml","p":0.63,"u":"2,52 €/L","img":"https://fd6-photos.leclercdrive.fr/image.ashx?id=2833180&use=l&cat=p&typeid=i","cat":284597},{"id":35646,"n":"Bière blonde Falsbourg Canette - 4.2%vol. - 50cl","p":0.69,"u":"1,38 €/L","img":"https://fd6-photos.leclercdrive.fr/image.ashx?id=2637904&use=l&cat=p&typeid=i","cat":334853},{"id":35647,"n":"Bière blonde Falsbourg Canette - 4.2%vol. - 6x33cl","p":2.69,"u":"1,36 €/L","img":"https://fd6-photos.leclercdrive.fr/image.ashx?id=2637913&use=l&cat=p&typeid=i","cat":334853},{"id":35649,"n":"Petits boudins créole Tradilège Au piment de Cayenne - 300g","p":3.44,"u":"11,47 €/KG","img":"https://fd6-photos.leclercdrive.fr/image.ashx?id=3001223&use=l&cat=p&typeid=i","cat":316012},{"id":35672,"n":"AOC Pétillant Vouvray Brut Charles de Villeneuve - 75cl","p":6.09,"u":"8,12 €/L","img":"https://fd6-photos.leclercdrive.fr/image.ashx?id=2595275&use=l&cat=p&typeid=i","cat":284544},{"id":35716,"n":"Gourdes Goûters lactés Délisse Vanille - 4x85g","p":1.81,"u":"5,32 €/KG","img":"https://fd6-photos.leclercdrive.fr/image.ashx?id=2681427&use=l&cat=p&typeid=i","cat":284506},{"id":35720,"n":"Barquette chat Sheba Poissons en terrine - 12x85g","p":6.49,"u":"6,36 €/KG","img":"https://fd6-photos.leclercdrive.fr/image.ashx?id=2759637&use=l&cat=p&typeid=i","cat":285286},{"id":35723,"n":"Liqueur Curaçao bleu Giffard 25%vol. - 50cl","p":8.1,"u":"16,20 €/L","img":"https://fd6-photos.leclercdrive.fr/image.ashx?id=1650446&use=l&cat=p&typeid=i","cat":286032},{"id":35727,"n":"Spécialité au soja nature Nat & Vie - 6x100g","p":1.62,"u":"4,05 €/P","img":"https://fd6-photos.leclercdrive.fr/image.ashx?id=2901452&use=l&cat=p&typeid=i","cat":316071},{"id":35728,"n":"Spécialité au soja Nat & Vie Framboise-passion 4x100g","p":1.42,"u":"3,55 €/KG","img":"https://fd6-photos.leclercdrive.fr/image.ashx?id=2901455&use=l&cat=p&typeid=i","cat":316071},{"id":35729,"n":"Tiramisu Délisse Au café - 4x80g","p":2.49,"u":"7,78 €/KG","img":"https://fd6-photos.leclercdrive.fr/image.ashx?id=2694103&use=l&cat=p&typeid=i","cat":284419},{"id":35730,"n":"Crème dessert Délisse Vanille Billes 3 chocolats 4x117g","p":2.15,"u":"4,59 €/KG","img":"https://fd6-photos.leclercdrive.fr/image.ashx?id=2965503&use=l&cat=p&typeid=i","cat":285041},{"id":35731,"n":"Crème dessert Chocolat Délisse Mix'n croc color 4x120g","p":2.09,"u":"4,35 €/KG","img":"https://fd6-photos.leclercdrive.fr/image.ashx?id=2965506&use=l&cat=p&typeid=i","cat":285041},{"id":35760,"n":"Céréales Miel Pops Kellogg's 620g","p":3.42,"u":"5,52 €/KG","img":"https://fd6-photos.leclercdrive.fr/image.ashx?id=2596952&use=l&cat=p&typeid=i","cat":309513},{"id":35761,"n":"Céréales Frosties Kellogg's 620g","p":3.4,"u":"5,48 €/KG","img":"https://fd6-photos.leclercdrive.fr/image.ashx?id=2589768&use=l&cat=p&typeid=i","cat":309513},{"id":35782,"n":"Eau de source Cristaline 50cl","p":0.14,"u":"0,28 €/L","img":"https://fd6-photos.leclercdrive.fr/image.ashx?id=2156896&use=l&cat=p&typeid=i","cat":284535},{"id":35785,"n":"Bière belge Rince Cochon Fruits rouges - 7.5%vol. - 50cl","p":2.02,"u":"4,04 €/L","img":"https://fd6-photos.leclercdrive.fr/image.ashx?id=1741472&use=l&cat=p&typeid=i","cat":334853},{"id":35788,"n":"Café Soluble Nescafé 200g","p":5.84,"u":"29,20 €/KG","img":"https://fd6-photos.leclercdrive.fr/image.ashx?id=2810627&use=l&cat=p&typeid=i","cat":284843},{"id":35790,"n":"Nettoyant ménager Uni Vert Multi-surfaces 1L","p":1.53,"u":"1,53 €/L","img":"https://fd6-photos.leclercdrive.fr/image.ashx?id=2520837&use=l&cat=p&typeid=i","cat":284907},{"id":35791,"n":"Flammekueche d'Alsace NRT 600g","p":4.35,"u":"7,25 €/KG","img":"https://fd6-photos.leclercdrive.fr/image.ashx?id=2743894&use=l&cat=p&typeid=i","cat":333680},{"id":35811,"n":"Barquette chat Sheba  Boucher en terrine - 12x85g","p":4.4,"u":"4,31 €/KG","img":"https://fd6-photos.leclercdrive.fr/image.ashx?id=2759634&use=l&cat=p&typeid=i","cat":285286},{"id":35815,"n":"Matière grasse St Hubert  Omega 3 - 52% MG - 255g","p":2.08,"u":"8,16 €/KG","img":"https://fd6-photos.leclercdrive.fr/image.ashx?id=2734093&use=l&cat=p&typeid=i","cat":315229},{"id":35816,"n":"Matière grasse St Hubert Omega3 52% MG - demi-sel - 255g","p":2.13,"u":"8,35 €/KG","img":"https://fd6-photos.leclercdrive.fr/image.ashx?id=2734096&use=l&cat=p&typeid=i","cat":315229},{"id":35820,"n":"Liquide pour cuisson Rustica végétal - 500ml","p":2.09,"u":"4,18 €/L","img":"https://fd6-photos.leclercdrive.fr/image.ashx?id=2903950&use=l&cat=p&typeid=i","cat":315229},{"id":35822,"n":"Roquefort AOP Bio Bio village - 100g","p":2.89,"u":"28,90 €/KG","img":"https://fd6-photos.leclercdrive.fr/image.ashx?id=2646023&use=l&cat=p&typeid=i","cat":314032},{"id":35823,"n":"Roquefort AOP en portions Les Croisés - 25gx4 -100g","p":2.31,"u":"23,10 €/KG","img":"https://fd6-photos.leclercdrive.fr/image.ashx?id=2645945&use=l&cat=p&typeid=i","cat":314032},{"id":35825,"n":"Fromage Pavé d'Affinois Original - 200g","p":2.5,"u":"12,50 €/KG","img":"https://fd6-photos.leclercdrive.fr/image.ashx?id=3002078&use=l&cat=p&typeid=i","cat":314033},{"id":35830,"n":"Yaourt La Laitière   Fruits panachés - 8x125g","p":3.79,"u":"3,79 €/KG","img":"https://fd6-photos.leclercdrive.fr/image.ashx?id=2744590&use=l&cat=p&typeid=i","cat":286006},{"id":35833,"n":"Yaourt La Laitière Citron - 4x125g","p":1.94,"u":"3,88 €/KG","img":"https://fd6-photos.leclercdrive.fr/image.ashx?id=2904065&use=l&cat=p&typeid=i","cat":286006},{"id":35846,"n":"Yaourt à boire Délisse Vanille - 850g","p":1.49,"u":"1,75 €/KG","img":"https://fd6-photos.leclercdrive.fr/image.ashx?id=2775890&use=l&cat=p&typeid=i","cat":284415},{"id":35847,"n":"Yaourt à boire Délisse Framboise - 850g","p":1.35,"u":"1,59 €/KG","img":"https://fd6-photos.leclercdrive.fr/image.ashx?id=2777797&use=l&cat=p&typeid=i","cat":284415},{"id":35850,"n":"Jambon fumé Tradilège Avec couenne -4 tranches - 160g","p":2.49,"u":"15,56 €/KG","img":"https://fd6-photos.leclercdrive.fr/image.ashx?id=2448327&use=l&cat=p&typeid=i","cat":316009},{"id":35906,"n":"Gourdes Goûters lactés Délisse Chocolat - 4x85g","p":1.75,"u":"5,15 €/KG","img":"https://fd6-photos.leclercdrive.fr/image.ashx?id=2681424&use=l&cat=p&typeid=i","cat":284506},{"id":35907,"n":"Cassoulet mitonné   William Saurin - 840g","p":2.84,"u":"3,38 €/KG","img":"https://fd6-photos.leclercdrive.fr/image.ashx?id=2890148&use=l&cat=p&typeid=i","cat":284440},{"id":35908,"n":"Cassoulet mitonné   William Saurin - 420g","p":1.73,"u":"4,12 €/KG","img":"https://fd6-photos.leclercdrive.fr/image.ashx?id=2890151&use=l&cat=p&typeid=i","cat":284441},{"id":35909,"n":"Test de grossesse Medicaid 1 pièce","p":0.93,"img":"https://fd6-photos.leclercdrive.fr/image.ashx?id=2432758&use=l&cat=p&typeid=i","cat":324482},{"id":35913,"n":"Vin d'Union Européenne rouge François D'Aubigné - BIB 5L","p":6.49,"u":"1,30 €/L","img":"https://fd6-photos.leclercdrive.fr/image.ashx?id=2802278&use=l&cat=p&typeid=i","cat":289560},{"id":35917,"n":"Bière blonde Forte Extra Strong Canette - 8.4%vol. - 50cl","p":1.15,"u":"2,30 €/L","img":"https://fd6-photos.leclercdrive.fr/image.ashx?id=2927998&use=l&cat=p&typeid=i","cat":334853},{"id":35918,"n":"Jus de pomme Jafaden A base de concentré - 6x20cl","p":1.32,"u":"1,10 €/L","img":"https://fd6-photos.leclercdrive.fr/image.ashx?id=2949185&use=l&cat=p&typeid=i","cat":284524},{"id":35921,"n":"Pur jus de pomme Jafaden 1,5L","p":1.48,"u":"0,99 €/L","img":"https://fd6-photos.leclercdrive.fr/image.ashx?id=1936641&use=l&cat=p&typeid=i","cat":284522},{"id":35922,"n":"Bière blonde Forte Extra Strong Canette - 10%vol - 50cl","p":1.19,"u":"2,38 €/L","img":"https://fd6-photos.leclercdrive.fr/image.ashx?id=2928004&use=l&cat=p&typeid=i","cat":334853},{"id":35924,"n":"Cocktail Punch planteur Lagoa 15%vol - 70cl","p":4.29,"u":"6,13 €/L","img":"https://fd6-photos.leclercdrive.fr/image.ashx?id=2958338&use=l&cat=p&typeid=i","cat":284551},{"id":35927,"n":"Cocktail Mojito Lagoa 15%vol - 70cl","p":4.99,"u":"7,13 €/L","img":"https://fd6-photos.leclercdrive.fr/image.ashx?id=2958344&use=l&cat=p&typeid=i","cat":284551},{"id":35954,"n":"AOC Buzet vin rosé Terrasses d'Autan - BIB 3L","p":12.99,"u":"4,33 €/L","img":"https://fd6-photos.leclercdrive.fr/image.ashx?id=2709668&use=l&cat=p&typeid=i","cat":289560},{"id":35976,"n":"Filet de lieu noir  250g","p":4.5,"u":"18,00 €/KG","img":"https://fd6-photos.leclercdrive.fr/image.ashx?id=602942&use=l&cat=p&typeid=i","cat":284342},{"id":35979,"n":"Gaufrettes amusantes Nord NRT 175g","p":2.45,"u":"14,00 €/KG","img":"https://fd6-photos.leclercdrive.fr/image.ashx?id=724000&use=l&cat=p&typeid=i","cat":284487},{"id":35990,"n":"Effervescent d'Artigny Grand classic rose - 75cl","p":3.65,"u":"4,87 €/L","img":"https://fd6-photos.leclercdrive.fr/image.ashx?id=2854402&use=l&cat=p&typeid=i","cat":289460},{"id":35995,"n":"Lait de toilette Mots d'Enfants Bio - 250ml","p":2.35,"u":"9,40 €/L","img":"https://fd6-photos.leclercdrive.fr/image.ashx?id=2485080&use=l&cat=p&typeid=i","cat":284741},{"id":36009,"n":"Bâtonnets Trium Vanille Amandes x4 - 314g","p":2.05,"u":"6,53 €/KG","img":"https://fd6-photos.leclercdrive.fr/image.ashx?id=2931775&use=l&cat=p&typeid=i","cat":284265},{"id":36010,"n":"Bâtonnets Trium Vanille chocolat blanc x4 -308g","p":2.59,"u":"8,41 €/KG","img":"https://fd6-photos.leclercdrive.fr/image.ashx?id=1914951&use=l&cat=p&typeid=i","cat":284265},{"id":36037,"n":"Crème UHT Elle&Vire Fluide Entière - 30% MG - 3x20cl","p":3.14,"u":"5,23 €/L","img":"https://fd6-photos.leclercdrive.fr/image.ashx?id=3008551&use=l&cat=p&typeid=i","cat":284381},{"id":36039,"n":"Crème légère fluide UHT Délisse 12%mg - 3x20cl","p":1.84,"u":"3,07 €/L","img":"https://fd6-photos.leclercdrive.fr/image.ashx?id=2905904&use=l&cat=p&typeid=i","cat":284381},{"id":36040,"n":"Spécialité laitière UHT Délisse Semi-épaisse 4%mg - 3x20cl","p":2.21,"u":"3,68 €/L","img":"https://fd6-photos.leclercdrive.fr/image.ashx?id=3002599&use=l&cat=p&typeid=i","cat":284381},{"id":36041,"n":"Crème semi-épaisse entière UHT Délisse 30%mg - 3x20cl","p":3.5,"u":"5,83 €/L","img":"https://fd6-photos.leclercdrive.fr/image.ashx?id=2494099&use=l&cat=p&typeid=i","cat":284381},{"id":36077,"n":"Lait de toilette bébé Eco+ 300ml","p":1.07,"u":"3,57 €/L","img":"https://fd6-photos.leclercdrive.fr/image.ashx?id=2690862&use=l&cat=p&typeid=i","cat":284741},{"id":36124,"n":"Haricots blancs Notre Jardin - 500g","p":1.03,"u":"2,06 €/KG","img":"https://fd6-photos.leclercdrive.fr/image.ashx?id=2988072&use=l&cat=p&typeid=i","cat":312606},{"id":36125,"n":"Haricots blancs Notre Jardin 250g","p":0.85,"u":"3,40 €/KG","img":"https://fd6-photos.leclercdrive.fr/image.ashx?id=3002602&use=l&cat=p&typeid=i","cat":312606},{"id":36131,"n":"Classeur cahier Esquisse Transparent -Polypro- 21x29.7cm","p":1.89,"img":"https://fd6-photos.leclercdrive.fr/image.ashx?id=2727740&use=l&cat=p&typeid=i","cat":284745},{"id":36142,"n":"Dorade royale  200g","p":5.5,"u":"27,50 €/KG","img":"https://fd6-photos.leclercdrive.fr/image.ashx?id=619894&use=l&cat=p&typeid=i","cat":284342},{"id":36191,"n":"Allumettes fumées Tradilège VPF 2x75g","p":1.59,"u":"10,60 €/KG","img":"https://fd6-photos.leclercdrive.fr/image.ashx?id=2943680&use=l&cat=p&typeid=i","cat":316011},{"id":36192,"n":"Jambon braisé Tradilège Doré au four 4 tranches 160g","p":2.4,"u":"15,00 €/KG","img":"https://fd6-photos.leclercdrive.fr/image.ashx?id=2994369&use=l&cat=p&typeid=i","cat":316009},{"id":36193,"n":"Dés de jambon Tradilège -25% de sel - 2x75g","p":1.5,"u":"10,00 €/KG","img":"https://fd6-photos.leclercdrive.fr/image.ashx?id=2984191&use=l&cat=p&typeid=i","cat":316011},{"id":36194,"n":"Dés de jambon Tradilège Maxi format 2x125g","p":2.47,"u":"9,88 €/KG","img":"https://fd6-photos.leclercdrive.fr/image.ashx?id=2970465&use=l&cat=p&typeid=i","cat":316011},{"id":36198,"n":"Lardons supérieurs Tradilège Fumés maxi format 2x200g","p":3.39,"u":"8,48 €/KG","img":"https://fd6-photos.leclercdrive.fr/image.ashx?id=2921381&use=l&cat=p&typeid=i","cat":316011},{"id":36199,"n":"Bougies Eco+ Blanche x10","p":2.97,"img":"https://fd6-photos.leclercdrive.fr/image.ashx?id=2635547&use=l&cat=p&typeid=i","cat":335913},{"id":36200,"n":"Coton Démaquillant Eco+ Prédécoupé - 200g","p":1.57,"u":"7,85 €/KG","img":"https://fd6-photos.leclercdrive.fr/image.ashx?id=2724535&use=l&cat=p&typeid=i","cat":285593},{"id":36201,"n":"Crème hydratante Eco+ Visage et corps - 250ml","p":1.59,"u":"6,36 €/L","img":"https://fd6-photos.leclercdrive.fr/image.ashx?id=2487410&use=l&cat=p&typeid=i","cat":325350},{"id":36202,"n":"Recharge crème lavante Eco+ Amande miel - 750ml","p":1.11,"u":"1,48 €/L","img":"https://fd6-photos.leclercdrive.fr/image.ashx?id=2933295&use=l&cat=p&typeid=i","cat":284597},{"id":36203,"n":"Gel douche Eco+ Peaux sensibles - 500ml","p":0.99,"u":"1,98 €/L","img":"https://fd6-photos.leclercdrive.fr/image.ashx?id=2174660&use=l&cat=p&typeid=i","cat":284594},{"id":36205,"n":"Recharge crème lavante Eco+ Fleuri - 750ml","p":1.11,"u":"1,48 €/L","img":"https://fd6-photos.leclercdrive.fr/image.ashx?id=2297786&use=l&cat=p&typeid=i","cat":284597},{"id":36206,"n":"Mousse à raser hydratante Eco+ Peaux normales - 300ml","p":0.85,"u":"2,83 €/L","img":"https://fd6-photos.leclercdrive.fr/image.ashx?id=2952382&use=l&cat=p&typeid=i","cat":284617},{"id":36267,"n":"Noix St Jacques NRT de Normandie - 300g","p":16.95,"u":"56,50 €/KG","img":"https://fd6-photos.leclercdrive.fr/image.ashx?id=1961976&use=l&cat=p&typeid=i","cat":319787},{"id":36268,"n":"Soufflés ExtraTerrestres Tokapi Jambon fromage - 80g","p":0.84,"u":"10,50 €/KG","img":"https://fd6-photos.leclercdrive.fr/image.ashx?id=2922929&use=l&cat=p&typeid=i","cat":284449},{"id":36269,"n":"Soufflés ExtraTerrestres Tokapi Ketchup - 80g","p":0.8,"u":"10,00 €/KG","img":"https://fd6-photos.leclercdrive.fr/image.ashx?id=1915578&use=l&cat=p&typeid=i","cat":284449},{"id":36270,"n":"Soufflés ExtraTerrestres Tokapi Salé - 80g","p":0.79,"u":"9,88 €/KG","img":"https://fd6-photos.leclercdrive.fr/image.ashx?id=1932960&use=l&cat=p&typeid=i","cat":284449},{"id":36308,"n":"Shampooing Nateïs Camomille abricot - 250ml","p":1.39,"u":"5,56 €/L","img":"https://fd6-photos.leclercdrive.fr/image.ashx?id=1886499&use=l&cat=p&typeid=i","cat":284606},{"id":36309,"n":"Shampooing Nateïs Cranberry Huile de jojoba 250ml","p":1.4,"u":"5,60 €/L","img":"https://fd6-photos.leclercdrive.fr/image.ashx?id=1905491&use=l&cat=p&typeid=i","cat":284606},{"id":36310,"n":"Shampooing Nateïs Argile Pamplemousse - 250ml","p":1.39,"u":"5,56 €/L","img":"https://fd6-photos.leclercdrive.fr/image.ashx?id=1962963&use=l&cat=p&typeid=i","cat":284606},{"id":36311,"n":"Shampooing Nateïs Huile d'argan - 250ml","p":1.29,"u":"5,16 €/L","img":"https://fd6-photos.leclercdrive.fr/image.ashx?id=2626796&use=l&cat=p&typeid=i","cat":284606},{"id":36312,"n":"Shampooing Nateïs Henné / Cassis - 250ml","p":1.57,"u":"6,28 €/L","img":"https://fd6-photos.leclercdrive.fr/image.ashx?id=2626793&use=l&cat=p&typeid=i","cat":284606},{"id":36313,"n":"Shampooing extra-doux Nateïs Karité / Huile d'avocat - 250ml","p":1.39,"u":"5,56 €/L","img":"https://fd6-photos.leclercdrive.fr/image.ashx?id=1905494&use=l&cat=p&typeid=i","cat":284606},{"id":36314,"n":"Shampooing Nateïs Fleur de tilleul pomme verte - 250ml","p":1.27,"u":"5,08 €/L","img":"https://fd6-photos.leclercdrive.fr/image.ashx?id=1898913&use=l&cat=p&typeid=i","cat":284606},{"id":36346,"n":"Rondelé au Bleu d'Aveyron 125g","p":1.59,"u":"12,72 €/KG","img":"https://fd6-photos.leclercdrive.fr/image.ashx?id=2877751&use=l&cat=p&typeid=i","cat":314029},{"id":36347,"n":"Rondelé aux Noix 125g","p":1.59,"u":"12,72 €/KG","img":"https://fd6-photos.leclercdrive.fr/image.ashx?id=2967732&use=l&cat=p&typeid=i","cat":314029},{"id":36348,"n":"Papier aluminium Alfapac Gaufré - Rouleau 20m","p":3.26,"img":"https://fd6-photos.leclercdrive.fr/image.ashx?id=2870446&use=l&cat=p&typeid=i","cat":334134},{"id":36354,"n":"Crème hydratante Mots d'Enfants Bio visage et corps - 75ml","p":2.19,"u":"29,20 €/L","img":"https://fd6-photos.leclercdrive.fr/image.ashx?id=3015078&use=l&cat=p&typeid=i","cat":284741},{"id":36355,"n":"Compote Douceur du Verger  Pomme Rhubarbe - 4x100g","p":1.28,"u":"3,20 €/KG","img":"https://fd6-photos.leclercdrive.fr/image.ashx?id=2991437&use=l&cat=p&typeid=i","cat":284416},{"id":36356,"n":"Compote Douceur du Verger Pomme Framboise - 4x100g","p":1.46,"u":"3,65 €/KG","img":"https://fd6-photos.leclercdrive.fr/image.ashx?id=724744&use=l&cat=p&typeid=i","cat":284416},{"id":36394,"n":"Yaourt aromatisé aux Fruits Panachés Frulos - 16x125g","p":3.13,"u":"1,57 €/KG","img":"https://fd6-photos.leclercdrive.fr/image.ashx?id=2799895&use=l&cat=p&typeid=i","cat":286006},{"id":36395,"n":"Yaourt Nature Sucré Yoplait - 12x125g","p":2.71,"u":"1,81 €/KG","img":"https://fd6-photos.leclercdrive.fr/image.ashx?id=2796827&use=l&cat=p&typeid=i","cat":284409},{"id":36396,"n":"Gâteau fourré Mini BN Chocolat 175g","p":1.87,"u":"10,69 €/KG","img":"https://fd6-photos.leclercdrive.fr/image.ashx?id=2746854&use=l&cat=p&typeid=i","cat":284488},{"id":36397,"n":"Biscuits Mini BN Goûter à la fraise - 175g","p":1.9,"u":"10,86 €/KG","img":"https://fd6-photos.leclercdrive.fr/image.ashx?id=2748212&use=l&cat=p&typeid=i","cat":284489},{"id":36399,"n":"Pizza La Pizz Sodebo Chèvre lardons - 470g","p":3.51,"u":"7,47 €/KG","img":"https://fd6-photos.leclercdrive.fr/image.ashx?id=2851494&use=l&cat=p&typeid=i","cat":333679},{"id":36400,"n":"Pizza La Pizz Sodebo 4 fromages - 470g","p":3.45,"u":"7,34 €/KG","img":"https://fd6-photos.leclercdrive.fr/image.ashx?id=2905366&use=l&cat=p&typeid=i","cat":333679},{"id":36401,"n":"Pizza Dolce Sodebo 4 fromaggi - 380g","p":4.27,"u":"11,24 €/KG","img":"https://fd6-photos.leclercdrive.fr/image.ashx?id=2921636&use=l&cat=p&typeid=i","cat":333679},{"id":36402,"n":"Pizza Dolce Sodebo Prosciutto Jambon Mozza - 400g","p":3.51,"u":"8,78 €/KG","img":"https://fd6-photos.leclercdrive.fr/image.ashx?id=2919277&use=l&cat=p&typeid=i","cat":333679},{"id":36403,"n":"Pizza Dolce Sodebo Campanella Jambon Speck - 380g","p":3.78,"u":"9,95 €/KG","img":"https://fd6-photos.leclercdrive.fr/image.ashx?id=2921639&use=l&cat=p&typeid=i","cat":333679},{"id":36404,"n":"Pizza Dolce Sodebo Regina Jambon Champignons 400g","p":3.9,"u":"9,75 €/KG","img":"https://fd6-photos.leclercdrive.fr/image.ashx?id=3008251&use=l&cat=p&typeid=i","cat":333679},{"id":36412,"n":"Compote Douceur du Verger Coupelle pomme - 16x100g","p":3.09,"u":"1,93 €/KG","img":"https://fd6-photos.leclercdrive.fr/image.ashx?id=2663515&use=l&cat=p&typeid=i","cat":284508},{"id":36414,"n":"Compote Douceur du Verger Coupelle pomme - 8x100g","p":1.89,"u":"2,36 €/KG","img":"https://fd6-photos.leclercdrive.fr/image.ashx?id=2663509&use=l&cat=p&typeid=i","cat":284508},{"id":36416,"n":"Compote Douceur du Verger Coupelle pomme rhubarbe -4x100g","p":1.3,"u":"3,25 €/KG","img":"https://fd6-photos.leclercdrive.fr/image.ashx?id=2663521&use=l&cat=p&typeid=i","cat":284508},{"id":36417,"n":"Compote Douceur du Verger Gourdes multivariétés - 4x90g","p":1.69,"u":"4,69 €/KG","img":"https://fd6-photos.leclercdrive.fr/image.ashx?id=2805030&use=l&cat=p&typeid=i","cat":284508},{"id":36418,"n":"Compote Douceur du Verger Gourdes Pomme Poire - 4x90g","p":1.49,"u":"4,14 €/KG","img":"https://fd6-photos.leclercdrive.fr/image.ashx?id=2837054&use=l&cat=p&typeid=i","cat":284508},{"id":36419,"n":"Compote Douceur du Verger Coupelle pomme - 4x100g","p":0.99,"u":"2,48 €/KG","img":"https://fd6-photos.leclercdrive.fr/image.ashx?id=2663527&use=l&cat=p&typeid=i","cat":284508},{"id":36424,"n":"Brownie P'tit Deli Chocolat noisette 285g","p":1.85,"u":"6,49 €/KG","img":"https://fd6-photos.leclercdrive.fr/image.ashx?id=2658578&use=l&cat=p&typeid=i","cat":294776},{"id":36441,"n":"Aiguillettes poulet Tradilège Rôti - 2x75g","p":2.02,"u":"13,47 €/KG","img":"https://fd6-photos.leclercdrive.fr/image.ashx?id=2994375&use=l&cat=p&typeid=i","cat":316011},{"id":36445,"n":"Râpé de jambon Tradilège Fumé - 150g","p":1.79,"u":"11,93 €/KG","img":"https://fd6-photos.leclercdrive.fr/image.ashx?id=2970468&use=l&cat=p&typeid=i","cat":316011},{"id":36454,"n":"Pastilles NRT  Du Bassin de Vichy - 230g","p":0.98,"u":"4,26 €/KG","img":"https://fd6-photos.leclercdrive.fr/image.ashx?id=1646510&use=l&cat=p&typeid=i","cat":304252},{"id":36475,"n":"Thé glacé Fresh Tea Pêche - 6x25cl","p":2.85,"u":"1,90 €/L","img":"https://fd6-photos.leclercdrive.fr/image.ashx?id=2622263&use=l&cat=p&typeid=i","cat":295019},{"id":36504,"n":"Pizza La Pizz Sodebo Jambon emmental - 470g","p":2.92,"u":"6,21 €/KG","img":"https://fd6-photos.leclercdrive.fr/image.ashx?id=2886786&use=l&cat=p&typeid=i","cat":333679},{"id":36515,"n":"Dragées Choco Peanuts Cacahuètes - 300g","p":2.39,"u":"7,97 €/KG","img":"https://fd6-photos.leclercdrive.fr/image.ashx?id=2474063&use=l&cat=p&typeid=i","cat":304238},{"id":36617,"n":"Pavés de saumon avec peau  2x150g","p":9.95,"u":"33,17 €/KG","img":"https://fd6-photos.leclercdrive.fr/image.ashx?id=623824&use=l&cat=p&typeid=i","cat":284342},{"id":36631,"n":"Dos de cabillaud 200g","p":6.95,"u":"34,75 €/KG","img":"https://fd6-photos.leclercdrive.fr/image.ashx?id=630546&use=l&cat=p&typeid=i","cat":284342},{"id":36633,"n":"Glace Cône Nestlé Extrême Crème brulée x6 - 426g","p":3.66,"u":"8,59 €/KG","img":"https://fd6-photos.leclercdrive.fr/image.ashx?id=2831672&use=l&cat=p&typeid=i","cat":284264},{"id":36649,"n":"Infusion Tiséa pomme cannelle 25 sachets 55g","p":1.38,"u":"25,09 €/KG","img":"https://fd6-photos.leclercdrive.fr/image.ashx?id=2469562&use=l&cat=p&typeid=i","cat":293234},{"id":36650,"n":"Barres céréales Bio Village Bio Fraise x6 125g","p":1.79,"u":"14,32 €/KG","img":"https://fd6-photos.leclercdrive.fr/image.ashx?id=2807306&use=l&cat=p&typeid=i","cat":285869},{"id":36651,"n":"Barres céréales Bio Village Bio Chocolat noir x6 125g","p":1.95,"u":"15,60 €/KG","img":"https://fd6-photos.leclercdrive.fr/image.ashx?id=2807309&use=l&cat=p&typeid=i","cat":285869},{"id":36656,"n":"Soupe liquide Liebig  Velouté 10 légumes - Brique 1L","p":1.68,"u":"1,68 €/L","img":"https://fd6-photos.leclercdrive.fr/image.ashx?id=2892133&use=l&cat=p&typeid=i","cat":284462},{"id":36658,"n":"Soupe liquide Liebig  Mouliné 10 légumes - Brique 1L","p":1.72,"u":"1,72 €/L","img":"https://fd6-photos.leclercdrive.fr/image.ashx?id=2651396&use=l&cat=p&typeid=i","cat":284462},{"id":36666,"n":"Miel Languedoc-Roussillon Nos Régions ont du Talent 375g","p":5.99,"u":"15,97 €/KG","img":"https://fd6-photos.leclercdrive.fr/image.ashx?id=2771402&use=l&cat=p&typeid=i","cat":287643},{"id":36672,"n":"Repas Babybio Bio Dinde haricots verts 230g","p":2.1,"u":"9,13 €/KG","img":"https://fd6-photos.leclercdrive.fr/image.ashx?id=2859353&use=l&cat=p&typeid=i","cat":312237},{"id":36682,"n":"Aluminium Elembal Extra 20m","p":2.69,"u":"0,13 €/MT","img":"https://fd6-photos.leclercdrive.fr/image.ashx?id=1944607&use=l&cat=p&typeid=i","cat":334134},{"id":36704,"n":"Sucre en morceaux Daddy Demi-morceaux rond - 750g","p":1.73,"u":"2,31 €/KG","img":"https://fd6-photos.leclercdrive.fr/image.ashx?id=2907947&use=l&cat=p&typeid=i","cat":284502},{"id":36710,"n":"Sucre canne Béghin Say Pure - en morceaux - 750g","p":2.47,"u":"3,29 €/KG","img":"https://fd6-photos.leclercdrive.fr/image.ashx?id=2948830&use=l&cat=p&typeid=i","cat":284502},{"id":36711,"n":"Sucre cassonade Béghin Say En poudre - 750g","p":2.42,"u":"3,23 €/KG","img":"https://fd6-photos.leclercdrive.fr/image.ashx?id=2949928&use=l&cat=p&typeid=i","cat":284502},{"id":36720,"n":"Haricots blancs à la tomate 400 g","p":0.75,"u":"1,88 €/KG","img":"https://fd6-photos.leclercdrive.fr/image.ashx?id=2988078&use=l&cat=p&typeid=i","cat":312606},{"id":36721,"n":"Lait chat et chaton Whiskas 3x200ml","p":2.69,"u":"4,48 €/L","img":"https://fd6-photos.leclercdrive.fr/image.ashx?id=2759670&use=l&cat=p&typeid=i","cat":285285},{"id":36756,"n":"Haricots Blancs à la tomate 800g","p":1.08,"u":"1,35 €/KG","img":"https://fd6-photos.leclercdrive.fr/image.ashx?id=2988075&use=l&cat=p&typeid=i","cat":312606},{"id":36811,"n":"Chewing-gum Freedent Fraise 5x10 dragées 70g","p":2.4,"u":"34,29 €/KG","img":"https://fd6-photos.leclercdrive.fr/image.ashx?id=2325485&use=l&cat=p&typeid=i","cat":304251},{"id":36812,"n":"Chewing-gum Freedent white Menthe forte boîte 84g","p":3.04,"u":"36,19 €/KG","img":"https://fd6-photos.leclercdrive.fr/image.ashx?id=1946063&use=l&cat=p&typeid=i","cat":304251},{"id":36814,"n":"Chewing-gum Freedent Menthe verte boîte 84g","p":2.39,"u":"28,45 €/KG","img":"https://fd6-photos.leclercdrive.fr/image.ashx?id=2024402&use=l&cat=p&typeid=i","cat":304251},{"id":36819,"n":"Chocolat Noir After Eight Fourré Menthe - 300g","p":4.72,"u":"15,73 €/KG","img":"https://fd6-photos.leclercdrive.fr/image.ashx?id=2348782&use=l&cat=p&typeid=i","cat":284499},{"id":36821,"n":"Biscuits M&M's  x10 - 198g","p":1.97,"u":"9,95 €/KG","img":"https://fd6-photos.leclercdrive.fr/image.ashx?id=2148416&use=l&cat=p&typeid=i","cat":284488},{"id":36833,"n":"BB Crème teintée médium Inell Hydratante 5 en 1 - 50ml","p":3.45,"u":"69,00 €/L","img":"https://fd6-photos.leclercdrive.fr/image.ashx?id=2822120&use=l&cat=p&typeid=i","cat":325345},{"id":36834,"n":"BB Crème teintée clair Inell  Hydratante 5en1 - 50ml","p":3.45,"u":"69,00 €/L","img":"https://fd6-photos.leclercdrive.fr/image.ashx?id=2691649&use=l&cat=p&typeid=i","cat":325345},{"id":36835,"n":"Crochets anti-mites Insectivor Lavande 2x3ml","p":1.69,"u":"0,85 €/P","img":"https://fd6-photos.leclercdrive.fr/image.ashx?id=1899690&use=l&cat=p&typeid=i","cat":298368},{"id":36836,"n":"Gel douche Carré Homme Tonifiant 250ml","p":1.22,"u":"4,88 €/L","img":"https://fd6-photos.leclercdrive.fr/image.ashx?id=2927857&use=l&cat=p&typeid=i","cat":284619},{"id":36837,"n":"Gel douche Carré Homme Séduction 250ml","p":1.2,"u":"4,80 €/L","img":"https://fd6-photos.leclercdrive.fr/image.ashx?id=2946178&use=l&cat=p&typeid=i","cat":284619},{"id":36847,"n":"Tablette chocolat Milka Chocolat au lait/Oreo - 2x100g","p":3.06,"u":"15,30 €/KG","img":"https://fd6-photos.leclercdrive.fr/image.ashx?id=2382321&use=l&cat=p&typeid=i","cat":284497},{"id":36849,"n":"Recharges plumeaux Clair Jetables x10","p":4.46,"u":"0,45 €/P","img":"https://fd6-photos.leclercdrive.fr/image.ashx?id=721425&use=l&cat=p&typeid=i","cat":325364},{"id":36878,"n":"IGP Côtes de Gascogne moelleux Terrasses d'Autan 11.5% - 75cl","p":3.99,"u":"5,32 €/L","img":"https://fd6-photos.leclercdrive.fr/image.ashx?id=2929870&use=l&cat=p&typeid=i","cat":289557},{"id":36886,"n":"Miel de montagne L'Apiculteur Crémeux - 500g","p":5.55,"u":"11,10 €/KG","img":"https://fd6-photos.leclercdrive.fr/image.ashx?id=2310926&use=l&cat=p&typeid=i","cat":287643},{"id":36917,"n":"Canistrelli Corse NRT Amandes - 300g","p":3.65,"u":"12,17 €/KG","img":"https://fd6-photos.leclercdrive.fr/image.ashx?id=2954490&use=l&cat=p&typeid=i","cat":284487},{"id":36919,"n":"Rillettes de thon blanc NRT Au sel de Guérande - 125g","p":2.19,"u":"17,52 €/KG","img":"https://fd6-photos.leclercdrive.fr/image.ashx?id=2775451&use=l&cat=p&typeid=i","cat":303867},{"id":36920,"n":"Protège-slips Doulys Ultra-mince - Large - x30","p":0.82,"u":"0,03 €/P","img":"https://fd6-photos.leclercdrive.fr/image.ashx?id=2847967&use=l&cat=p&typeid=i","cat":284625},{"id":36982,"n":"Assortiment biscuits P'tit Déli Boîte en fer - 750g","p":7.58,"u":"10,11 €/KG","img":"https://fd6-photos.leclercdrive.fr/image.ashx?id=2998469&use=l&cat=p&typeid=i","cat":284490},{"id":37013,"n":"Cuadro Novi Chocolat noir  - 150g","p":4.58,"u":"30,53 €/KG","img":"https://fd6-photos.leclercdrive.fr/image.ashx?id=2750096&use=l&cat=p&typeid=i","cat":327595},{"id":37014,"n":"Cuadro Novi Chocolat  noisettes - 150g","p":4.58,"u":"30,53 €/KG","img":"https://fd6-photos.leclercdrive.fr/image.ashx?id=2615167&use=l&cat=p&typeid=i","cat":327595},{"id":37030,"n":"Farine suprême Francine 1kg","p":1.71,"u":"1,71 €/KG","img":"https://fd6-photos.leclercdrive.fr/image.ashx?id=2902654&use=l&cat=p&typeid=i","cat":284503},{"id":37031,"n":"Huile d'olive Puget Vierge extra - 1,5L","p":17.8,"u":"11,87 €/L","img":"https://fd6-photos.leclercdrive.fr/image.ashx?id=2144452&use=l&cat=p&typeid=i","cat":284453},{"id":37033,"n":"Douceur Crème balsamique  Rustica - 25cl","p":1.79,"u":"7,16 €/L","img":"https://fd6-photos.leclercdrive.fr/image.ashx?id=2781877&use=l&cat=p&typeid=i","cat":284456},{"id":37049,"n":"Sauce Samourai Amora 255g","p":1.61,"u":"7,16 €/KG","img":"https://fd6-photos.leclercdrive.fr/image.ashx?id=2893838&use=l&cat=p&typeid=i","cat":318431},{"id":37052,"n":"Papier toilette Lotus Confort Rose - x24","p":7.91,"u":"0,33 €/P","img":"https://fd6-photos.leclercdrive.fr/image.ashx?id=3002039&use=l&cat=p&typeid=i","cat":284634},{"id":37053,"n":"Sucre pure canne Beghin Say Petits morceaux - 1kg","p":3.19,"u":"3,19 €/KG","img":"https://fd6-photos.leclercdrive.fr/image.ashx?id=2949922&use=l&cat=p&typeid=i","cat":284502},{"id":37054,"n":"Sucre pure canne Beghin Say Morceaux - 1kg","p":2.59,"u":"2,59 €/KG","img":"https://fd6-photos.leclercdrive.fr/image.ashx?id=2978688&use=l&cat=p&typeid=i","cat":284502},{"id":37105,"n":"Beurre de cacahuètes Skippy Creamy - 340g","p":4.19,"u":"12,32 €/KG","img":"https://fd6-photos.leclercdrive.fr/image.ashx?id=2652203&use=l&cat=p&typeid=i","cat":284481},{"id":37107,"n":"Gel lavant mains Manava Spécial cuisine - 300ml","p":0.99,"u":"3,30 €/L","img":"https://fd6-photos.leclercdrive.fr/image.ashx?id=2355151&use=l&cat=p&typeid=i","cat":284597},{"id":37149,"n":"Cookies Méga pépites P'tit Déli Chocolat noisettes 184g","p":1.51,"u":"8,21 €/KG","img":"https://fd6-photos.leclercdrive.fr/image.ashx?id=2116149&use=l&cat=p&typeid=i","cat":325066},{"id":37255,"n":"Céréales Extra Kellogg's Noisettes Caramelisées - 500g","p":3.36,"u":"6,72 €/KG","img":"https://fd6-photos.leclercdrive.fr/image.ashx?id=2736598&use=l&cat=p&typeid=i","cat":309512},{"id":37260,"n":"Boisson au thé Fresh Tea Citron vert - 1,5L","p":1.22,"u":"0,81 €/L","img":"https://fd6-photos.leclercdrive.fr/image.ashx?id=2622257&use=l&cat=p&typeid=i","cat":295019},{"id":37261,"n":"Boisson au thé Fresh Tea Mangue - 1,5L","p":1.24,"u":"0,83 €/L","img":"https://fd6-photos.leclercdrive.fr/image.ashx?id=2622260&use=l&cat=p&typeid=i","cat":295019},{"id":37278,"n":"Orangina Pik Haribo Sachet bonbons acidulés - 250g","p":1.73,"u":"6,92 €/KG","img":"https://fd6-photos.leclercdrive.fr/image.ashx?id=2806090&use=l&cat=p&typeid=i","cat":304250},{"id":37281,"n":"Bonbons Longfizz Lutti 200g","p":1.34,"u":"6,70 €/KG","img":"https://fd6-photos.leclercdrive.fr/image.ashx?id=2962173&use=l&cat=p&typeid=i","cat":304250},{"id":37283,"n":"Compote bio Bio Village Pomme châtaigne - 4x100g","p":1.89,"u":"4,73 €/KG","img":"https://fd6-photos.leclercdrive.fr/image.ashx?id=725380&use=l&cat=p&typeid=i","cat":284416},{"id":37286,"n":"Paëlla royale Marie 900g","p":4.69,"u":"5,21 €/KG","img":"https://fd6-photos.leclercdrive.fr/image.ashx?id=2996770&use=l&cat=p&typeid=i","cat":284254},{"id":37403,"n":"Sachet fraîcheur chien Pedigree  Mixte en sauce - 12x100g","p":5.2,"u":"4,33 €/KG","img":"https://fd6-photos.leclercdrive.fr/image.ashx?id=2870242&use=l&cat=p&typeid=i","cat":284673},{"id":37405,"n":"Foie de morue Connétable MSC Nature - 121g","p":2.31,"u":"19,09 €/KG","img":"https://fd6-photos.leclercdrive.fr/image.ashx?id=2918718&use=l&cat=p&typeid=i","cat":305147},{"id":37417,"n":"Boisson à base de vin rosé  Festalie - 75 cl","p":2.52,"u":"3,36 €/L","img":"https://fd6-photos.leclercdrive.fr/image.ashx?id=2774900&use=l&cat=p&typeid=i","cat":304569},{"id":37428,"n":"Pétillant Festalie sans alcool Framboise - 75cl","p":3.1,"u":"4,13 €/L","img":"https://fd6-photos.leclercdrive.fr/image.ashx?id=2017262&use=l&cat=p&typeid=i","cat":289460},{"id":37436,"n":"Brosse à dents enfant Dentamyl Clignotante - Multicoloris x1","p":1.99,"img":"https://fd6-photos.leclercdrive.fr/image.ashx?id=1953648&use=l&cat=p&typeid=i","cat":288897},{"id":37438,"n":"Papier cuisson Elembal Rouleau 15m","p":1.79,"img":"https://fd6-photos.leclercdrive.fr/image.ashx?id=2824952&use=l&cat=p&typeid=i","cat":334134},{"id":37449,"n":"Pistaches Couleurs Vives Sans sel - 250g","p":4.75,"u":"19,00 €/KG","img":"https://fd6-photos.leclercdrive.fr/image.ashx?id=2266422&use=l&cat=p&typeid=i","cat":316002},{"id":37452,"n":"Lardons de volaille Tradilège Nature 2x75g","p":1.75,"u":"11,67 €/KG","img":"https://fd6-photos.leclercdrive.fr/image.ashx?id=2882355&use=l&cat=p&typeid=i","cat":316011},{"id":37453,"n":"Lardons de volaille Tradilège Fumés 2x75g","p":1.75,"u":"11,67 €/KG","img":"https://fd6-photos.leclercdrive.fr/image.ashx?id=2882358&use=l&cat=p&typeid=i","cat":316011},{"id":37456,"n":"Saucisse fumée Tradilège VPF x3 375g","p":3.18,"u":"8,48 €/KG","img":"https://fd6-photos.leclercdrive.fr/image.ashx?id=2659085&use=l&cat=p&typeid=i","cat":316012},{"id":37457,"n":"Yaourt bio Les 2 Vaches brassé nature - 4x115g","p":1.4,"u":"3,04 €/KG","img":"https://fd6-photos.leclercdrive.fr/image.ashx?id=2571545&use=l&cat=p&typeid=i","cat":284409},{"id":37467,"n":"Infusion Tiséa Fruits rouges 25 sachets 40g","p":0.92,"u":"23,00 €/KG","img":"https://fd6-photos.leclercdrive.fr/image.ashx?id=2922506&use=l&cat=p&typeid=i","cat":293234},{"id":37468,"n":"Jambon cru Fine Fondante Aoste Sans conservateur - x6 - 100g","p":3.5,"u":"35,00 €/KG","img":"https://fd6-photos.leclercdrive.fr/image.ashx?id=2937172&use=l&cat=p&typeid=i","cat":316007},{"id":37540,"n":"Compote bébé Bio Village Bio Pomme vanille 4 mois 4x100g","p":1.99,"u":"4,98 €/KG","img":"https://fd6-photos.leclercdrive.fr/image.ashx?id=2704750&use=l&cat=p&typeid=i","cat":312387},{"id":37541,"n":"Compote bébé Bio Village Bio Pomme /Banane 4 mois 4x100g","p":1.89,"u":"4,73 €/KG","img":"https://fd6-photos.leclercdrive.fr/image.ashx?id=2704753&use=l&cat=p&typeid=i","cat":312387},{"id":37542,"n":"Compote bébé Bio Village bio Poire williams - 4 mois -4x100g","p":1.89,"u":"4,73 €/KG","img":"https://fd6-photos.leclercdrive.fr/image.ashx?id=2704747&use=l&cat=p&typeid=i","cat":312387},{"id":37548,"n":"Cocktail Caipirinha Thoquino 18%vol - 70cl","p":7.92,"u":"11,31 €/L","img":"https://fd6-photos.leclercdrive.fr/image.ashx?id=2104966&use=l&cat=p&typeid=i","cat":284551},{"id":37550,"n":"Gin Gordon's 37,5%vol - 1L","p":20.9,"u":"20,90 €/L","img":"https://fd6-photos.leclercdrive.fr/image.ashx?id=2416447&use=l&cat=p&typeid=i","cat":284550},{"id":37580,"n":"Soupe Régal Soupe Légumes et vermicelles - 1L","p":1.84,"u":"1,84 €/L","img":"https://fd6-photos.leclercdrive.fr/image.ashx?id=2983802&use=l&cat=p&typeid=i","cat":284462},{"id":37593,"n":"Snacks chats Tous mes amis Poulet fromage - 60g","p":0.84,"u":"14,00 €/KG","img":"https://fd6-photos.leclercdrive.fr/image.ashx?id=1947280&use=l&cat=p&typeid=i","cat":285285},{"id":37594,"n":"Snacks chats Tous mes amis Boeuf - 60g","p":0.94,"u":"15,67 €/KG","img":"https://fd6-photos.leclercdrive.fr/image.ashx?id=2046107&use=l&cat=p&typeid=i","cat":285285},{"id":37595,"n":"Snacks chats Tous mes amis Saumon - 60g","p":0.89,"u":"14,83 €/KG","img":"https://fd6-photos.leclercdrive.fr/image.ashx?id=1938588&use=l&cat=p&typeid=i","cat":285285},{"id":37596,"n":"Snacks chats Tous mes amis Contre les boules de poils- 60g","p":0.99,"u":"16,50 €/KG","img":"https://fd6-photos.leclercdrive.fr/image.ashx?id=1947277&use=l&cat=p&typeid=i","cat":285285},{"id":37615,"n":"Rasoirs jetables Eco+ x10","p":0.71,"u":"0,07 €/P","img":"https://fd6-photos.leclercdrive.fr/image.ashx?id=2913642&use=l&cat=p&typeid=i","cat":284616},{"id":37636,"n":"Cassoulet Charles Christ Aux haricots lingots 410g","p":1.61,"u":"3,93 €/KG","img":"https://fd6-photos.leclercdrive.fr/image.ashx?id=1792695&use=l&cat=p&typeid=i","cat":284440},{"id":37669,"n":"Merveilleux  2 p","p":4.5,"u":"2,25 €/P","img":"https://fd6-photos.leclercdrive.fr/image.ashx?id=729549&use=l&cat=p&typeid=i","cat":284360},{"id":37712,"n":"Haricots Verts Cassegrain Extra Fins Cueillis main 390g","p":3.07,"u":"7,87 €/KG","img":"https://fd6-photos.leclercdrive.fr/image.ashx?id=2913025&use=l&cat=p&typeid=i","cat":312606},{"id":37719,"n":"Noix de macadamia Tokapi 100g","p":2.48,"u":"24,80 €/KG","img":"https://fd6-photos.leclercdrive.fr/image.ashx?id=2795562&use=l&cat=p&typeid=i","cat":284448},{"id":37720,"n":"Noix d'amazonie Tokapi 100g","p":2.22,"u":"22,20 €/KG","img":"https://fd6-photos.leclercdrive.fr/image.ashx?id=2795565&use=l&cat=p&typeid=i","cat":284448},{"id":37774,"n":"Recharge Dentamyl Brosse à dents électrique x2","p":6.99,"u":"3,50 €/P","img":"https://fd6-photos.leclercdrive.fr/image.ashx?id=2790967&use=l&cat=p&typeid=i","cat":297133},{"id":37775,"n":"Serviette incontinence Chorys Maxi - x12","p":3.65,"u":"0,30 €/P","img":"https://fd6-photos.leclercdrive.fr/image.ashx?id=2393884&use=l&cat=p&typeid=i","cat":284628},{"id":37778,"n":"Lait corps Inell Réparateur - 250ml","p":2.33,"u":"9,32 €/L","img":"https://fd6-photos.leclercdrive.fr/image.ashx?id=2691664&use=l&cat=p&typeid=i","cat":325349},{"id":37843,"n":"100% Pur jus d'orange Jafaden Sans pulpe - 2L","p":3.54,"u":"1,77 €/L","img":"https://fd6-photos.leclercdrive.fr/image.ashx?id=2796052&use=l&cat=p&typeid=i","cat":284521},{"id":37846,"n":"Boisson à base de vin blanc pêche Festalie BIB 3L","p":7.89,"u":"2,63 €/L","img":"https://fd6-photos.leclercdrive.fr/image.ashx?id=1923586&use=l&cat=p&typeid=i","cat":304569},{"id":37862,"n":"Couches Bébé Eco+ T5 - x52 changes","p":6.94,"u":"0,13 €/P","img":"https://fd6-photos.leclercdrive.fr/image.ashx?id=2487144&use=l&cat=p&typeid=i","cat":284737},{"id":37863,"n":"Compresses stériles Primoplast Ultra-douces x20","p":2.6,"u":"0,13 €/P","img":"https://fd6-photos.leclercdrive.fr/image.ashx?id=2832960&use=l&cat=p&typeid=i","cat":284630},{"id":37864,"n":"Bouchons oreilles Primoplast Mousse x8","p":3.99,"u":"0,50 €/P","img":"https://fd6-photos.leclercdrive.fr/image.ashx?id=2856516&use=l&cat=p&typeid=i","cat":284630},{"id":37866,"n":"Lavette Mamisson Microfibre spécial vitres x1","p":0.85,"img":"https://fd6-photos.leclercdrive.fr/image.ashx?id=2595107&use=l&cat=p&typeid=i","cat":284667},{"id":37875,"n":"Sucre en poudre Beghin Say Extra fin - 750g","p":2.02,"u":"2,69 €/KG","img":"https://fd6-photos.leclercdrive.fr/image.ashx?id=2313882&use=l&cat=p&typeid=i","cat":284502},{"id":38000,"n":"Shampooing douche Petit Manava Pomme-poire - 500ml","p":2.19,"u":"4,38 €/L","img":"https://fd6-photos.leclercdrive.fr/image.ashx?id=2403694&use=l&cat=p&typeid=i","cat":284606},{"id":38022,"n":"Barquette allégée Elle&Vire Doux - 20% MG - 250g","p":1.85,"u":"7,40 €/KG","img":"https://fd6-photos.leclercdrive.fr/image.ashx?id=2763460&use=l&cat=p&typeid=i","cat":284379},{"id":38026,"n":"Soufflés Frites Tokapi Bacon - 80g","p":0.79,"u":"9,88 €/KG","img":"https://fd6-photos.leclercdrive.fr/image.ashx?id=2597028&use=l&cat=p&typeid=i","cat":284449},{"id":38027,"n":"Quinoa gourmand Tipiak 400g","p":2.43,"u":"6,08 €/KG","img":"https://fd6-photos.leclercdrive.fr/image.ashx?id=2640617&use=l&cat=p&typeid=i","cat":284429},{"id":38032,"n":"Viande bovine jarret  *** avec os 800g à mijoter - 800g","p":16.51,"u":"20,64 €/KG","img":"https://fd6-photos.leclercdrive.fr/image.ashx?id=819496&use=l&cat=p&typeid=i","cat":284328},{"id":38034,"n":"Jarret de boeuf *** Sans os à mijoter - 800g","p":17.43,"u":"21,79 €/KG","img":"https://fd6-photos.leclercdrive.fr/image.ashx?id=819496&use=l&cat=p&typeid=i","cat":284328},{"id":38035,"n":"Shampooing Petit Nateis 2en1 Enfants - 250ml","p":1.35,"u":"5,40 €/L","img":"https://fd6-photos.leclercdrive.fr/image.ashx?id=1964975&use=l&cat=p&typeid=i","cat":284606},{"id":38054,"n":"Thé glacé pétillant Liptonic  Ice Tea Pêche - 1,5L","p":2.03,"u":"1,35 €/L","img":"https://fd6-photos.leclercdrive.fr/image.ashx?id=2159598&use=l&cat=p&typeid=i","cat":295019},{"id":38057,"n":"Mayonnaise Colona 830g","p":4.5,"u":"5,42 €/KG","img":"https://fd6-photos.leclercdrive.fr/image.ashx?id=2687212&use=l&cat=p&typeid=i","cat":298295},{"id":38058,"n":"Sauce Samouraï Colona 840g","p":4.5,"u":"5,36 €/KG","img":"https://fd6-photos.leclercdrive.fr/image.ashx?id=2687140&use=l&cat=p&typeid=i","cat":318431},{"id":38059,"n":"Sauce Pitta Colona Spécial Kebab - 840g","p":4.5,"u":"5,36 €/KG","img":"https://fd6-photos.leclercdrive.fr/image.ashx?id=2687125&use=l&cat=p&typeid=i","cat":318431},{"id":38100,"n":"Chocolat en poudre Nesquik Boîte 490g","p":3.69,"u":"7,53 €/KG","img":"https://fd6-photos.leclercdrive.fr/image.ashx?id=3005305&use=l&cat=p&typeid=i","cat":293235},{"id":38131,"n":"Miel de tilleul de Bourgogne NRT - 375g","p":6.03,"u":"16,08 €/KG","img":"https://fd6-photos.leclercdrive.fr/image.ashx?id=2964589&use=l&cat=p&typeid=i","cat":287643},{"id":38220,"n":"Pansements Primoplast Anti-ampoules x6","p":3.15,"img":"https://fd6-photos.leclercdrive.fr/image.ashx?id=2955716&use=l&cat=p&typeid=i","cat":284630},{"id":38226,"n":"Compresses stériles Primoplast Gaze x60","p":4.99,"u":"0,08 €/P","img":"https://fd6-photos.leclercdrive.fr/image.ashx?id=2834181&use=l&cat=p&typeid=i","cat":284630},{"id":38227,"n":"Compresses stériles Primoplast Gaze x10","p":1.3,"u":"0,13 €/P","img":"https://fd6-photos.leclercdrive.fr/image.ashx?id=2856510&use=l&cat=p&typeid=i","cat":284630},{"id":38228,"n":"Vaseline Primoplast Tube 50ml","p":1.47,"u":"29,40 €/L","img":"https://fd6-photos.leclercdrive.fr/image.ashx?id=2856519&use=l&cat=p&typeid=i","cat":284630},{"id":38230,"n":"Mouchoirs blancs 4 plis Caresse Pock kid mouchoirs papier x10","p":1.12,"u":"0,11 €/P","img":"https://fd6-photos.leclercdrive.fr/image.ashx?id=2856687&use=l&cat=p&typeid=i","cat":284638},{"id":38232,"n":"Mouchoirs blancs 3 plis Caresse Boîte décor aléatoire Kids -x60","p":1.75,"u":"0,03 €/P","img":"https://fd6-photos.leclercdrive.fr/image.ashx?id=2380809&use=l&cat=p&typeid=i","cat":284638},{"id":38234,"n":"Dessert - P'tit Brassé Nestlé Banane - dès 6 mois - 4x100g","p":1.89,"u":"4,73 €/KG","img":"https://fd6-photos.leclercdrive.fr/image.ashx?id=2615131&use=l&cat=p&typeid=i","cat":312392},{"id":38235,"n":"Dessert - P'tit Brassé Nestlé Framboise - dès 6 mois - 4x100g","p":1.69,"u":"4,23 €/KG","img":"https://fd6-photos.leclercdrive.fr/image.ashx?id=2604876&use=l&cat=p&typeid=i","cat":312392},{"id":38236,"n":"Dessert - P'tit Brassé Nestlé Abricot - dès 6 mois - 4x100g","p":1.67,"u":"4,18 €/KG","img":"https://fd6-photos.leclercdrive.fr/image.ashx?id=2600569&use=l&cat=p&typeid=i","cat":312392},{"id":38237,"n":"Dessert - P'tit Brassé Nestlé Poire - dès 6 mois - 4x100g","p":1.83,"u":"4,58 €/KG","img":"https://fd6-photos.leclercdrive.fr/image.ashx?id=2615756&use=l&cat=p&typeid=i","cat":312392},{"id":38238,"n":"Dessert - P'tit Brassé Nestlé Fraise - dès 6 mois - 4x100g","p":1.69,"u":"4,23 €/KG","img":"https://fd6-photos.leclercdrive.fr/image.ashx?id=2510187&use=l&cat=p&typeid=i","cat":312392},{"id":38239,"n":"Dessert - P'tit Brassé Nestlé Myrtille - dès 6 mois - 4x100g","p":1.84,"u":"4,60 €/KG","img":"https://fd6-photos.leclercdrive.fr/image.ashx?id=2583235&use=l&cat=p&typeid=i","cat":312392},{"id":38272,"n":"Bière brune Page 24 7.9%vol. - 75cl","p":3.45,"u":"4,60 €/L","img":"https://fd6-photos.leclercdrive.fr/image.ashx?id=1742258&use=l&cat=p&typeid=i","cat":334852},{"id":38273,"n":"Bière triple Page 24 7,9% vol. - 75cl","p":3.7,"u":"4,93 €/L","img":"https://fd6-photos.leclercdrive.fr/image.ashx?id=1742255&use=l&cat=p&typeid=i","cat":334872},{"id":38297,"n":"Matière grasse St Hubert Omega3 52%mg - demi-sel - 510g","p":3.65,"u":"7,16 €/KG","img":"https://fd6-photos.leclercdrive.fr/image.ashx?id=2734099&use=l&cat=p&typeid=i","cat":315229},{"id":38298,"n":"Matière grasse St Hubert Omega 3 - 52%mg - doux - 510g","p":3.4,"u":"6,67 €/KG","img":"https://fd6-photos.leclercdrive.fr/image.ashx?id=2734108&use=l&cat=p&typeid=i","cat":315229},{"id":38304,"n":"Taboulé Pierre Martinet Au poulet - 300g","p":1.74,"u":"5,80 €/KG","img":"https://fd6-photos.leclercdrive.fr/image.ashx?id=2990529&use=l&cat=p&typeid=i","cat":333657},{"id":38322,"n":"Compote Douceur du Verger Gourdes multivariétés - 20x90g","p":5.95,"u":"3,31 €/KG","img":"https://fd6-photos.leclercdrive.fr/image.ashx?id=2837057&use=l&cat=p&typeid=i","cat":284508},{"id":38337,"n":"Huile sèche corps Inell Nourrissante - 150ml","p":3.82,"u":"25,47 €/L","img":"https://fd6-photos.leclercdrive.fr/image.ashx?id=2604349&use=l&cat=p&typeid=i","cat":325349},{"id":38345,"n":"Vodka premium Grey Goose Original 40° - 70cl","p":36.99,"pp":32.99,"u":"47,13 €/L","img":"https://fd6-photos.leclercdrive.fr/image.ashx?id=2848331&use=l&cat=p&typeid=i","cat":284550},{"id":38374,"n":"Brosse à dents Dentamyl Super pro interdent x1","p":1.3,"img":"https://fd6-photos.leclercdrive.fr/image.ashx?id=2790970&use=l&cat=p&typeid=i","cat":284614},{"id":38379,"n":"Shampooing Manava Aux oeufs 500ml","p":1.0,"u":"2,00 €/L","img":"https://fd6-photos.leclercdrive.fr/image.ashx?id=2852243&use=l&cat=p&typeid=i","cat":284606},{"id":38380,"n":"Rasoir Gillette Proglide Flexball manuel x1","p":10.9,"img":"https://fd6-photos.leclercdrive.fr/image.ashx?id=2682394&use=l&cat=p&typeid=i","cat":284616},{"id":38381,"n":"Tartelettes aux fraises  2x120g","p":3.99,"u":"16,63 €/KG","img":"https://fd6-photos.leclercdrive.fr/image.ashx?id=557991&use=l&cat=p&typeid=i","cat":284360},{"id":38488,"n":"Pièce fondue de boeuf 500g","p":16.07,"u":"32,14 €/KG","img":"https://fd6-photos.leclercdrive.fr/image.ashx?id=2117915&use=l&cat=p&typeid=i","cat":284328},{"id":38491,"n":"Viande bovine pot au feu ** mijoter - 1.1kg","p":21.44,"u":"19,49 €/KG","img":"https://fd6-photos.leclercdrive.fr/image.ashx?id=2117918&use=l&cat=p&typeid=i","cat":284328},{"id":38501,"n":"Lentilles cuisinées Cassegrain  - 2x265g","p":3.07,"u":"0,58 €/L","img":"https://fd6-photos.leclercdrive.fr/image.ashx?id=2952463&use=l&cat=p&typeid=i","cat":312609},{"id":38524,"n":"Tendres perles Blé Tipiak Prêt en 5 min - 350g","p":1.62,"u":"4,63 €/KG","img":"https://fd6-photos.leclercdrive.fr/image.ashx?id=2640614&use=l&cat=p&typeid=i","cat":284429},{"id":38562,"n":"Cône Nestlé Extrême  Vanille de Madagascar x6 - 426g","p":3.45,"u":"8,10 €/KG","img":"https://fd6-photos.leclercdrive.fr/image.ashx?id=3000432&use=l&cat=p&typeid=i","cat":284264},{"id":38563,"n":"Cône Extrême Nestlé Chocolat intense 6x71g","p":3.5,"u":"8,22 €/KG","img":"https://fd6-photos.leclercdrive.fr/image.ashx?id=2353089&use=l&cat=p&typeid=i","cat":284264},{"id":38607,"n":"Surligneurs Stabilo Boss x4 Boss Original + 2 Swing Cool","p":6.48,"img":"https://fd6-photos.leclercdrive.fr/image.ashx?id=2010956&use=l&cat=p&typeid=i","cat":284696},{"id":38705,"n":"Chocolat Pâtissier Nestlé Dessert - 2x205g","p":5.86,"u":"14,29 €/KG","img":"https://fd6-photos.leclercdrive.fr/image.ashx?id=2959491&use=l&cat=p&typeid=i","cat":285562},{"id":38724,"n":"Madeleines coquilles NRT 330g","p":3.29,"u":"9,97 €/KG","img":"https://fd6-photos.leclercdrive.fr/image.ashx?id=2704903&use=l&cat=p&typeid=i","cat":284492},{"id":38735,"n":"Lait de douche Manava Lait et miel - 250ml","p":0.94,"u":"3,76 €/L","img":"https://fd6-photos.leclercdrive.fr/image.ashx?id=1628283&use=l&cat=p&typeid=i","cat":284594},{"id":38744,"n":"Beurre allégé Les Croisés Demi-sel - 60% MG - 250g","p":1.89,"u":"7,56 €/KG","img":"https://fd6-photos.leclercdrive.fr/image.ashx?id=2897787&use=l&cat=p&typeid=i","cat":284379},{"id":38764,"n":"Cidre artisanal Les Goelleries Brut 5,5% - 75cl","p":2.49,"u":"3,32 €/L","img":"https://fd6-photos.leclercdrive.fr/image.ashx?id=2842301&use=l&cat=p&typeid=i","cat":334880},{"id":38773,"n":"Pur jus d'orange Jafaden Avec pulpe - 1,5L","p":3.0,"u":"2,00 €/L","img":"https://fd6-photos.leclercdrive.fr/image.ashx?id=2796058&use=l&cat=p&typeid=i","cat":284521},{"id":38776,"n":"AOC Côtes du Marmandais vin rosé Terrasses d'Autan - 75cl","p":2.99,"u":"3,99 €/L","img":"https://fd6-photos.leclercdrive.fr/image.ashx?id=2710497&use=l&cat=p&typeid=i","cat":289558},{"id":38781,"n":"Mouchoirs blancs 4 plis Caresse Boîte mouchoirs papier - x80","p":1.1,"u":"0,01 €/P","img":"https://fd6-photos.leclercdrive.fr/image.ashx?id=2801049&use=l&cat=p&typeid=i","cat":284638},{"id":38786,"n":"Couches Huggies Little Swimmers Taille 2/3 - x20","p":11.87,"u":"0,59 €/P","img":"https://fd6-photos.leclercdrive.fr/image.ashx?id=2844706&use=l&cat=p&typeid=i","cat":290634},{"id":38787,"n":"Huggies® Little Swimmers® Maxipack Taille 5-6 x19","p":11.85,"u":"0,62 €/P","img":"https://fd6-photos.leclercdrive.fr/image.ashx?id=2844709&use=l&cat=p&typeid=i","cat":290634},{"id":38799,"n":"Essuie-tout Mimosa Demi-feuille - x3","p":4.9,"u":"1,63 €/P","img":"https://fd6-photos.leclercdrive.fr/image.ashx?id=2727389&use=l&cat=p&typeid=i","cat":284635},{"id":38800,"n":"Essuie-tout Déco Mimosa Maxi - x3","p":3.85,"u":"1,28 €/P","img":"https://fd6-photos.leclercdrive.fr/image.ashx?id=2727392&use=l&cat=p&typeid=i","cat":284635},{"id":38801,"n":"Déodorant spray Manava Vanille 100ml","p":1.39,"u":"13,90 €/L","img":"https://fd6-photos.leclercdrive.fr/image.ashx?id=2671408&use=l&cat=p&typeid=i","cat":284595},{"id":38802,"n":"Déodorant spray Manava Pierre d'alun/Aloe Vera - 100ml","p":1.44,"u":"14,40 €/L","img":"https://fd6-photos.leclercdrive.fr/image.ashx?id=3013609&use=l&cat=p&typeid=i","cat":284595},{"id":38803,"n":"Déodorant spray grenade Manava A l'huile sauge sclarée - 100ml","p":1.39,"u":"13,90 €/L","img":"https://fd6-photos.leclercdrive.fr/image.ashx?id=2656448&use=l&cat=p&typeid=i","cat":284595},{"id":38804,"n":"Déodorant spray Manava Invisible 100ml","p":1.39,"u":"13,90 €/L","img":"https://fd6-photos.leclercdrive.fr/image.ashx?id=2692958&use=l&cat=p&typeid=i","cat":284595},{"id":38812,"n":"Pains au lait Pasquier x10 - 350g","p":1.4,"u":"4,00 €/KG","img":"https://fd6-photos.leclercdrive.fr/image.ashx?id=2576940&use=l&cat=p&typeid=i","cat":293505},{"id":38857,"n":"Fromage Boursin cuisine Ail & fines herbes - 240g","p":2.45,"u":"10,21 €/KG","img":"https://fd6-photos.leclercdrive.fr/image.ashx?id=2615418&use=l&cat=p&typeid=i","cat":314029},{"id":38865,"n":"Maïs Bonduelle 3x140g","p":2.08,"u":"4,95 €/KG","img":"https://fd6-photos.leclercdrive.fr/image.ashx?id=2949877&use=l&cat=p&typeid=i","cat":312611},{"id":38868,"n":"Chips ondulées Pom'Lisse Poulet rôti - 135g","p":1.05,"u":"7,78 €/KG","img":"https://fd6-photos.leclercdrive.fr/image.ashx?id=2919625&use=l&cat=p&typeid=i","cat":284447},{"id":38985,"n":"Beurre Grand Fermage  Demi-sel - 80% MG - 250g","p":2.63,"u":"10,52 €/KG","img":"https://fd6-photos.leclercdrive.fr/image.ashx?id=2915569&use=l&cat=p&typeid=i","cat":284379},{"id":38994,"n":"Edulcorant liquide Ginko 200ml","p":6.45,"u":"32,25 €/L","img":"https://fd6-photos.leclercdrive.fr/image.ashx?id=2231055&use=l&cat=p&typeid=i","cat":324846},{"id":39003,"n":"Actifidus Délisse Fruits panachés - 16x125g","p":5.15,"u":"2,58 €/KG","img":"https://fd6-photos.leclercdrive.fr/image.ashx?id=2440724&use=l&cat=p&typeid=i","cat":315000},{"id":39009,"n":"Pain de mie complet Epi d'Or Extra moelleux - 500g","p":1.79,"u":"3,58 €/KG","img":"https://fd6-photos.leclercdrive.fr/image.ashx?id=2860742&use=l&cat=p&typeid=i","cat":284477},{"id":39024,"n":"AOP Entre-deux-mers blanc Cuvée Hortense - 75cl","p":4.95,"pp":3.71,"u":"4,95 €/L","img":"https://fd6-photos.leclercdrive.fr/image.ashx?id=2516068&use=l&cat=p&typeid=i","cat":289557},{"id":39051,"n":"AOC Buzet rosé L'Excellence - 75cl","p":3.8,"u":"5,07 €/L","img":"https://fd6-photos.leclercdrive.fr/image.ashx?id=2833420&use=l&cat=p&typeid=i","cat":289558},{"id":39056,"n":"AOC Côtes de Provence rosé Billette - BIB 3L","p":20.89,"u":"6,96 €/L","img":"https://fd6-photos.leclercdrive.fr/image.ashx?id=2863434&use=l&cat=p&typeid=i","cat":289560},{"id":39061,"n":"Film étirable Alfapac Rouleau 35m x 29cm","p":1.55,"img":"https://fd6-photos.leclercdrive.fr/image.ashx?id=2918268&use=l&cat=p&typeid=i","cat":334134},{"id":39067,"n":"Tablettes lave vaisselle Sun Classic x60 - 570g","p":7.14,"u":"12,53 €/KG","img":"https://fd6-photos.leclercdrive.fr/image.ashx?id=2775745&use=l&cat=p&typeid=i","cat":284656},{"id":39107,"n":"Gel lavant Manava Savon de Marseille - 300ml","p":1.06,"u":"3,53 €/L","img":"https://fd6-photos.leclercdrive.fr/image.ashx?id=2935498&use=l&cat=p&typeid=i","cat":284597},{"id":39120,"n":"Eau minérale naturelle Vittel Bouchon sport - 6x75cl","p":2.95,"u":"0,66 €/L","img":"https://fd6-photos.leclercdrive.fr/image.ashx?id=2774478&use=l&cat=p&typeid=i","cat":284535},{"id":39122,"n":"Fromage de chèvre Soignon Bûche Sainte Maure - 300g","p":3.2,"u":"10,67 €/KG","img":"https://fd6-photos.leclercdrive.fr/image.ashx?id=2963331&use=l&cat=p&typeid=i","cat":314031},{"id":39145,"n":"Mouchoirs blancs 4 plis Caresse Etuis x15 - Mentholés","p":1.98,"u":"0,13 €/P","img":"https://fd6-photos.leclercdrive.fr/image.ashx?id=2572996&use=l&cat=p&typeid=i","cat":284638},{"id":39155,"n":"Chips La classique Vico Nature - 6x27,5g","p":1.75,"u":"10,61 €/KG","img":"https://fd6-photos.leclercdrive.fr/image.ashx?id=2917813&use=l&cat=p&typeid=i","cat":284447},{"id":39172,"n":"AOP Cabernet d'Anjou vin rosé Les Caractères - 75cl","p":3.99,"u":"5,32 €/L","img":"https://fd6-photos.leclercdrive.fr/image.ashx?id=2908846&use=l&cat=p&typeid=i","cat":289558},{"id":39182,"n":"Pain de mie 100% Mie Harrys Complet sans croûte Maxi - 650g","p":2.37,"u":"3,65 €/KG","img":"https://fd6-photos.leclercdrive.fr/image.ashx?id=2517438&use=l&cat=p&typeid=i","cat":284477},{"id":39232,"n":"AOP Champagne rosé Demoiselle Brut Vranken - 75cl","p":30.03,"u":"40,04 €/L","img":"https://fd6-photos.leclercdrive.fr/image.ashx?id=2020254&use=l&cat=p&typeid=i","cat":284542},{"id":39233,"n":"AOP Côtes de Provence rosé Estandon - 75cl","p":5.5,"u":"7,33 €/L","img":"https://fd6-photos.leclercdrive.fr/image.ashx?id=2868966&use=l&cat=p&typeid=i","cat":289558},{"id":39259,"n":"Planteur Jafaden Cocktail sans alcool - 1L","p":2.35,"u":"2,35 €/L","img":"https://fd6-photos.leclercdrive.fr/image.ashx?id=2956726&use=l&cat=p&typeid=i","cat":284916},{"id":39261,"n":"Cidre doux Les Goelleries 2%vol. - 3x33cl","p":3.35,"u":"3,38 €/L","img":"https://fd6-photos.leclercdrive.fr/image.ashx?id=2856528&use=l&cat=p&typeid=i","cat":334880},{"id":39265,"n":"AOC Picpoul de Pinet vin blanc Prieur Barsanne - 75cl","p":4.8,"u":"6,40 €/L","img":"https://fd6-photos.leclercdrive.fr/image.ashx?id=2705083&use=l&cat=p&typeid=i","cat":289557},{"id":39266,"n":"AOP Corse vin rosé Terres Ocrées - 75cl","p":4.99,"u":"6,65 €/L","img":"https://fd6-photos.leclercdrive.fr/image.ashx?id=2865242&use=l&cat=p&typeid=i","cat":289558},{"id":39268,"n":"AOP Bergerac vin blanc sec Terrasses d'Autan - 75cl","p":2.99,"u":"3,99 €/L","img":"https://fd6-photos.leclercdrive.fr/image.ashx?id=2858108&use=l&cat=p&typeid=i","cat":289557},{"id":39269,"n":"AOC Cabernet d'Anjou vin rosé Les Caractères - 37,5cl","p":2.99,"u":"7,97 €/L","img":"https://fd6-photos.leclercdrive.fr/image.ashx?id=2710943&use=l&cat=p&typeid=i","cat":289558},{"id":39270,"n":"AOP Touraine Sauvignon vin Blanc - Les Caractères - 75cl","p":4.99,"u":"6,65 €/L","img":"https://fd6-photos.leclercdrive.fr/image.ashx?id=2699693&use=l&cat=p&typeid=i","cat":289557},{"id":39271,"n":"AOP Alsace Pinot gris  vin blanc Rebmann - 75 cl","p":4.99,"u":"6,65 €/L","img":"https://fd6-photos.leclercdrive.fr/image.ashx?id=2907467&use=l&cat=p&typeid=i","cat":289557},{"id":39272,"n":"AOP Bourgogne Chardonnay vin blanc Antoine Barrier - 75cl","p":6.99,"u":"9,32 €/L","img":"https://fd6-photos.leclercdrive.fr/image.ashx?id=2714983&use=l&cat=p&typeid=i","cat":289557},{"id":39328,"n":"Vin mousseux Kriter Brut 3x20cl","p":5.24,"u":"8,73 €/L","img":"https://fd6-photos.leclercdrive.fr/image.ashx?id=2538509&use=l&cat=p&typeid=i","cat":284544},{"id":39331,"n":"Shampooing Manava Beurre de karité 500ml","p":1.35,"u":"2,70 €/L","img":"https://fd6-photos.leclercdrive.fr/image.ashx?id=1884643&use=l&cat=p&typeid=i","cat":284606},{"id":39332,"n":"Shampooing Manava Cheveux normaux à gras 500ml","p":1.28,"u":"2,56 €/L","img":"https://fd6-photos.leclercdrive.fr/image.ashx?id=1885059&use=l&cat=p&typeid=i","cat":284606},{"id":39338,"n":"Moutarde Savora Amora 385g","p":2.29,"u":"5,95 €/KG","img":"https://fd6-photos.leclercdrive.fr/image.ashx?id=2775685&use=l&cat=p&typeid=i","cat":288850},{"id":39339,"n":"Moutarde Amora Fine & douce - 190g","p":1.59,"u":"8,37 €/KG","img":"https://fd6-photos.leclercdrive.fr/image.ashx?id=2738791&use=l&cat=p&typeid=i","cat":288850},{"id":39376,"n":"Pur jus d'orange Tropicana Sans pulpe - 1,5L","p":3.31,"u":"2,21 €/L","img":"https://fd6-photos.leclercdrive.fr/image.ashx?id=2509637&use=l&cat=p&typeid=i","cat":284521},{"id":39388,"n":"Haricots verts Bio Village Bio - 360g","p":1.89,"u":"5,25 €/KG","img":"https://fd6-photos.leclercdrive.fr/image.ashx?id=3002659&use=l&cat=p&typeid=i","cat":312606},{"id":39389,"n":"Haricots beurre Notre Jardin Extra fins 1kg","p":2.29,"u":"2,29 €/KG","img":"https://fd6-photos.leclercdrive.fr/image.ashx?id=2431134&use=l&cat=p&typeid=i","cat":319805},{"id":39390,"n":"Soupe Velouté bolet Régal soupe Déshydratée - 66g","p":1.86,"u":"28,18 €/KG","img":"https://fd6-photos.leclercdrive.fr/image.ashx?id=2188844&use=l&cat=p&typeid=i","cat":284463},{"id":39403,"n":"Joker Pur Jus Engagé Orange  sans pulpe - 1L","p":2.62,"u":"2,62 €/L","img":"https://fd6-photos.leclercdrive.fr/image.ashx?id=2984982&use=l&cat=p&typeid=i","cat":284521},{"id":39417,"n":"Boisson Sunny Delight Florida - 1,25L","p":2.22,"u":"1,78 €/L","img":"https://fd6-photos.leclercdrive.fr/image.ashx?id=2309960&use=l&cat=p&typeid=i","cat":285435},{"id":39418,"n":"Boisson Sunny Delight Doux California - 1,25L","p":2.19,"u":"1,75 €/L","img":"https://fd6-photos.leclercdrive.fr/image.ashx?id=2309963&use=l&cat=p&typeid=i","cat":285435},{"id":39421,"n":"Jus innocent pomme 900ml","p":2.73,"u":"3,03 €/L","img":"https://fd6-photos.leclercdrive.fr/image.ashx?id=2891703&use=l&cat=p&typeid=i","cat":284354},{"id":39443,"n":"Jus innocent  orange avec pulpe 1.5L","p":3.97,"u":"2,65 €/L","img":"https://fd6-photos.leclercdrive.fr/image.ashx?id=2891223&use=l&cat=p&typeid=i","cat":285435},{"id":39444,"n":"Jus innocent orange avec pulpe 900ml","p":2.76,"u":"3,07 €/L","img":"https://fd6-photos.leclercdrive.fr/image.ashx?id=2891700&use=l&cat=p&typeid=i","cat":285435},{"id":39445,"n":"Confiture Douceur Du Verger Extra myrtilles allegée - 340g","p":1.89,"u":"5,56 €/KG","img":"https://fd6-photos.leclercdrive.fr/image.ashx?id=2965515&use=l&cat=p&typeid=i","cat":284480},{"id":39471,"n":"Mousse aux oeufs Bonne Maman Chocolat - 4x50g","p":2.42,"u":"12,10 €/KG","img":"https://fd6-photos.leclercdrive.fr/image.ashx?id=2571509&use=l&cat=p&typeid=i","cat":284417},{"id":39472,"n":"Mousse aux oeufs Bonne Maman Chocolat au lait - 4x50g","p":2.35,"u":"11,75 €/KG","img":"https://fd6-photos.leclercdrive.fr/image.ashx?id=2571512&use=l&cat=p&typeid=i","cat":284417},{"id":39475,"n":"Barre chocolatée Balisto Fruits des bois - x10 - 185g","p":2.76,"u":"14,92 €/KG","img":"https://fd6-photos.leclercdrive.fr/image.ashx?id=1930983&use=l&cat=p&typeid=i","cat":284498},{"id":39477,"n":"Crêpes fourrées P'tit Déli Fraise - 256g","p":2.02,"u":"7,89 €/KG","img":"https://fd6-photos.leclercdrive.fr/image.ashx?id=2498068&use=l&cat=p&typeid=i","cat":284494},{"id":39480,"n":"Chips ondulées Pom'Lisse Nature - 6x30g","p":1.57,"u":"8,72 €/KG","img":"https://fd6-photos.leclercdrive.fr/image.ashx?id=2728246&use=l&cat=p&typeid=i","cat":284447},{"id":39482,"n":"Brownie P'tit Déli Chocolat noisette - 240g","p":1.83,"u":"7,63 €/KG","img":"https://fd6-photos.leclercdrive.fr/image.ashx?id=2540954&use=l&cat=p&typeid=i","cat":294776},{"id":39485,"n":"Barre chocolatée Balisto Miel amande - x10 barres - 185g","p":2.96,"u":"16,00 €/KG","img":"https://fd6-photos.leclercdrive.fr/image.ashx?id=1930977&use=l&cat=p&typeid=i","cat":284498},{"id":39491,"n":"Coq Maître Coq Poulet Fromage - 1kg","p":7.71,"u":"7,71 €/KG","img":"https://fd6-photos.leclercdrive.fr/image.ashx?id=2877820&use=l&cat=p&typeid=i","cat":333683},{"id":39497,"n":"Barre chocolatée P'tit Déli Bille de riz - 162g","p":1.5,"u":"9,26 €/KG","img":"https://fd6-photos.leclercdrive.fr/image.ashx?id=2529599&use=l&cat=p&typeid=i","cat":284488},{"id":39498,"n":"Biscottes Epi d'Or Gout brioché x36 - 300g","p":1.51,"u":"5,03 €/KG","img":"https://fd6-photos.leclercdrive.fr/image.ashx?id=2684028&use=l&cat=p&typeid=i","cat":284479},{"id":39502,"n":"Biscuits Cookies P'tit Déli Coeur fondant noisette - 200g","p":1.44,"u":"7,20 €/KG","img":"https://fd6-photos.leclercdrive.fr/image.ashx?id=2577296&use=l&cat=p&typeid=i","cat":325066},{"id":39503,"n":"Chocolat Pâtissier Tablette dOr Praliné - 200g","p":2.15,"u":"10,75 €/KG","img":"https://fd6-photos.leclercdrive.fr/image.ashx?id=2565619&use=l&cat=p&typeid=i","cat":285562},{"id":39507,"n":"Moutarde Rustica Douce - 435g","p":1.39,"u":"3,20 €/KG","img":"https://fd6-photos.leclercdrive.fr/image.ashx?id=2052019&use=l&cat=p&typeid=i","cat":288850},{"id":39508,"n":"Mini canapés Epi d'Or Nature - 255g","p":1.12,"u":"4,39 €/KG","img":"https://fd6-photos.leclercdrive.fr/image.ashx?id=2129233&use=l&cat=p&typeid=i","cat":285454},{"id":39511,"n":"Thé lady grey Twinings x20 sachets -  40g","p":2.49,"u":"62,25 €/KG","img":"https://fd6-photos.leclercdrive.fr/image.ashx?id=2875552&use=l&cat=p&typeid=i","cat":293233},{"id":39513,"n":"Soupe Velouté Régal  Poireaux St Jacques - 1L","p":3.8,"u":"3,80 €/L","img":"https://fd6-photos.leclercdrive.fr/image.ashx?id=2800243&use=l&cat=p&typeid=i","cat":284462},{"id":39514,"n":"Soupe Velouté Regal Soupe Cèpes et bolets - 1L","p":2.25,"u":"2,25 €/L","img":"https://fd6-photos.leclercdrive.fr/image.ashx?id=2607545&use=l&cat=p&typeid=i","cat":284462},{"id":39515,"n":"Friandises pour chien Lydog Sticks au poulet - x5 - 42g","p":0.94,"u":"22,38 €/KG","img":"https://fd6-photos.leclercdrive.fr/image.ashx?id=1947268&use=l&cat=p&typeid=i","cat":294527},{"id":39517,"n":"Thé vert Twinings Citron x25 sachets -50g","p":2.28,"u":"45,60 €/KG","img":"https://fd6-photos.leclercdrive.fr/image.ashx?id=2893012&use=l&cat=p&typeid=i","cat":293233},{"id":39521,"n":"Cacahuètes enrobées Tokapi Salées - 150g","p":0.85,"u":"5,67 €/KG","img":"https://fd6-photos.leclercdrive.fr/image.ashx?id=1957812&use=l&cat=p&typeid=i","cat":284448},{"id":39522,"n":"Cacahuètes enrobées Tokapi Bacon - 150g","p":0.85,"u":"5,67 €/KG","img":"https://fd6-photos.leclercdrive.fr/image.ashx?id=1951858&use=l&cat=p&typeid=i","cat":284448},{"id":39523,"n":"Cacahuètes enrobées Tokapi Paprika - 150g","p":0.99,"u":"6,60 €/KG","img":"https://fd6-photos.leclercdrive.fr/image.ashx?id=1972828&use=l&cat=p&typeid=i","cat":284448},{"id":39524,"n":"Cacahuètes enrobées Tokapi Epicées - 150g","p":0.85,"u":"5,67 €/KG","img":"https://fd6-photos.leclercdrive.fr/image.ashx?id=763519&use=l&cat=p&typeid=i","cat":284448},{"id":39529,"n":"Jus de citron Rustica Sicile - 50cl","p":1.67,"u":"3,34 €/L","img":"https://fd6-photos.leclercdrive.fr/image.ashx?id=2974804&use=l&cat=p&typeid=i","cat":288383},{"id":39534,"n":"Barres énergétiques Ovomaltine x5 barres - 100g","p":2.47,"u":"24,70 €/KG","img":"https://fd6-photos.leclercdrive.fr/image.ashx?id=2413029&use=l&cat=p&typeid=i","cat":318652},{"id":39541,"n":"Madeleine P'tit Déli Coquilles napées chocolat -300g","p":2.62,"u":"8,73 €/KG","img":"https://fd6-photos.leclercdrive.fr/image.ashx?id=2583262&use=l&cat=p&typeid=i","cat":284492},{"id":39545,"n":"Soupe Poule au pot Régal Soupe  Déshydratée - 72g","p":0.84,"u":"11,67 €/KG","img":"https://fd6-photos.leclercdrive.fr/image.ashx?id=2656381&use=l&cat=p&typeid=i","cat":284463},{"id":39547,"n":"Duo Haricots verts et beurre Notre Jardin - 225g","p":1.03,"u":"4,58 €/KG","img":"https://fd6-photos.leclercdrive.fr/image.ashx?id=2988060&use=l&cat=p&typeid=i","cat":312606},{"id":39550,"n":"Sirop d'agave bio Bio Village 345g","p":1.99,"u":"5,77 €/KG","img":"https://fd6-photos.leclercdrive.fr/image.ashx?id=2175777&use=l&cat=p&typeid=i","cat":287643},{"id":39551,"n":"Tablettes pour chien Lydog Boeuf, poulet, agneau - 104g","p":1.22,"u":"11,73 €/KG","img":"https://fd6-photos.leclercdrive.fr/image.ashx?id=1947265&use=l&cat=p&typeid=i","cat":294527},{"id":39554,"n":"Mélange 4 champignons N.Jardin 230g","p":2.57,"u":"11,17 €/KG","img":"https://fd6-photos.leclercdrive.fr/image.ashx?id=2072719&use=l&cat=p&typeid=i","cat":312610},{"id":39556,"n":"Gaufres liégeoises P'tit Déli Sucrées - 550g","p":2.69,"u":"4,89 €/KG","img":"https://fd6-photos.leclercdrive.fr/image.ashx?id=763752&use=l&cat=p&typeid=i","cat":294777},{"id":39558,"n":"Croquettes chat Tous mes amis Stérilisés - 2kg","p":3.24,"u":"1,62 €/KG","img":"https://fd6-photos.leclercdrive.fr/image.ashx?id=2301490&use=l&cat=p&typeid=i","cat":284680},{"id":39559,"n":"Céréales Jordans Spécial Muesli Fruits et Noix - 750g","p":3.55,"u":"4,73 €/KG","img":"https://fd6-photos.leclercdrive.fr/image.ashx?id=2966770&use=l&cat=p&typeid=i","cat":309512},{"id":39560,"n":"Duo Haricots verts et beurre Notre Jardin - 455g","p":1.99,"u":"4,37 €/KG","img":"https://fd6-photos.leclercdrive.fr/image.ashx?id=2291408&use=l&cat=p&typeid=i","cat":312606},{"id":39561,"n":"Petits pots bio Babybio Carotte boeuf - 8mois 2x200g","p":3.65,"u":"9,13 €/KG","img":"https://fd6-photos.leclercdrive.fr/image.ashx?id=2733286&use=l&cat=p&typeid=i","cat":312236},{"id":39562,"n":"Céréales Bio Jordans Muesli - 500g","p":3.14,"u":"6,28 €/KG","img":"https://fd6-photos.leclercdrive.fr/image.ashx?id=2475897&use=l&cat=p&typeid=i","cat":309512},{"id":39566,"n":"Repas bébé Babynat 6 mois Cabillaud Légumes - 2x200g","p":3.14,"u":"7,85 €/KG","img":"https://fd6-photos.leclercdrive.fr/image.ashx?id=2832008&use=l&cat=p&typeid=i","cat":312235},{"id":39569,"n":"Céréales Jordans Country Crisp Chocolat Noir 70% - 550g","p":3.61,"u":"6,56 €/KG","img":"https://fd6-photos.leclercdrive.fr/image.ashx?id=3000836&use=l&cat=p&typeid=i","cat":309512},{"id":39570,"n":"Céréales Jordans Country Crisp 4 Noix - 550g","p":3.16,"u":"5,75 €/KG","img":"https://fd6-photos.leclercdrive.fr/image.ashx?id=2973487&use=l&cat=p&typeid=i","cat":309512},{"id":39572,"n":"Biscuits batonnets P'tit Déli Chocolat au lait 90g","p":1.29,"u":"14,33 €/KG","img":"https://fd6-photos.leclercdrive.fr/image.ashx?id=2328779&use=l&cat=p&typeid=i","cat":284488},{"id":39616,"n":"Sirop Moulin de Valdonne Fraise - 70cl","p":3.31,"u":"4,73 €/L","img":"https://fd6-photos.leclercdrive.fr/image.ashx?id=2170559&use=l&cat=p&typeid=i","cat":295020},{"id":39617,"n":"Sirop Moulin de Valdonne Menthe - 70cl","p":3.01,"u":"4,30 €/L","img":"https://fd6-photos.leclercdrive.fr/image.ashx?id=2170550&use=l&cat=p&typeid=i","cat":295020},{"id":39621,"n":"Boisson énergisante Red Bull 4x355ml","p":6.23,"u":"4,39 €/L","img":"https://fd6-photos.leclercdrive.fr/image.ashx?id=3011983&use=l&cat=p&typeid=i","cat":284533},{"id":39651,"n":"Sel fin iodé Cérébos Boîte 125g","p":0.53,"u":"4,24 €/KG","img":"https://fd6-photos.leclercdrive.fr/image.ashx?id=2817536&use=l&cat=p&typeid=i","cat":284457},{"id":39686,"n":"Protection incontinence Chorys Homme - Normal - x20","p":5.32,"u":"0,27 €/P","img":"https://fd6-photos.leclercdrive.fr/image.ashx?id=2672936&use=l&cat=p&typeid=i","cat":291514},{"id":39704,"n":"Recharge de gaz Clairgaz Butane - 6kg","p":21.9,"u":"3,65 €/KG","img":"https://fd6-photos.leclercdrive.fr/image.ashx?id=764893&use=l&cat=p&typeid=i","cat":335916},{"id":39706,"n":"Recharge de gaz Clairgaz Butane - 13kg","p":32.9,"u":"2,53 €/KG","img":"https://fd6-photos.leclercdrive.fr/image.ashx?id=764901&use=l&cat=p&typeid=i","cat":335916},{"id":39707,"n":"Recharge de gaz Clairgaz Propane - 11kg","p":30.9,"u":"2,81 €/KG","img":"https://fd6-photos.leclercdrive.fr/image.ashx?id=764897&use=l&cat=p&typeid=i","cat":335916},{"id":39735,"n":"Huile Isio 4 Lesieur Stop goutte - 675ml","p":2.89,"u":"4,28 €/L","img":"https://fd6-photos.leclercdrive.fr/image.ashx?id=2916015&use=l&cat=p&typeid=i","cat":284453},{"id":39768,"n":"Préparation de fruits Myrtilles  Lucien Georgelin 320g","p":2.61,"u":"8,16 €/KG","img":"https://fd6-photos.leclercdrive.fr/image.ashx?id=1953840&use=l&cat=p&typeid=i","cat":284480},{"id":39770,"n":"Edulcorant Canderel Pot, poudre 80g","p":2.29,"u":"28,63 €/KG","img":"https://fd6-photos.leclercdrive.fr/image.ashx?id=2811020&use=l&cat=p&typeid=i","cat":324846},{"id":39777,"n":"AOP Crémant d'Alsace Blanc Brut Arthur Metz - 75cl","p":5.95,"u":"7,93 €/L","img":"https://fd6-photos.leclercdrive.fr/image.ashx?id=2422926&use=l&cat=p&typeid=i","cat":284544},{"id":39783,"n":"Liqueur Malibu Coco 18% vol - 1L","p":15.45,"u":"15,45 €/L","img":"https://fd6-photos.leclercdrive.fr/image.ashx?id=2396881&use=l&cat=p&typeid=i","cat":284551},{"id":39796,"n":"Bûche de chèvre Soignon Crémeuse - 180g","p":3.15,"u":"17,50 €/KG","img":"https://fd6-photos.leclercdrive.fr/image.ashx?id=2787134&use=l&cat=p&typeid=i","cat":314031},{"id":39827,"n":"Sauce Algerienne Colona 500ml","p":2.85,"u":"5,70 €/L","img":"https://fd6-photos.leclercdrive.fr/image.ashx?id=2687182&use=l&cat=p&typeid=i","cat":318431},{"id":39841,"n":"Eau minérale gazeuse St Diery Naturelle - 1.25L","p":0.36,"u":"0,29 €/L","img":"https://fd6-photos.leclercdrive.fr/image.ashx?id=2863072&use=l&cat=p&typeid=i","cat":284536},{"id":39856,"n":"Sirop Frucci  Citron vert - 75cl","p":3.29,"u":"4,39 €/L","img":"https://fd6-photos.leclercdrive.fr/image.ashx?id=2842307&use=l&cat=p&typeid=i","cat":295020},{"id":39858,"n":"Sirop Frucci Fruits exotiques - 75cl","p":2.65,"u":"3,53 €/L","img":"https://fd6-photos.leclercdrive.fr/image.ashx?id=2842313&use=l&cat=p&typeid=i","cat":295020},{"id":39870,"n":"Jus multifruits Jafaden 4x20cl","p":2.94,"u":"3,68 €/L","img":"https://fd6-photos.leclercdrive.fr/image.ashx?id=2802296&use=l&cat=p&typeid=i","cat":284524},{"id":39871,"n":"Pur jus d'orange Jafaden 4x20cl","p":3.33,"u":"4,16 €/L","img":"https://fd6-photos.leclercdrive.fr/image.ashx?id=2802293&use=l&cat=p&typeid=i","cat":284521},{"id":39872,"n":"Pur jus d'ananas Jafaden 4x20cl","p":3.35,"u":"4,19 €/L","img":"https://fd6-photos.leclercdrive.fr/image.ashx?id=2553333&use=l&cat=p&typeid=i","cat":284524},{"id":39879,"n":"Eau minérale gazeuse Naturelle - 1L","p":0.39,"u":"0,39 €/L","img":"https://fd6-photos.leclercdrive.fr/image.ashx?id=2617210&use=l&cat=p&typeid=i","cat":284536},{"id":39889,"n":"Tendres perles Blé Tipiak Prêt en 4 min - 700g","p":3.32,"u":"4,74 €/KG","img":"https://fd6-photos.leclercdrive.fr/image.ashx?id=2789095&use=l&cat=p&typeid=i","cat":284429},{"id":39890,"n":"Chicorée soluble Plantation nature - 200g","p":3.41,"u":"17,05 €/KG","img":"https://fd6-photos.leclercdrive.fr/image.ashx?id=1091438&use=l&cat=p&typeid=i","cat":284843},{"id":39894,"n":"Bière blanche Hilbörg 4,5%vol. -  6x25cl","p":3.45,"u":"2,30 €/L","img":"https://fd6-photos.leclercdrive.fr/image.ashx?id=2913706&use=l&cat=p&typeid=i","cat":334878},{"id":39903,"n":"Pâté de campagne à l'Andouille NRT -180g","p":1.98,"u":"11,00 €/KG","img":"https://fd6-photos.leclercdrive.fr/image.ashx?id=2560512&use=l&cat=p&typeid=i","cat":305149},{"id":39927,"n":"AOC Bordeaux vin blanc moelleux Chantet Blanet - 75cl","p":3.49,"u":"4,65 €/L","img":"https://fd6-photos.leclercdrive.fr/image.ashx?id=2918463&use=l&cat=p&typeid=i","cat":289557},{"id":39934,"n":"Yaourts à la Grecque Délisse Nature - 8x125g","p":2.15,"u":"2,15 €/KG","img":"https://fd6-photos.leclercdrive.fr/image.ashx?id=2699480&use=l&cat=p&typeid=i","cat":314999},{"id":39941,"n":"Laque Fixation Forte 24h Dop Vivelle - 250ml","p":3.84,"u":"15,36 €/L","img":"https://fd6-photos.leclercdrive.fr/image.ashx?id=2457239&use=l&cat=p&typeid=i","cat":284609},{"id":39943,"n":"Laque fixation Extra-Forte Dop Vivelle - 250ml","p":3.94,"u":"15,76 €/L","img":"https://fd6-photos.leclercdrive.fr/image.ashx?id=2457236&use=l&cat=p&typeid=i","cat":284609},{"id":39946,"n":"Crème de nuit L'Oréal Paris Revitalift anti-rides - 50ml","p":7.85,"u":"157,00 €/L","img":"https://fd6-photos.leclercdrive.fr/image.ashx?id=2865869&use=l&cat=p&typeid=i","cat":325345},{"id":39947,"n":"Soin de jour L'Oréal Paris Revitalift Anti-rides - 50ml","p":7.85,"u":"157,00 €/L","img":"https://fd6-photos.leclercdrive.fr/image.ashx?id=2851078&use=l&cat=p&typeid=i","cat":325345},{"id":39950,"n":"Yaourts Lait de brebis Délisse Nature - 4x125g","p":2.19,"u":"4,38 €/KG","img":"https://fd6-photos.leclercdrive.fr/image.ashx?id=1872007&use=l&cat=p&typeid=i","cat":314998},{"id":39951,"n":"Crème dessert Délisse Pistache - 4x125g","p":0.89,"u":"1,78 €/KG","img":"https://fd6-photos.leclercdrive.fr/image.ashx?id=2441333&use=l&cat=p&typeid=i","cat":285041},{"id":39952,"n":"Dessert Liégeois Délisse Vanille Chocolat - 8x100g","p":2.09,"u":"2,61 €/KG","img":"https://fd6-photos.leclercdrive.fr/image.ashx?id=1868869&use=l&cat=p&typeid=i","cat":285042},{"id":39953,"n":"crème dessert chocolat danette pop billes 3 chocolats - 4x117g","p":2.41,"u":"5,15 €/KG","img":"https://fd6-photos.leclercdrive.fr/image.ashx?id=2926230&use=l&cat=p&typeid=i","cat":285041},{"id":39954,"n":"Crème dessert vanille Danette  Billes 3 chocolats - 4x117g","p":2.41,"u":"5,15 €/KG","img":"https://fd6-photos.leclercdrive.fr/image.ashx?id=2926227&use=l&cat=p&typeid=i","cat":285041},{"id":39961,"n":"Emiettés de sardines Gastromer Citron - 150g","p":1.99,"pp":1.31,"u":"8,73 €/KG","img":"https://fd6-photos.leclercdrive.fr/image.ashx?id=1605758&use=l&cat=p&typeid=i","cat":285191},{"id":39973,"n":"Plat bébé Blédina 12 mois  Boulghour tomate saumon -2x200g","p":2.77,"u":"6,93 €/KG","img":"https://fd6-photos.leclercdrive.fr/image.ashx?id=2975083&use=l&cat=p&typeid=i","cat":312237},{"id":39974,"n":"Plat bébé Blédina 6 mois  Purée butternut poulet - 2x200g","p":2.68,"u":"6,70 €/KG","img":"https://fd6-photos.leclercdrive.fr/image.ashx?id=2975080&use=l&cat=p&typeid=i","cat":312236},{"id":39988,"n":"Crème de douche Manava Douceur de crème - 250ml","p":1.05,"u":"4,20 €/L","img":"https://fd6-photos.leclercdrive.fr/image.ashx?id=2699282&use=l&cat=p&typeid=i","cat":284594},{"id":39989,"n":"Savon douceur Manava 1/4 de crème 100g","p":0.93,"u":"9,30 €/KG","img":"https://fd6-photos.leclercdrive.fr/image.ashx?id=2331318&use=l&cat=p&typeid=i","cat":284597},{"id":39990,"n":"Savon Manava Fleur de Tiaré orchidée 100g","p":0.89,"u":"8,90 €/KG","img":"https://fd6-photos.leclercdrive.fr/image.ashx?id=2751898&use=l&cat=p&typeid=i","cat":284597},{"id":39992,"n":"Gel douche Manava Monoï de Polynésie 250ml","p":1.15,"u":"4,60 €/L","img":"https://fd6-photos.leclercdrive.fr/image.ashx?id=2626805&use=l&cat=p&typeid=i","cat":284594},{"id":39994,"n":"Lait douche Manava Fleur d'oranger 250ml","p":1.29,"u":"5,16 €/L","img":"https://fd6-photos.leclercdrive.fr/image.ashx?id=1636782&use=l&cat=p&typeid=i","cat":284594},{"id":39995,"n":"Recharge gel lavant Manava Savon de Marseil. Olive - 250ml","p":0.66,"u":"2,64 €/L","img":"https://fd6-photos.leclercdrive.fr/image.ashx?id=2935501&use=l&cat=p&typeid=i","cat":284597},{"id":40004,"n":"Saucisson Mini Justin Bridou  Bâton de Berger - 100g","p":2.23,"u":"22,30 €/KG","img":"https://fd6-photos.leclercdrive.fr/image.ashx?id=3011440&use=l&cat=p&typeid=i","cat":316006},{"id":40006,"n":"Houmous Extra l'Atelier Blini 175g","p":2.7,"u":"15,43 €/KG","img":"https://fd6-photos.leclercdrive.fr/image.ashx?id=2795093&use=l&cat=p&typeid=i","cat":315999},{"id":40010,"n":"Emiettés de thon chorizo  Gastromer - 150g","p":1.99,"pp":1.31,"u":"8,73 €/KG","img":"https://fd6-photos.leclercdrive.fr/image.ashx?id=2049910&use=l&cat=p&typeid=i","cat":285191},{"id":40027,"n":"Tartinable Thon Cap Océan MSC Fromage Frais Ciboulette - 140g","p":1.88,"u":"13,43 €/KG","img":"https://fd6-photos.leclercdrive.fr/image.ashx?id=2434425&use=l&cat=p&typeid=i","cat":285191},{"id":40033,"n":"Yaourt nature sucré Yoplait - 16x125g","p":3.25,"u":"1,63 €/KG","img":"https://fd6-photos.leclercdrive.fr/image.ashx?id=2796821&use=l&cat=p&typeid=i","cat":284409},{"id":40034,"n":"Menthe Pastille Giffard 24%vol - 70cl","p":11.85,"pp":10.85,"u":"15,50 €/L","img":"https://fd6-photos.leclercdrive.fr/image.ashx?id=2529903&use=l&cat=p&typeid=i","cat":286032},{"id":40038,"n":"Bière Lindemans Kriek 3.5%vol. - 25cl","p":1.78,"u":"7,12 €/L","img":"https://fd6-photos.leclercdrive.fr/image.ashx?id=2830894&use=l&cat=p&typeid=i","cat":334872},{"id":40046,"n":"Bière blonde triple Chimay 8%vol -  33cl","p":1.72,"u":"5,21 €/L","img":"https://fd6-photos.leclercdrive.fr/image.ashx?id=1758846&use=l&cat=p&typeid=i","cat":334872},{"id":40051,"n":"Crêpes bretonnes Saint Michel Nature - x12 - 315g","p":2.25,"u":"7,14 €/KG","img":"https://fd6-photos.leclercdrive.fr/image.ashx?id=2060238&use=l&cat=p&typeid=i","cat":284494},{"id":40070,"n":"Viande bovine :Paleron *** A mijoter - 300g","p":6.88,"u":"22,93 €/KG","img":"https://fd6-photos.leclercdrive.fr/image.ashx?id=733217&use=l&cat=p&typeid=i","cat":284328},{"id":40071,"n":"Pavé de boeuf *** Tournedos à griller x2 - 280g","p":9.0,"u":"32,14 €/KG","img":"https://fd6-photos.leclercdrive.fr/image.ashx?id=2117924&use=l&cat=p&typeid=i","cat":284328},{"id":40084,"n":"Blanc de dinde Tradilège 4 tranches 160g","p":2.3,"u":"14,38 €/KG","img":"https://fd6-photos.leclercdrive.fr/image.ashx?id=2994363&use=l&cat=p&typeid=i","cat":316010},{"id":40089,"n":"Gel douche Manava Cranberry myrtille - 250ml","p":1.15,"u":"4,60 €/L","img":"https://fd6-photos.leclercdrive.fr/image.ashx?id=2626802&use=l&cat=p&typeid=i","cat":284594},{"id":40090,"n":"Lait corps Inell Nourrissant - 250ml","p":2.33,"u":"9,32 €/L","img":"https://fd6-photos.leclercdrive.fr/image.ashx?id=2691661&use=l&cat=p&typeid=i","cat":325349},{"id":40092,"n":"Saucisson sec Saint Azay Stick au noix 100g","p":1.99,"u":"19,90 €/KG","img":"https://fd6-photos.leclercdrive.fr/image.ashx?id=2469565&use=l&cat=p&typeid=i","cat":316006},{"id":40094,"n":"Saucissons secs Saint Azay Stick nature 100g","p":1.99,"u":"19,90 €/KG","img":"https://fd6-photos.leclercdrive.fr/image.ashx?id=2474128&use=l&cat=p&typeid=i","cat":316006},{"id":40101,"n":"Saucisson Saint-Azay  Fuet Catalan - 170 g","p":2.09,"u":"12,29 €/KG","img":"https://fd6-photos.leclercdrive.fr/image.ashx?id=2856302&use=l&cat=p&typeid=i","cat":316006},{"id":40102,"n":"Savon de toilette Manava Fleur oranger 100g","p":0.79,"u":"7,90 €/KG","img":"https://fd6-photos.leclercdrive.fr/image.ashx?id=2930048&use=l&cat=p&typeid=i","cat":284597},{"id":40107,"n":"Adoucissant Hyperdou Provence - 750ml","p":1.99,"u":"2,65 €/L","img":"https://fd6-photos.leclercdrive.fr/image.ashx?id=2614473&use=l&cat=p&typeid=i","cat":284650},{"id":40108,"n":"Adoucissant Hyperdou Rêve fraicheur - 750ml","p":1.89,"u":"2,52 €/L","img":"https://fd6-photos.leclercdrive.fr/image.ashx?id=2602850&use=l&cat=p&typeid=i","cat":284650},{"id":40122,"n":"AOP Côtes de Provence vin rosé Terres Ocrées - 75cl - 13%","p":4.99,"u":"6,65 €/L","img":"https://fd6-photos.leclercdrive.fr/image.ashx?id=2896895&use=l&cat=p&typeid=i","cat":289558},{"id":40133,"n":"Gaufrettes Paille d'Or LU Framboise - 170g","p":1.85,"u":"10,88 €/KG","img":"https://fd6-photos.leclercdrive.fr/image.ashx?id=2883753&use=l&cat=p&typeid=i","cat":284489},{"id":40135,"n":"Biscottes Heudebert  Nature - 300g","p":1.33,"u":"4,43 €/KG","img":"https://fd6-photos.leclercdrive.fr/image.ashx?id=2368291&use=l&cat=p&typeid=i","cat":284479},{"id":40137,"n":"Biscuits Pocket Petit Ecolier  LU Chocolat au lait - 250g","p":2.7,"u":"10,80 €/KG","img":"https://fd6-photos.leclercdrive.fr/image.ashx?id=3005326&use=l&cat=p&typeid=i","cat":284488},{"id":40138,"n":"Biscuits Petit Ecolier Chocolat au lait - 150g","p":1.68,"u":"11,20 €/KG","img":"https://fd6-photos.leclercdrive.fr/image.ashx?id=2323844&use=l&cat=p&typeid=i","cat":284488},{"id":40142,"n":"Compote Douceur du Verger Coupelle multivariétés -16x100g","p":3.99,"u":"2,49 €/KG","img":"https://fd6-photos.leclercdrive.fr/image.ashx?id=2663533&use=l&cat=p&typeid=i","cat":284508},{"id":40169,"n":"IGP Sel fin Le Guérandais  Label rouge - 250g","p":2.2,"u":"8,80 €/KG","img":"https://fd6-photos.leclercdrive.fr/image.ashx?id=2457887&use=l&cat=p&typeid=i","cat":284457},{"id":40180,"n":"Emiettés surimi crabe Gastromer 150g","p":1.99,"pp":1.31,"u":"8,73 €/KG","img":"https://fd6-photos.leclercdrive.fr/image.ashx?id=1605662&use=l&cat=p&typeid=i","cat":285191},{"id":40214,"n":"Sauce Pesto Barilla Basilic et Roquette - 190g","p":1.94,"u":"10,21 €/KG","img":"https://fd6-photos.leclercdrive.fr/image.ashx?id=2457980&use=l&cat=p&typeid=i","cat":287599},{"id":40215,"n":"Petit pot soir Babybio Bio P.pois maïs riz, 6 mois 2x200g","p":2.68,"u":"6,70 €/KG","img":"https://fd6-photos.leclercdrive.fr/image.ashx?id=2827476&use=l&cat=p&typeid=i","cat":312239},{"id":40217,"n":"Petits pots Babybio Bio Légumes jambon - 8mois 2x200g","p":2.97,"u":"7,43 €/KG","img":"https://fd6-photos.leclercdrive.fr/image.ashx?id=2838464&use=l&cat=p&typeid=i","cat":312236},{"id":40277,"n":"Barres glacées Bounty  Chocolat & Noix de Coco x6 235g","p":2.41,"u":"10,26 €/KG","img":"https://fd6-photos.leclercdrive.fr/image.ashx?id=1935069&use=l&cat=p&typeid=i","cat":284264},{"id":40278,"n":"Barres glacées Twix  Caramel & Biscuit x6 - 205g","p":2.76,"u":"13,46 €/KG","img":"https://fd6-photos.leclercdrive.fr/image.ashx?id=2906742&use=l&cat=p&typeid=i","cat":284264},{"id":40279,"n":"Jus innocent orange sans pulpe 900ml","p":2.48,"u":"2,76 €/L","img":"https://fd6-photos.leclercdrive.fr/image.ashx?id=2736583&use=l&cat=p&typeid=i","cat":285435},{"id":40303,"n":"Coton Duo Démaquillants Inell Ovale - Aloé véra - Disques x60","p":1.69,"img":"https://fd6-photos.leclercdrive.fr/image.ashx?id=1926957&use=l&cat=p&typeid=i","cat":285593},{"id":40311,"n":"Biscuits cacao P'tit Déli Chocolat noir/blanc - 115g","p":2.0,"u":"17,39 €/KG","img":"https://fd6-photos.leclercdrive.fr/image.ashx?id=2566197&use=l&cat=p&typeid=i","cat":284488},{"id":40312,"n":"Cèpes déshydratés Notre Jardin 40g","p":3.11,"u":"77,75 €/KG","img":"https://fd6-photos.leclercdrive.fr/image.ashx?id=2403276&use=l&cat=p&typeid=i","cat":284352},{"id":40313,"n":"Madeleines marbrées P'tit Déli Chocolat 400g","p":2.15,"u":"5,38 €/KG","img":"https://fd6-photos.leclercdrive.fr/image.ashx?id=2646065&use=l&cat=p&typeid=i","cat":284492},{"id":40315,"n":"Chips ondulées Pom'Lisse Epicé - 135g","p":1.17,"u":"8,67 €/KG","img":"https://fd6-photos.leclercdrive.fr/image.ashx?id=2919628&use=l&cat=p&typeid=i","cat":284447},{"id":40318,"n":"Mini cornichons Rustica 210g","p":2.03,"u":"9,67 €/KG","img":"https://fd6-photos.leclercdrive.fr/image.ashx?id=2916704&use=l&cat=p&typeid=i","cat":284458},{"id":40321,"n":"Bonbons Confiseo Menthe Extrême - 250g","p":1.49,"u":"5,96 €/KG","img":"https://fd6-photos.leclercdrive.fr/image.ashx?id=2934712&use=l&cat=p&typeid=i","cat":304252},{"id":40329,"n":"Chocolat en poudre Equador Pur Cacao non sucré - 250g","p":3.28,"u":"13,12 €/KG","img":"https://fd6-photos.leclercdrive.fr/image.ashx?id=2120290&use=l&cat=p&typeid=i","cat":284504},{"id":40330,"n":"Sablés P'tit Déli Pur beurre framboise - 100g","p":1.18,"u":"11,80 €/KG","img":"https://fd6-photos.leclercdrive.fr/image.ashx?id=2669747&use=l&cat=p&typeid=i","cat":284487},{"id":40332,"n":"Bière aromatisée Desperados 5.9%vol. - 20x25cl","p":18.23,"u":"3,65 €/L","img":"https://fd6-photos.leclercdrive.fr/image.ashx?id=2977300&use=l&cat=p&typeid=i","cat":334878},{"id":40336,"n":"Bière blonde Heineken 12x33cl","p":11.3,"u":"2,85 €/L","img":"https://fd6-photos.leclercdrive.fr/image.ashx?id=3008110&use=l&cat=p&typeid=i","cat":334873},{"id":40337,"n":"Morilles déshydratées Notre Jardin pot 30g","p":12.78,"u":"426,00 €/KG","img":"https://fd6-photos.leclercdrive.fr/image.ashx?id=2418332&use=l&cat=p&typeid=i","cat":284352},{"id":40342,"n":"Serviette Tena Lady - Maxi Night - x12","p":5.78,"u":"0,48 €/P","img":"https://fd6-photos.leclercdrive.fr/image.ashx?id=2597232&use=l&cat=p&typeid=i","cat":284628},{"id":40345,"n":"Cotons Démaquillants Demak'Up Original ovale x70","p":1.82,"u":"0,03 €/P","img":"https://fd6-photos.leclercdrive.fr/image.ashx?id=2791458&use=l&cat=p&typeid=i","cat":285593},{"id":40412,"n":"Thon entier Petit Navire Huile de tournesol - 160g","p":1.92,"u":"12,00 €/KG","img":"https://fd6-photos.leclercdrive.fr/image.ashx?id=2523846&use=l&cat=p&typeid=i","cat":303867},{"id":40430,"n":"Plat bébé soir Blédiner 8 mois  Patate douce carotte - 2x200g","p":2.2,"u":"5,50 €/KG","img":"https://fd6-photos.leclercdrive.fr/image.ashx?id=2902969&use=l&cat=p&typeid=i","cat":312239},{"id":40490,"n":"Compote Andros Pomme abricot - 8x100g","p":4.45,"u":"5,56 €/KG","img":"https://fd6-photos.leclercdrive.fr/image.ashx?id=2968097&use=l&cat=p&typeid=i","cat":284416},{"id":40491,"n":"Compotes Andros Pomme poire 8x100g","p":2.76,"u":"3,45 €/KG","img":"https://fd6-photos.leclercdrive.fr/image.ashx?id=2883943&use=l&cat=p&typeid=i","cat":284416},{"id":40494,"n":"Compotes Andros Pomme châtaigne 8x100g","p":2.82,"u":"3,53 €/KG","img":"https://fd6-photos.leclercdrive.fr/image.ashx?id=2988611&use=l&cat=p&typeid=i","cat":284416},{"id":40516,"n":"Compote Douceur du Verger Gourdes multivariétés - 12x90g","p":4.09,"u":"3,79 €/KG","img":"https://fd6-photos.leclercdrive.fr/image.ashx?id=2837051&use=l&cat=p&typeid=i","cat":284508},{"id":40518,"n":"Kit burritos Old El Paso extra doux - 491g","p":4.72,"u":"9,61 €/KG","img":"https://fd6-photos.leclercdrive.fr/image.ashx?id=2759496&use=l&cat=p&typeid=i","cat":288993},{"id":40519,"n":"Kit fajitas Old El Paso extra doux - 478g","p":5.2,"u":"10,88 €/KG","img":"https://fd6-photos.leclercdrive.fr/image.ashx?id=2765405&use=l&cat=p&typeid=i","cat":288993},{"id":40522,"n":"Préparation cassis NRT D'Ile de France - 315g","p":3.77,"u":"11,97 €/KG","img":"https://fd6-photos.leclercdrive.fr/image.ashx?id=779320&use=l&cat=p&typeid=i","cat":284480},{"id":40566,"n":"Pain aux céréales tranché 300g","p":1.75,"u":"5,83 €/KG","img":"https://fd6-photos.leclercdrive.fr/image.ashx?id=2063077&use=l&cat=p&typeid=i","cat":284359},{"id":40574,"n":"Tablette chocolat Milka Chocolat lait/Riz - 2x100g","p":3.04,"u":"15,20 €/KG","img":"https://fd6-photos.leclercdrive.fr/image.ashx?id=2400448&use=l&cat=p&typeid=i","cat":284497},{"id":40586,"n":"Glaces Yéti Best Of - 8 bâtonnets - 360g","p":3.55,"u":"9,86 €/KG","img":"https://fd6-photos.leclercdrive.fr/image.ashx?id=1921194&use=l&cat=p&typeid=i","cat":285250},{"id":40610,"n":"Pérail Lou Pérac Fromage de brebis - 100g","p":2.17,"u":"21,70 €/KG","img":"https://fd6-photos.leclercdrive.fr/image.ashx?id=2848545&use=l&cat=p&typeid=i","cat":314031},{"id":40612,"n":"Fromage de Brebis Etorki  180g","p":3.43,"u":"19,06 €/KG","img":"https://fd6-photos.leclercdrive.fr/image.ashx?id=2702816&use=l&cat=p&typeid=i","cat":329184},{"id":40620,"n":"Jus innocent  orange sans pulpe 1.5L","p":3.58,"u":"2,39 €/L","img":"https://fd6-photos.leclercdrive.fr/image.ashx?id=2889811&use=l&cat=p&typeid=i","cat":285435},{"id":40625,"n":"AOC Fronton vin rosé Terrasses d'Autan - 75cl","p":2.99,"u":"3,99 €/L","img":"https://fd6-photos.leclercdrive.fr/image.ashx?id=2678797&use=l&cat=p&typeid=i","cat":289558},{"id":40626,"n":"AOC Rosé de Loire vin rosé Les Caractères - 75cl","p":3.69,"u":"4,92 €/L","img":"https://fd6-photos.leclercdrive.fr/image.ashx?id=2756149&use=l&cat=p&typeid=i","cat":289558},{"id":40627,"n":"AOC Rosé d'Anjou vin rosé Les Caractères - 75cl","p":3.89,"u":"5,19 €/L","img":"https://fd6-photos.leclercdrive.fr/image.ashx?id=2756146&use=l&cat=p&typeid=i","cat":289558},{"id":40628,"n":"AOC vin rouge Bergerac Bio Terrasses d'Autan - 75cl","p":3.99,"u":"5,32 €/L","img":"https://fd6-photos.leclercdrive.fr/image.ashx?id=2661960&use=l&cat=p&typeid=i","cat":289556},{"id":40631,"n":"Levure Chimique Alsacienne alsa 8 sachets - 88g","p":0.67,"u":"7,61 €/KG","img":"https://fd6-photos.leclercdrive.fr/image.ashx?id=3009335&use=l&cat=p&typeid=i","cat":294686},{"id":40633,"n":"IGP Var rosé Restanques - 75cl","p":3.12,"u":"4,16 €/L","img":"https://fd6-photos.leclercdrive.fr/image.ashx?id=2753070&use=l&cat=p&typeid=i","cat":289558},{"id":40649,"n":"Pansement Primoplast Transparents x40","p":0.99,"u":"0,02 €/P","img":"https://fd6-photos.leclercdrive.fr/image.ashx?id=2832957&use=l&cat=p&typeid=i","cat":284630},{"id":40652,"n":"Jus de cranberry Gayelord Hauser - 75cl","p":3.11,"u":"4,15 €/L","img":"https://fd6-photos.leclercdrive.fr/image.ashx?id=2750441&use=l&cat=p&typeid=i","cat":284915},{"id":40656,"n":"Gel douche Manava Surgras - 500ml","p":1.85,"u":"3,70 €/L","img":"https://fd6-photos.leclercdrive.fr/image.ashx?id=2799239&use=l&cat=p&typeid=i","cat":284594},{"id":40657,"n":"Gel douche Manava Hypoallergenique - 500ml","p":1.85,"u":"3,70 €/L","img":"https://fd6-photos.leclercdrive.fr/image.ashx?id=2799165&use=l&cat=p&typeid=i","cat":284594},{"id":40666,"n":"Antiseptique Primoplast Spray - 100ml","p":2.4,"u":"24,00 €/L","img":"https://fd6-photos.leclercdrive.fr/image.ashx?id=1724578&use=l&cat=p&typeid=i","cat":284630},{"id":40667,"n":"Shampooing Vitanove Nutrition - 750ml","p":3.99,"u":"5,32 €/L","img":"https://fd6-photos.leclercdrive.fr/image.ashx?id=2478925&use=l&cat=p&typeid=i","cat":284606},{"id":40670,"n":"Shampooing Vitanove Couleur - 750ml","p":3.99,"u":"5,32 €/L","img":"https://fd6-photos.leclercdrive.fr/image.ashx?id=1923577&use=l&cat=p&typeid=i","cat":284606},{"id":40676,"n":"Beurre Tendre Président Demi-sel - 80% MG - 250g","p":3.29,"u":"13,16 €/KG","img":"https://fd6-photos.leclercdrive.fr/image.ashx?id=2731420&use=l&cat=p&typeid=i","cat":284379},{"id":40708,"n":"IGP Gard vin rosé Rives & Terrasses 12% vol - BIB 5L","p":13.99,"u":"2,80 €/L","img":"https://fd6-photos.leclercdrive.fr/image.ashx?id=2882325&use=l&cat=p&typeid=i","cat":289560},{"id":40723,"n":"Fromage à tartiner Les Croisés Echalote et Ciboulette - 150g","p":1.66,"u":"11,07 €/KG","img":"https://fd6-photos.leclercdrive.fr/image.ashx?id=2476158&use=l&cat=p&typeid=i","cat":314029},{"id":40736,"n":"Saumon fumé Labeyrie Norvège 2 tranches - 75g","p":4.57,"u":"60,93 €/KG","img":"https://fd6-photos.leclercdrive.fr/image.ashx?id=2729905&use=l&cat=p&typeid=i","cat":285188},{"id":40739,"n":"AOC Savoie vin blanc Antoine Barrier - 75cl","p":6.79,"u":"9,05 €/L","img":"https://fd6-photos.leclercdrive.fr/image.ashx?id=2684829&use=l&cat=p&typeid=i","cat":289557},{"id":40774,"n":"Lingettes nettoyantes La Croix Désinfectant Javel - x 25","p":1.51,"u":"0,06 €/P","img":"https://fd6-photos.leclercdrive.fr/image.ashx?id=2540106&use=l&cat=p&typeid=i","cat":325358},{"id":40776,"n":"Détachant avant lavage K2R  Tâche incrustée mousse  - 400mL","p":2.77,"u":"6,93 €/L","img":"https://fd6-photos.leclercdrive.fr/image.ashx?id=2101177&use=l&cat=p&typeid=i","cat":284651},{"id":40787,"n":"Yaourt à la Grecque nature Bio Bio village - 2x150g","p":2.14,"u":"7,13 €/KG","img":"https://fd6-photos.leclercdrive.fr/image.ashx?id=2822772&use=l&cat=p&typeid=i","cat":314999},{"id":40789,"n":"Yaourts à boire Délisse Fraise - 8x100g","p":1.95,"u":"2,44 €/KG","img":"https://fd6-photos.leclercdrive.fr/image.ashx?id=2762504&use=l&cat=p&typeid=i","cat":284415},{"id":40790,"n":"Yaourt brassé Bio Bio Village Nature - 4x125g","p":1.2,"u":"2,40 €/KG","img":"https://fd6-photos.leclercdrive.fr/image.ashx?id=2064624&use=l&cat=p&typeid=i","cat":284409},{"id":40803,"n":"Capsule pour terrine Lepar Diamètre 100 - x12","p":8.95,"u":"0,75 €/P","img":"https://fd6-photos.leclercdrive.fr/image.ashx?id=2503710&use=l&cat=p&typeid=i","cat":284710},{"id":40804,"n":"Capsule pour terrine Lepar Diamètre 82 - x12","p":7.75,"u":"0,65 €/P","img":"https://fd6-photos.leclercdrive.fr/image.ashx?id=2319505&use=l&cat=p&typeid=i","cat":284710},{"id":40872,"n":"Ecrasé de légumes Florette Pomme de terre carottes 2x200g","p":2.95,"u":"7,38 €/KG","img":"https://fd6-photos.leclercdrive.fr/image.ashx?id=2767696&use=l&cat=p&typeid=i","cat":333665},{"id":40904,"n":"Pesto rosso Turini 190g","p":1.68,"u":"8,84 €/KG","img":"https://fd6-photos.leclercdrive.fr/image.ashx?id=2546257&use=l&cat=p&typeid=i","cat":287599},{"id":40908,"n":"Sauce pizza Tomapizza Panzani aux tomates et origan - 390g","p":1.36,"u":"3,49 €/KG","img":"https://fd6-photos.leclercdrive.fr/image.ashx?id=2744626&use=l&cat=p&typeid=i","cat":288384},{"id":40946,"n":"Whisky Chivas Regal 18 ans Blended Scotch 40% vol - 70cl","p":50.9,"pp":45.81,"u":"65,44 €/L","img":"https://fd6-photos.leclercdrive.fr/image.ashx?id=2884084&use=l&cat=p&typeid=i","cat":284547},{"id":40956,"n":"Whisky Jack Daniel's Single Barrel 70cL","p":35.2,"u":"50,29 €/L","img":"https://fd6-photos.leclercdrive.fr/image.ashx?id=2540013&use=l&cat=p&typeid=i","cat":284547},{"id":40967,"n":"AOP Bourgogne Aligoté vin blanc Antoine Barrier - 75cl","p":6.49,"u":"8,65 €/L","img":"https://fd6-photos.leclercdrive.fr/image.ashx?id=2883011&use=l&cat=p&typeid=i","cat":289557},{"id":40968,"n":"AOP Bordeaux Supérieur rouge Château Labatut Prestige - 75cl","p":3.8,"u":"5,07 €/L","img":"https://fd6-photos.leclercdrive.fr/image.ashx?id=2860973&use=l&cat=p&typeid=i","cat":289556},{"id":40980,"n":"Chargeur universel Foxter x1","p":17.99,"img":"https://fd6-photos.leclercdrive.fr/image.ashx?id=2162318&use=l&cat=p&typeid=i","cat":300572},{"id":40984,"n":"Chargeur piles Basic' Foxter AA/HR6 1 AAA/HR3 + 4 piles HR6","p":14.79,"u":"Dont 0,10 € d'éco-part.","img":"https://fd6-photos.leclercdrive.fr/image.ashx?id=2034160&use=l&cat=p&typeid=i","cat":300572},{"id":40988,"n":"Détachant Ace Délicat Système 8+ 2L","p":4.55,"u":"2,28 €/L","img":"https://fd6-photos.leclercdrive.fr/image.ashx?id=2559152&use=l&cat=p&typeid=i","cat":284651},{"id":41002,"n":"Repas fraicheur pour chat Sheba Volaille en sauce - 6x50g","p":2.49,"u":"8,30 €/KG","img":"https://fd6-photos.leclercdrive.fr/image.ashx?id=2888097&use=l&cat=p&typeid=i","cat":285286},{"id":41004,"n":"Bâtonnets Dentastix Pedigree  Fresh Petit chien x7 - 110g","p":1.92,"u":"17,45 €/KG","img":"https://fd6-photos.leclercdrive.fr/image.ashx?id=2850168&use=l&cat=p&typeid=i","cat":294527},{"id":41006,"n":"Biscuits chien Pedigree Markies fourrés - 500g","p":1.74,"u":"3,48 €/KG","img":"https://fd6-photos.leclercdrive.fr/image.ashx?id=2254319&use=l&cat=p&typeid=i","cat":294527},{"id":41009,"n":"Friandises chat Catisfactions Fromage - 60g","p":1.14,"u":"19,00 €/KG","img":"https://fd6-photos.leclercdrive.fr/image.ashx?id=2912608&use=l&cat=p&typeid=i","cat":285285},{"id":41016,"n":"Sachet fraîcheur chat Sheba Poissons en sauce - 4x85g","p":2.21,"u":"6,50 €/KG","img":"https://fd6-photos.leclercdrive.fr/image.ashx?id=2759625&use=l&cat=p&typeid=i","cat":285286},{"id":41018,"n":"Pur jus d'ananas Jafaden Bouteille 1L","p":1.99,"u":"1,99 €/L","img":"https://fd6-photos.leclercdrive.fr/image.ashx?id=2956729&use=l&cat=p&typeid=i","cat":284916},{"id":41019,"n":"Pur jus de raisin Jafaden Bouteille 1L","p":1.54,"u":"1,54 €/L","img":"https://fd6-photos.leclercdrive.fr/image.ashx?id=2860757&use=l&cat=p&typeid=i","cat":284915},{"id":41020,"n":"Pur jus Jafaden Clémentine - 1L","p":1.91,"u":"1,91 €/L","img":"https://fd6-photos.leclercdrive.fr/image.ashx?id=2895786&use=l&cat=p&typeid=i","cat":284915},{"id":41022,"n":"Sachet fraicheur chat Sheba Thon cabillaud en sauce - 6x50g","p":2.49,"u":"8,30 €/KG","img":"https://fd6-photos.leclercdrive.fr/image.ashx?id=2347128&use=l&cat=p&typeid=i","cat":285286},{"id":41115,"n":"Pâté de campagne  Lucien Georgelin - 220g","p":2.67,"u":"12,14 €/KG","img":"https://fd6-photos.leclercdrive.fr/image.ashx?id=1623717&use=l&cat=p&typeid=i","cat":305149},{"id":41117,"n":"Vinaigre de nettoyage Clair Citron - 750ml","p":1.95,"u":"2,60 €/L","img":"https://fd6-photos.leclercdrive.fr/image.ashx?id=2949188&use=l&cat=p&typeid=i","cat":325365},{"id":41140,"n":"Filets maquereaux Pêche Océan Naturel - 95g","p":1.48,"u":"15,58 €/KG","img":"https://fd6-photos.leclercdrive.fr/image.ashx?id=2515685&use=l&cat=p&typeid=i","cat":303868},{"id":41147,"n":"Bain de bouche Dentamyl Expert Sensitive - 500ml","p":1.89,"u":"3,78 €/L","img":"https://fd6-photos.leclercdrive.fr/image.ashx?id=2594570&use=l&cat=p&typeid=i","cat":284613},{"id":41161,"n":"Olives Apéritives A la provençale - 250g","p":2.83,"u":"11,32 €/KG","img":"https://fd6-photos.leclercdrive.fr/image.ashx?id=2833699&use=l&cat=p&typeid=i","cat":316002},{"id":41162,"n":"Olives Apéritives Cassées à l'ail - 250g","p":2.83,"u":"11,32 €/KG","img":"https://fd6-photos.leclercdrive.fr/image.ashx?id=2833696&use=l&cat=p&typeid=i","cat":316002},{"id":41168,"n":"Alcool pour fruits Dob 40° - 1L","p":15.9,"u":"15,90 €/L","img":"https://fd6-photos.leclercdrive.fr/image.ashx?id=2179356&use=l&cat=p&typeid=i","cat":286032},{"id":41188,"n":"Captain Morgan Original Spiced Boisson à base de rhum- 70cl","p":13.25,"u":"18,93 €/L","img":"https://fd6-photos.leclercdrive.fr/image.ashx?id=2518403&use=l&cat=p&typeid=i","cat":284551},{"id":41190,"n":"Liqueur de Whisky Jack Daniel's Honey 70cL","p":19.95,"pp":17.95,"u":"25,64 €/L","img":"https://fd6-photos.leclercdrive.fr/image.ashx?id=2973982&use=l&cat=p&typeid=i","cat":286032},{"id":41192,"n":"Absorbeur Aero 360° Rubson Stop humidité - 20m²+1 recharge","p":19.9,"img":"https://fd6-photos.leclercdrive.fr/image.ashx?id=2380955&use=l&cat=p&typeid=i","cat":300576},{"id":41223,"n":"Chips natures paysannes Bret's Au sel de Guérande 250g","p":2.27,"u":"9,08 €/KG","img":"https://fd6-photos.leclercdrive.fr/image.ashx?id=2217651&use=l&cat=p&typeid=i","cat":284447},{"id":41237,"n":"Beurre La Motte Président Doux - 82%mg - 250g","p":3.19,"u":"12,76 €/KG","img":"https://fd6-photos.leclercdrive.fr/image.ashx?id=2896955&use=l&cat=p&typeid=i","cat":284379},{"id":41238,"n":"Beurre La Motte Président Sel de mer - 80% MG - 250g","p":3.19,"u":"12,76 €/KG","img":"https://fd6-photos.leclercdrive.fr/image.ashx?id=2896958&use=l&cat=p&typeid=i","cat":284379},{"id":41265,"n":"Abricots pelés St Mamet Boîte 4/4 475g","p":3.65,"u":"7,68 €/KG","img":"https://fd6-photos.leclercdrive.fr/image.ashx?id=2593896&use=l&cat=p&typeid=i","cat":284507},{"id":41268,"n":"Croquettes chat  Eco+ Viandes légumes-  2kg","p":2.33,"u":"1,17 €/KG","img":"https://fd6-photos.leclercdrive.fr/image.ashx?id=2932381&use=l&cat=p&typeid=i","cat":284680},{"id":41269,"n":"Croquettes chat Eco+ Poisson, céréales, légumes 2kg","p":2.48,"u":"1,24 €/KG","img":"https://fd6-photos.leclercdrive.fr/image.ashx?id=2046980&use=l&cat=p&typeid=i","cat":284680},{"id":41270,"n":"Croquettes chiens Fido Adulte - Boeuf - 3kg","p":7.08,"u":"2,36 €/KG","img":"https://fd6-photos.leclercdrive.fr/image.ashx?id=2973291&use=l&cat=p&typeid=i","cat":284672},{"id":41271,"n":"Croquettes chiens Eco+ Adulte - Boeuf - 10kg","p":9.97,"u":"1,00 €/KG","img":"https://fd6-photos.leclercdrive.fr/image.ashx?id=2946808&use=l&cat=p&typeid=i","cat":284672},{"id":41275,"n":"Croquettes chat Purina One Sterilisé - Poulet - 1,5kg","p":6.96,"u":"4,64 €/KG","img":"https://fd6-photos.leclercdrive.fr/image.ashx?id=2488046&use=l&cat=p&typeid=i","cat":284680},{"id":41278,"n":"Croquettes chiens Eco+ Adulte - Viande -  4kg","p":3.93,"u":"0,98 €/KG","img":"https://fd6-photos.leclercdrive.fr/image.ashx?id=2046986&use=l&cat=p&typeid=i","cat":284672},{"id":41283,"n":"Sachets pour chats Gourmet Multivariétés - 12x85g","p":5.57,"u":"5,46 €/KG","img":"https://fd6-photos.leclercdrive.fr/image.ashx?id=2902343&use=l&cat=p&typeid=i","cat":285286},{"id":41285,"n":"Croquettes chaton Purina One  Junior -Poulet/Céréales - 1,5kg","p":7.34,"u":"4,89 €/KG","img":"https://fd6-photos.leclercdrive.fr/image.ashx?id=2433563&use=l&cat=p&typeid=i","cat":284680},{"id":41286,"n":"Croquettes chat Purina One  Stérilisé Adulte-Saumon/Blé-3kg","p":13.27,"u":"4,42 €/KG","img":"https://fd6-photos.leclercdrive.fr/image.ashx?id=2488049&use=l&cat=p&typeid=i","cat":284680},{"id":41287,"n":"Croquettes chiens Purina One Minis chiens adultes -  1,5kg","p":5.39,"u":"3,59 €/KG","img":"https://fd6-photos.leclercdrive.fr/image.ashx?id=2899674&use=l&cat=p&typeid=i","cat":294526},{"id":41289,"n":"Croquettes chat Purina One Urinary care - Poulet - 450g","p":2.85,"u":"6,33 €/KG","img":"https://fd6-photos.leclercdrive.fr/image.ashx?id=2459940&use=l&cat=p&typeid=i","cat":284680},{"id":41291,"n":"Croquettes chat Purina One Stérilisé Adulte-Boeuf/blé -3kg","p":13.19,"u":"4,40 €/KG","img":"https://fd6-photos.leclercdrive.fr/image.ashx?id=2488043&use=l&cat=p&typeid=i","cat":284680},{"id":41293,"n":"Sachets repas chats Purina One Stérilisés - Saumon Dinde 4x85g","p":2.07,"u":"6,09 €/KG","img":"https://fd6-photos.leclercdrive.fr/image.ashx?id=2902349&use=l&cat=p&typeid=i","cat":285286},{"id":41337,"n":"Lait céréales Blédidej 9 mois Madeleine - 4x250ml","p":3.44,"u":"3,44 €/L","img":"https://fd6-photos.leclercdrive.fr/image.ashx?id=2921052&use=l&cat=p&typeid=i","cat":312226},{"id":41352,"n":"Gommage visage Inell Douceur - 75ml","p":2.0,"u":"26,67 €/L","img":"https://fd6-photos.leclercdrive.fr/image.ashx?id=2686344&use=l&cat=p&typeid=i","cat":284603},{"id":41359,"n":"Bavette d'Aloyau *** Charal 260g","p":8.6,"u":"33,08 €/KG","img":"https://fd6-photos.leclercdrive.fr/image.ashx?id=1889183&use=l&cat=p&typeid=i","cat":284328},{"id":41364,"n":"Cordon bleu Côté Croc Comté - 200g","p":2.05,"u":"10,25 €/KG","img":"https://fd6-photos.leclercdrive.fr/image.ashx?id=2800240&use=l&cat=p&typeid=i","cat":333683},{"id":41366,"n":"Nuggets de poulet Côté Croc Croustillant - 200g","p":1.79,"u":"8,95 €/KG","img":"https://fd6-photos.leclercdrive.fr/image.ashx?id=2462257&use=l&cat=p&typeid=i","cat":333684},{"id":41381,"n":"Gratin Côté Table Endives au jambon - 280g","p":3.09,"u":"11,04 €/KG","img":"https://fd6-photos.leclercdrive.fr/image.ashx?id=2759217&use=l&cat=p&typeid=i","cat":333665},{"id":41422,"n":"Fromage à Tartiner St Môret  Nature - 300g","p":3.34,"u":"11,13 €/KG","img":"https://fd6-photos.leclercdrive.fr/image.ashx?id=2755465&use=l&cat=p&typeid=i","cat":314029},{"id":41447,"n":"Fromage fruité bloc Les Croisés 220g","p":2.75,"u":"12,50 €/KG","img":"https://fd6-photos.leclercdrive.fr/image.ashx?id=1961168&use=l&cat=p&typeid=i","cat":314034},{"id":41460,"n":"Pain de mie 100% Mie Harrys Complet sans croûte - 500g","p":1.82,"u":"3,64 €/KG","img":"https://fd6-photos.leclercdrive.fr/image.ashx?id=2731864&use=l&cat=p&typeid=i","cat":284477},{"id":41463,"n":"Autocollants Insectivor Anti-mouches - x4","p":2.54,"u":"0,64 €/P","img":"https://fd6-photos.leclercdrive.fr/image.ashx?id=2606828&use=l&cat=p&typeid=i","cat":298368},{"id":41464,"n":"Purée de tomates Turini Brique 500g","p":0.75,"u":"1,50 €/KG","img":"https://fd6-photos.leclercdrive.fr/image.ashx?id=1686100&use=l&cat=p&typeid=i","cat":288384},{"id":41465,"n":"Cotons Inell Maxi confort x80","p":1.78,"img":"https://fd6-photos.leclercdrive.fr/image.ashx?id=1926969&use=l&cat=p&typeid=i","cat":284636},{"id":41466,"n":"Coton carré bébé Mots d'Enfants Aloe vera x50","p":1.67,"u":"0,03 €/P","img":"https://fd6-photos.leclercdrive.fr/image.ashx?id=3014236&use=l&cat=p&typeid=i","cat":284739},{"id":41467,"n":"Sauce Pesto Tradizioni d'Italia Rosso - 180g","p":1.82,"u":"10,11 €/KG","img":"https://fd6-photos.leclercdrive.fr/image.ashx?id=2840034&use=l&cat=p&typeid=i","cat":287599},{"id":41478,"n":"Mouchoirs blancs 3 plis Univert Boîte mouchoirs en papier -x100","p":1.55,"u":"0,02 €/P","img":"https://fd6-photos.leclercdrive.fr/image.ashx?id=1960038&use=l&cat=p&typeid=i","cat":284638},{"id":41488,"n":"Sachets Insectivor Anti-mites anti-acariens - x24","p":2.89,"u":"0,12 €/P","img":"https://fd6-photos.leclercdrive.fr/image.ashx?id=2852952&use=l&cat=p&typeid=i","cat":298368},{"id":41491,"n":"Tartines croustillantes Wasa Léger - 270g","p":1.58,"u":"5,85 €/KG","img":"https://fd6-photos.leclercdrive.fr/image.ashx?id=3011851&use=l&cat=p&typeid=i","cat":284479},{"id":41492,"n":"Tartines croustillantes Wasa Fibres - 230g","p":1.53,"u":"6,65 €/KG","img":"https://fd6-photos.leclercdrive.fr/image.ashx?id=3011854&use=l&cat=p&typeid=i","cat":284479},{"id":41493,"n":"Tartines croustillantes Wasa Authentique - 275g","p":1.45,"u":"5,27 €/KG","img":"https://fd6-photos.leclercdrive.fr/image.ashx?id=3011857&use=l&cat=p&typeid=i","cat":284479},{"id":41494,"n":"Bière Red 8.6 Canette - 7.9%vol. - 50cl","p":1.56,"u":"3,12 €/L","img":"https://fd6-photos.leclercdrive.fr/image.ashx?id=2687329&use=l&cat=p&typeid=i","cat":334853},{"id":41502,"n":"Duo chipolatas et Merguez  1.2kg","p":17.4,"u":"14,50 €/KG","img":"https://fd6-photos.leclercdrive.fr/image.ashx?id=811098&use=l&cat=p&typeid=i","cat":284334},{"id":41517,"n":"Couches bébé Mots d'Enfants T6 Douceur - 16kg+ - x58 changes","p":12.75,"img":"https://fd6-photos.leclercdrive.fr/image.ashx?id=2904577&use=l&cat=p&typeid=i","cat":284737},{"id":41524,"n":"Ossau Iraty AOP Istara Fromage de brebis - 180g","p":3.56,"u":"19,78 €/KG","img":"https://fd6-photos.leclercdrive.fr/image.ashx?id=2766193&use=l&cat=p&typeid=i","cat":329184},{"id":41532,"n":"Gressins Tradizioni d'Italia A la turinoise - 250g","p":2.29,"u":"9,16 €/KG","img":"https://fd6-photos.leclercdrive.fr/image.ashx?id=2743918&use=l&cat=p&typeid=i","cat":297000},{"id":41534,"n":"Déodorant Spray Homme Nivea Men Black&White Original - 200ml","p":2.39,"u":"11,95 €/L","img":"https://fd6-photos.leclercdrive.fr/image.ashx?id=3005218&use=l&cat=p&typeid=i","cat":284618},{"id":41538,"n":"Déodorant Homme Stick Williams Peau Sensible 75ml","p":2.69,"u":"35,87 €/L","img":"https://fd6-photos.leclercdrive.fr/image.ashx?id=2905102&use=l&cat=p&typeid=i","cat":284618},{"id":41549,"n":"Piles Duracell CR2032 Lithium 3V - x2","p":5.2,"u":"2,60 €/P","img":"https://fd6-photos.leclercdrive.fr/image.ashx?id=3003411&use=l&cat=p&typeid=i","cat":300572},{"id":41551,"n":"Soda Schweppes Saveur Citron - 1,5L","p":1.94,"u":"1,29 €/L","img":"https://fd6-photos.leclercdrive.fr/image.ashx?id=2852417&use=l&cat=p&typeid=i","cat":284532},{"id":41556,"n":"Boisson aux fruits Oasis Orange - 2L","p":2.5,"u":"1,25 €/L","img":"https://fd6-photos.leclercdrive.fr/image.ashx?id=2688653&use=l&cat=p&typeid=i","cat":295018},{"id":41562,"n":"Pièce à brochette 1kg","p":32.14,"u":"32,14 €/KG","img":"https://fd6-photos.leclercdrive.fr/image.ashx?id=811058&use=l&cat=p&typeid=i","cat":284334},{"id":41579,"n":"Macédoine déjà égouttée D'aucy  530g","p":2.08,"u":"3,92 €/KG","img":"https://fd6-photos.leclercdrive.fr/image.ashx?id=2835833&use=l&cat=p&typeid=i","cat":312612},{"id":41596,"n":"Chips Lay's Saveur spicy - 130g","p":1.33,"u":"10,23 €/KG","img":"https://fd6-photos.leclercdrive.fr/image.ashx?id=3011131&use=l&cat=p&typeid=i","cat":284447},{"id":41602,"n":"Fond d'artichauts Eco + 210g","p":1.75,"u":"8,33 €/KG","img":"https://fd6-photos.leclercdrive.fr/image.ashx?id=2822917&use=l&cat=p&typeid=i","cat":312611},{"id":41603,"n":"Coeurs d'artichauts Eco + 240g","p":1.6,"u":"6,67 €/KG","img":"https://fd6-photos.leclercdrive.fr/image.ashx?id=2946154&use=l&cat=p&typeid=i","cat":312611},{"id":41625,"n":"Tomates Tradizioni d'Italia Séchées à huile d'olive - 270g","p":3.49,"u":"12,93 €/KG","img":"https://fd6-photos.leclercdrive.fr/image.ashx?id=2840037&use=l&cat=p&typeid=i","cat":284458},{"id":41646,"n":"AOC Buzet vin rosé Terrasses d'Autan - 75cl","p":3.99,"u":"5,32 €/L","img":"https://fd6-photos.leclercdrive.fr/image.ashx?id=2709671&use=l&cat=p&typeid=i","cat":289558},{"id":41647,"n":"AOP Alsace Gewurztraminer   vin blanc Rebmann - 75 cl","p":5.99,"u":"7,99 €/L","img":"https://fd6-photos.leclercdrive.fr/image.ashx?id=2836322&use=l&cat=p&typeid=i","cat":289557},{"id":41691,"n":"AOP Cabernet d'Anjou BIO vin  rosé Les Caractères - 75cl","p":4.99,"u":"6,65 €/L","img":"https://fd6-photos.leclercdrive.fr/image.ashx?id=2459565&use=l&cat=p&typeid=i","cat":289558},{"id":41700,"n":"Sauce Tomate Cuisinée Heinz Ail & Oignon - 520g","p":1.37,"u":"2,63 €/KG","img":"https://fd6-photos.leclercdrive.fr/image.ashx?id=2950849&use=l&cat=p&typeid=i","cat":288384},{"id":41800,"n":"Mayonnaise Fine & Douce Lesieur 475g","p":2.25,"u":"4,74 €/KG","img":"https://fd6-photos.leclercdrive.fr/image.ashx?id=2918541&use=l&cat=p&typeid=i","cat":298295},{"id":41803,"n":"Asperges vertes d'aucy  21,2cl","p":2.25,"u":"22,50 €/KG","img":"https://fd6-photos.leclercdrive.fr/image.ashx?id=2597723&use=l&cat=p&typeid=i","cat":312611},{"id":41804,"n":"Asperges vertes d'aucy  37cl","p":3.34,"u":"18,05 €/KG","img":"https://fd6-photos.leclercdrive.fr/image.ashx?id=2665901&use=l&cat=p&typeid=i","cat":312611},{"id":41819,"n":"Sauce Andalouse Heinz - 220g","p":1.73,"u":"7,86 €/KG","img":"https://fd6-photos.leclercdrive.fr/image.ashx?id=2973327&use=l&cat=p&typeid=i","cat":318431},{"id":41821,"n":"Pomme dauphine Maison Tino 500g","p":3.9,"u":"7,80 €/KG","img":"https://fd6-photos.leclercdrive.fr/image.ashx?id=1746056&use=l&cat=p&typeid=i","cat":333665},{"id":41823,"n":"Sauce barbecue/miel Amora 282g","p":1.63,"u":"5,78 €/KG","img":"https://fd6-photos.leclercdrive.fr/image.ashx?id=2654188&use=l&cat=p&typeid=i","cat":318431},{"id":41826,"n":"AOC Costières de Nîmes vin rosé Rives & Terrasses - 75cl","p":2.99,"u":"3,99 €/L","img":"https://fd6-photos.leclercdrive.fr/image.ashx?id=1296827&use=l&cat=p&typeid=i","cat":289558},{"id":41827,"n":"Nuggets de Poulet Père Dodu   x20 - 400g - Familial","p":2.98,"u":"7,45 €/KG","img":"https://fd6-photos.leclercdrive.fr/image.ashx?id=2957167&use=l&cat=p&typeid=i","cat":333684},{"id":41828,"n":"AOC Bergerac vin rosé  Terrasses d'Autan - 75cl","p":2.99,"u":"3,99 €/L","img":"https://fd6-photos.leclercdrive.fr/image.ashx?id=2865068&use=l&cat=p&typeid=i","cat":289558},{"id":41831,"n":"AOC Bordeaux Sauvignon vin  blanc Chantet Blanet - 75cl","p":3.95,"u":"5,27 €/L","img":"https://fd6-photos.leclercdrive.fr/image.ashx?id=2679750&use=l&cat=p&typeid=i","cat":289557},{"id":41833,"n":"AOC Bourgogne Chardonnay vin  blanc Antoine Barrier - 37,5cl","p":4.25,"u":"11,33 €/L","img":"https://fd6-photos.leclercdrive.fr/image.ashx?id=2893564&use=l&cat=p&typeid=i","cat":289557},{"id":41834,"n":"AOC Bandol vin rosé Terres Ocrées - 75cl","p":7.49,"u":"9,99 €/L","img":"https://fd6-photos.leclercdrive.fr/image.ashx?id=2900151&use=l&cat=p&typeid=i","cat":289558},{"id":41835,"n":"AOC Bourgueil vin rouge Les Caractères - 75cl","p":4.49,"u":"5,99 €/L","img":"https://fd6-photos.leclercdrive.fr/image.ashx?id=2942789&use=l&cat=p&typeid=i","cat":289556},{"id":41836,"n":"AOP Bergerac vin rouge Terrasses d'Autan - 75cl","p":2.99,"u":"3,99 €/L","img":"https://fd6-photos.leclercdrive.fr/image.ashx?id=2709695&use=l&cat=p&typeid=i","cat":289556},{"id":41837,"n":"AOC Alsace Riesling Prestique vin blanc Rebmann - 75 cl","p":6.99,"u":"9,32 €/L","img":"https://fd6-photos.leclercdrive.fr/image.ashx?id=2745481&use=l&cat=p&typeid=i","cat":289557},{"id":41838,"n":"AOP Alsace Sylvaner  vin blanc Rebmann - 75 cl","p":4.49,"u":"5,99 €/L","img":"https://fd6-photos.leclercdrive.fr/image.ashx?id=2717355&use=l&cat=p&typeid=i","cat":289557},{"id":41839,"n":"AOC Côtes du Rhône vin rouge Grégoire XI - 37,5 cl","p":2.39,"u":"6,37 €/L","img":"https://fd6-photos.leclercdrive.fr/image.ashx?id=2714986&use=l&cat=p&typeid=i","cat":289556},{"id":41840,"n":"AOC Costières de Nîmes vin rouge Rives & Terrasses - 75cl","p":2.99,"u":"3,99 €/L","img":"https://fd6-photos.leclercdrive.fr/image.ashx?id=2845143&use=l&cat=p&typeid=i","cat":289556},{"id":41841,"n":"AOP Bordeaux vin rouge Chantet Blanet - 75cl","p":2.89,"u":"3,85 €/L","img":"https://fd6-photos.leclercdrive.fr/image.ashx?id=2741285&use=l&cat=p&typeid=i","cat":289556},{"id":41842,"n":"AOC Buzet vin rouge Terrasses d'Autan - 37,5cl","p":2.49,"u":"6,64 €/L","img":"https://fd6-photos.leclercdrive.fr/image.ashx?id=2767507&use=l&cat=p&typeid=i","cat":289556},{"id":41844,"n":"AOC Côtes du Rhône Villages vin rouge Plan de Diey - 75cl","p":4.99,"u":"6,65 €/L","img":"https://fd6-photos.leclercdrive.fr/image.ashx?id=2742620&use=l&cat=p&typeid=i","cat":289556},{"id":41845,"n":"Génoise fourrée Kinder Pingui Lait et cacao x8 - 240g","p":2.24,"u":"9,33 €/KG","img":"https://fd6-photos.leclercdrive.fr/image.ashx?id=2855352&use=l&cat=p&typeid=i","cat":284420},{"id":41846,"n":"Compotes Andros Panachés 16x100g","p":5.52,"u":"3,45 €/KG","img":"https://fd6-photos.leclercdrive.fr/image.ashx?id=2921343&use=l&cat=p&typeid=i","cat":284416},{"id":41847,"n":"AOC Cairanne vin rouge Rives & Terrasses - 75cl","p":5.99,"u":"7,99 €/L","img":"https://fd6-photos.leclercdrive.fr/image.ashx?id=2780680&use=l&cat=p&typeid=i","cat":289556},{"id":41852,"n":"Sauce pomme frite Amora 260g","p":1.7,"u":"6,54 €/KG","img":"https://fd6-photos.leclercdrive.fr/image.ashx?id=2957776&use=l&cat=p&typeid=i","cat":318431},{"id":41857,"n":"Bière Alveringem Abbaye Rouge 5%vol. - 6x25cl","p":3.78,"u":"2,52 €/L","img":"https://fd6-photos.leclercdrive.fr/image.ashx?id=2637919&use=l&cat=p&typeid=i","cat":334878},{"id":41858,"n":"Yaourt SMARTIES Fraise bonbons chocolat 4x120g","p":2.43,"u":"5,06 €/KG","img":"https://fd6-photos.leclercdrive.fr/image.ashx?id=2890046&use=l&cat=p&typeid=i","cat":284414},{"id":41860,"n":"AOC Côtes de Provence vin rosé Prestige Terres Ocrées - 75cl","p":6.49,"u":"8,65 €/L","img":"https://fd6-photos.leclercdrive.fr/image.ashx?id=2709674&use=l&cat=p&typeid=i","cat":289558},{"id":41861,"n":"AOC Luberon Rosé Rives & Terrasses - 75cl","p":3.49,"u":"4,65 €/L","img":"https://fd6-photos.leclercdrive.fr/image.ashx?id=2709680&use=l&cat=p&typeid=i","cat":289558},{"id":41862,"n":"Compotes Andros 6 Pommes  et 6 pommes fraises - 12x100g","p":3.52,"u":"2,93 €/KG","img":"https://fd6-photos.leclercdrive.fr/image.ashx?id=2988318&use=l&cat=p&typeid=i","cat":284416},{"id":41865,"n":"AOC Coteaux Varois en Provence vin rosé Terres Ocrées - 75cl","p":4.49,"u":"5,99 €/L","img":"https://fd6-photos.leclercdrive.fr/image.ashx?id=2750141&use=l&cat=p&typeid=i","cat":289558},{"id":41867,"n":"AOC Côtes de Provence vin rosé Terres Ocrées - 37,5cl","p":2.99,"u":"7,97 €/L","img":"https://fd6-photos.leclercdrive.fr/image.ashx?id=2891782&use=l&cat=p&typeid=i","cat":289558},{"id":41868,"n":"Bûche de chèvre Soignon 400g","p":4.24,"u":"10,60 €/KG","img":"https://fd6-photos.leclercdrive.fr/image.ashx?id=2840988&use=l&cat=p&typeid=i","cat":314031},{"id":41869,"n":"AOC Gros Plant du Pays nantais vin blanc Les Caractères - 75cl","p":3.9,"u":"5,20 €/L","img":"https://fd6-photos.leclercdrive.fr/image.ashx?id=2969604&use=l&cat=p&typeid=i","cat":289557},{"id":41870,"n":"Pur jus d'orange Jafaden Sans pulpe - 50cl","p":1.3,"u":"2,60 €/L","img":"https://fd6-photos.leclercdrive.fr/image.ashx?id=2917652&use=l&cat=p&typeid=i","cat":284521},{"id":41871,"n":"AOC Côtes du Roussillon vin  rouge Prieur Barsanne - 75cl","p":2.99,"u":"3,99 €/L","img":"https://fd6-photos.leclercdrive.fr/image.ashx?id=2713177&use=l&cat=p&typeid=i","cat":289556},{"id":41874,"n":"AOC Muscadet Sèvre et Maine sur Lie Les Caractères - 37,5cl","p":3.29,"u":"8,77 €/L","img":"https://fd6-photos.leclercdrive.fr/image.ashx?id=2750144&use=l&cat=p&typeid=i","cat":289557},{"id":41876,"n":"AOP Tavel vin rosé Rives & Terrasses - 75cl","p":6.85,"u":"9,13 €/L","img":"https://fd6-photos.leclercdrive.fr/image.ashx?id=2707277&use=l&cat=p&typeid=i","cat":289558},{"id":41878,"n":"Bière aromatisée Desquiles Red 5,9%vol. - 50cl","p":1.49,"u":"2,98 €/L","img":"https://fd6-photos.leclercdrive.fr/image.ashx?id=2664809&use=l&cat=p&typeid=i","cat":334853},{"id":41880,"n":"AOC Graves vin rouge Chantet Blanet - 75cl","p":4.75,"u":"6,33 €/L","img":"https://fd6-photos.leclercdrive.fr/image.ashx?id=2721361&use=l&cat=p&typeid=i","cat":289556},{"id":41881,"n":"AOC Gaillac vin rouge Terrasses d'Autan - 75cl","p":2.99,"u":"3,99 €/L","img":"https://fd6-photos.leclercdrive.fr/image.ashx?id=2751901&use=l&cat=p&typeid=i","cat":289556},{"id":41882,"n":"AOC Fronton vin rouge Terrasses d'Autan - 75cl","p":2.99,"u":"3,99 €/L","img":"https://fd6-photos.leclercdrive.fr/image.ashx?id=2716006&use=l&cat=p&typeid=i","cat":289556},{"id":41883,"n":"Steaks Hachés Charolais Charal Pur Bœuf 12%MG - 10x100g - 1kg","p":14.47,"u":"14,47 €/KG","img":"https://fd6-photos.leclercdrive.fr/image.ashx?id=2741943&use=l&cat=p&typeid=i","cat":319778},{"id":41884,"n":"AOP Coteaux Bourguignons vin  rouge Antoine Barrier - 75cl","p":5.49,"u":"7,32 €/L","img":"https://fd6-photos.leclercdrive.fr/image.ashx?id=2800246&use=l&cat=p&typeid=i","cat":289556},{"id":41892,"n":"Pur jus multifruits Jafaden 50cl","p":0.99,"u":"1,98 €/L","img":"https://fd6-photos.leclercdrive.fr/image.ashx?id=2956723&use=l&cat=p&typeid=i","cat":284917},{"id":41903,"n":"Jus de pomme Jafaden A base de concentré - 2L","p":1.85,"u":"0,93 €/L","img":"https://fd6-photos.leclercdrive.fr/image.ashx?id=2470240&use=l&cat=p&typeid=i","cat":284522},{"id":41910,"n":"Sirop de pêche de Provence NRT 70cl","p":3.2,"u":"4,57 €/L","img":"https://fd6-photos.leclercdrive.fr/image.ashx?id=2699825&use=l&cat=p&typeid=i","cat":295020},{"id":41912,"n":"Sirop fraise de Plougastel NRT 70cl","p":3.2,"u":"4,57 €/L","img":"https://fd6-photos.leclercdrive.fr/image.ashx?id=2590481&use=l&cat=p&typeid=i","cat":295020},{"id":41914,"n":"Crème hydratante Inell Visage-corps 200ml","p":2.07,"u":"10,35 €/L","img":"https://fd6-photos.leclercdrive.fr/image.ashx?id=1903869&use=l&cat=p&typeid=i","cat":325345},{"id":41915,"n":"AOP Morgon vin rouge Antoine Barrier - 75cl","p":6.99,"u":"9,32 €/L","img":"https://fd6-photos.leclercdrive.fr/image.ashx?id=2919640&use=l&cat=p&typeid=i","cat":289556},{"id":41917,"n":"AOC Ventoux vin rouge Rives & Terrasses - 75cl","p":2.99,"u":"3,99 €/L","img":"https://fd6-photos.leclercdrive.fr/image.ashx?id=2712300&use=l&cat=p&typeid=i","cat":289556},{"id":41920,"n":"Patch pureté Inell x6","p":2.4,"u":"0,40 €/P","img":"https://fd6-photos.leclercdrive.fr/image.ashx?id=2657727&use=l&cat=p&typeid=i","cat":284603},{"id":41922,"n":"Vin d'Union Européenne rosé Adrien Champaud - 75 cl","p":1.85,"u":"2,47 €/L","img":"https://fd6-photos.leclercdrive.fr/image.ashx?id=2955725&use=l&cat=p&typeid=i","cat":289558},{"id":41923,"n":"Vin d'Union Européenne rosé Adrien Champaud 11% vol BIB 5L","p":8.49,"u":"1,70 €/L","img":"https://fd6-photos.leclercdrive.fr/image.ashx?id=2959707&use=l&cat=p&typeid=i","cat":289560},{"id":41924,"n":"Vin d'Union Européenne rouge Adrien Champaud 12% vol BIB 5L","p":8.49,"u":"1,70 €/L","img":"https://fd6-photos.leclercdrive.fr/image.ashx?id=2959710&use=l&cat=p&typeid=i","cat":289560},{"id":41942,"n":"Bière Extreme 8.6 Canette - 10.5%vol. - 50cl","p":1.76,"u":"3,52 €/L","img":"https://fd6-photos.leclercdrive.fr/image.ashx?id=1883597&use=l&cat=p&typeid=i","cat":334853},{"id":41990,"n":"Steaks Hachés Limousin Charal Pur Bœuf 12%MG - 8x125g - 1kg","p":14.35,"u":"14,35 €/KG","img":"https://fd6-photos.leclercdrive.fr/image.ashx?id=2974626&use=l&cat=p&typeid=i","cat":319778},{"id":42044,"n":"Noix de cajou Maître Prunille Sans sel, grillé, sachet 200g","p":4.57,"u":"22,85 €/KG","img":"https://fd6-photos.leclercdrive.fr/image.ashx?id=1750478&use=l&cat=p&typeid=i","cat":284357},{"id":42045,"n":"Amande grillée Maître Prunille Décortiquée sans sel 250g","p":4.1,"u":"16,40 €/KG","img":"https://fd6-photos.leclercdrive.fr/image.ashx?id=1750481&use=l&cat=p&typeid=i","cat":284448},{"id":42046,"n":"Pruneaux d'Agen Maître Prunille IGP Dénoyautés - 500g","p":5.61,"u":"11,22 €/KG","img":"https://fd6-photos.leclercdrive.fr/image.ashx?id=2016029&use=l&cat=p&typeid=i","cat":284357},{"id":42057,"n":"Asperges blanches d'aucy  21,2cl","p":2.27,"u":"20,64 €/KG","img":"https://fd6-photos.leclercdrive.fr/image.ashx?id=2597720&use=l&cat=p&typeid=i","cat":312611},{"id":42058,"n":"Asperges blanches d'aucy 37cl","p":3.08,"u":"15,02 €/KG","img":"https://fd6-photos.leclercdrive.fr/image.ashx?id=2665895&use=l&cat=p&typeid=i","cat":312611},{"id":42063,"n":"Madeleines Saint Michel Oeufs de poule plein air - 500g","p":1.99,"u":"3,98 €/KG","img":"https://fd6-photos.leclercdrive.fr/image.ashx?id=2936191&use=l&cat=p&typeid=i","cat":284492},{"id":42067,"n":"Biscuits p'tit déjeuner BN Chocolat - 200g","p":1.55,"u":"7,75 €/KG","img":"https://fd6-photos.leclercdrive.fr/image.ashx?id=2603468&use=l&cat=p&typeid=i","cat":284491},{"id":42113,"n":"Haché de porc Férial Façon bouchère - x2 - 220g","p":2.69,"u":"12,23 €/KG","img":"https://fd6-photos.leclercdrive.fr/image.ashx?id=2946469&use=l&cat=p&typeid=i","cat":284332},{"id":42117,"n":"Céréales muesli Bjorg Bio Sans sucre ajoutés - 375g","p":1.85,"u":"4,93 €/KG","img":"https://fd6-photos.leclercdrive.fr/image.ashx?id=2906163&use=l&cat=p&typeid=i","cat":309512},{"id":42123,"n":"Jus de pruneaux Gayelord Hauser - 75cl","p":3.26,"u":"4,35 €/L","img":"https://fd6-photos.leclercdrive.fr/image.ashx?id=2962482&use=l&cat=p&typeid=i","cat":284915},{"id":42140,"n":"Sirop La Maison Guiot Grenadine - 70cl","p":3.0,"u":"4,29 €/L","img":"https://fd6-photos.leclercdrive.fr/image.ashx?id=2857195&use=l&cat=p&typeid=i","cat":295020},{"id":42218,"n":"Bloc WC Bref Power  Activ'Océan toilettes - 50g x1","p":1.41,"u":"28,20 €/KG","img":"https://fd6-photos.leclercdrive.fr/image.ashx?id=2789802&use=l&cat=p&typeid=i","cat":284662},{"id":42235,"n":"Galette Tipiak Jambon/fromage - 2x125g","p":3.03,"u":"12,12 €/KG","img":"https://fd6-photos.leclercdrive.fr/image.ashx?id=2819334&use=l&cat=p&typeid=i","cat":319776},{"id":42236,"n":"Gambas rouge Gimbert Ocean Sauvage royale 6/8 - 400g","p":11.91,"u":"29,78 €/KG","img":"https://fd6-photos.leclercdrive.fr/image.ashx?id=2889652&use=l&cat=p&typeid=i","cat":319787},{"id":42251,"n":"Biscuit apéritif Too Good PDT/tomates/herbes - 85g","p":1.93,"u":"22,71 €/KG","img":"https://fd6-photos.leclercdrive.fr/image.ashx?id=2995130&use=l&cat=p&typeid=i","cat":297000},{"id":42252,"n":"Biscuit apéritif Too Good PDT barbecue - 85g","p":1.94,"u":"22,82 €/KG","img":"https://fd6-photos.leclercdrive.fr/image.ashx?id=2995127&use=l&cat=p&typeid=i","cat":297000},{"id":42254,"n":"Biscuit apéritif Too Good PDT-sel et poivre - 85g","p":1.94,"u":"22,82 €/KG","img":"https://fd6-photos.leclercdrive.fr/image.ashx?id=2894830&use=l&cat=p&typeid=i","cat":297000},{"id":42289,"n":"Huile pimentée pizza Cauvin A l'huile d'olive - 25cl","p":2.4,"u":"9,60 €/L","img":"https://fd6-photos.leclercdrive.fr/image.ashx?id=2539857&use=l&cat=p&typeid=i","cat":284453},{"id":42290,"n":"Huile de colza Eco + 1L","p":1.46,"u":"1,46 €/L","img":"https://fd6-photos.leclercdrive.fr/image.ashx?id=3002503&use=l&cat=p&typeid=i","cat":284453},{"id":42291,"n":"Huile pour friture Eco + 1L","p":2.23,"u":"2,23 €/L","img":"https://fd6-photos.leclercdrive.fr/image.ashx?id=2913639&use=l&cat=p&typeid=i","cat":284453},{"id":42292,"n":"Vinaigrette allégée Eco + Nature - 1L","p":1.02,"u":"1,02 €/L","img":"https://fd6-photos.leclercdrive.fr/image.ashx?id=2900516&use=l&cat=p&typeid=i","cat":284456},{"id":42295,"n":"Vinaigrette bi-phase Rustica Vin rouge/échalote - 50cl","p":2.49,"u":"4,98 €/L","img":"https://fd6-photos.leclercdrive.fr/image.ashx?id=2142190&use=l&cat=p&typeid=i","cat":284456},{"id":42297,"n":"Sauce caesar Rustica 50cl","p":2.59,"u":"5,18 €/L","img":"https://fd6-photos.leclercdrive.fr/image.ashx?id=1972928&use=l&cat=p&typeid=i","cat":284456},{"id":42298,"n":"Boisson végétale Bio Village Avoine bio - 1l","p":1.39,"u":"1,39 €/L","img":"https://fd6-photos.leclercdrive.fr/image.ashx?id=2739538&use=l&cat=p&typeid=i","cat":316067},{"id":42321,"n":"Nettoyant Menager Cif lingettes Ocean Antibacterien - x120","p":2.21,"img":"https://fd6-photos.leclercdrive.fr/image.ashx?id=2747163&use=l&cat=p&typeid=i","cat":325358},{"id":42325,"n":"Spray Nettoyant Menager Cif  Antibacterien - 750 ml","p":2.18,"u":"2,91 €/L","img":"https://fd6-photos.leclercdrive.fr/image.ashx?id=2813540&use=l&cat=p&typeid=i","cat":325357},{"id":42331,"n":"Saucisses Knacki Herta Poulet x10 - 350g","p":1.53,"u":"4,37 €/KG","img":"https://fd6-photos.leclercdrive.fr/image.ashx?id=2290431&use=l&cat=p&typeid=i","cat":316012},{"id":42341,"n":"Compotes Pom'Potes Gourdes  Multivariétés Inédits - 12x90g","p":5.58,"u":"5,17 €/KG","img":"https://fd6-photos.leclercdrive.fr/image.ashx?id=2864309&use=l&cat=p&typeid=i","cat":284508},{"id":42347,"n":"Pansements enfants Primoplast x20","p":0.69,"u":"0,03 €/P","img":"https://fd6-photos.leclercdrive.fr/image.ashx?id=2958062&use=l&cat=p&typeid=i","cat":284630},{"id":42426,"n":"Lingettes Vanish  Anti-décoloration - x30","p":5.78,"img":"https://fd6-photos.leclercdrive.fr/image.ashx?id=2224145&use=l&cat=p&typeid=i","cat":290450},{"id":42428,"n":"Pains au chocolat Pasquier x8 - 360g","p":2.22,"u":"6,17 €/KG","img":"https://fd6-photos.leclercdrive.fr/image.ashx?id=2863446&use=l&cat=p&typeid=i","cat":296366},{"id":42437,"n":"Cornichons doux Orant Aux 3 herbes - 380g","p":2.8,"u":"7,37 €/KG","img":"https://fd6-photos.leclercdrive.fr/image.ashx?id=2873357&use=l&cat=p&typeid=i","cat":284458},{"id":42442,"n":"Moutarde forte Eco + 370g","p":0.73,"u":"1,97 €/KG","img":"https://fd6-photos.leclercdrive.fr/image.ashx?id=2954319&use=l&cat=p&typeid=i","cat":288850},{"id":42443,"n":"Cornichons Pasteur Eco + Au vinaigre - 360g","p":1.24,"u":"3,44 €/KG","img":"https://fd6-photos.leclercdrive.fr/image.ashx?id=2974714&use=l&cat=p&typeid=i","cat":284458},{"id":42448,"n":"Capsules Nescafé Dolce Gusto  Ricoré Latte - x16","p":5.04,"u":"30,00 €/KG","img":"https://fd6-photos.leclercdrive.fr/image.ashx?id=2818085&use=l&cat=p&typeid=i","cat":293239},{"id":42452,"n":"Moutarde douce Amora Flacon souple - 260g","p":1.95,"u":"7,50 €/KG","img":"https://fd6-photos.leclercdrive.fr/image.ashx?id=3005401&use=l&cat=p&typeid=i","cat":288850},{"id":42459,"n":"Olives noires à la Grecque Eco+ 400g","p":2.23,"u":"5,58 €/KG","img":"https://fd6-photos.leclercdrive.fr/image.ashx?id=2499064&use=l&cat=p&typeid=i","cat":284458},{"id":42460,"n":"Olives vertes entières Eco + 400g","p":1.07,"u":"2,68 €/KG","img":"https://fd6-photos.leclercdrive.fr/image.ashx?id=2609261&use=l&cat=p&typeid=i","cat":284458},{"id":42461,"n":"Olives vertes Eco + Dénoyautées - 320g","p":1.88,"u":"5,88 €/KG","img":"https://fd6-photos.leclercdrive.fr/image.ashx?id=2609264&use=l&cat=p&typeid=i","cat":284458},{"id":42505,"n":"Crème dessert Mont Blanc Boîte Caramel - 570g","p":2.45,"u":"4,30 €/KG","img":"https://fd6-photos.leclercdrive.fr/image.ashx?id=3011599&use=l&cat=p&typeid=i","cat":284506},{"id":42507,"n":"Crème dessert Mont Blanc Choco Vanille Praliné - 6x125g","p":4.45,"u":"5,93 €/KG","img":"https://fd6-photos.leclercdrive.fr/image.ashx?id=3011605&use=l&cat=p&typeid=i","cat":284506},{"id":42508,"n":"Cookies Nestlé Dessert Pépites de chocolat - 351g","p":3.99,"u":"11,37 €/KG","img":"https://fd6-photos.leclercdrive.fr/image.ashx?id=2848382&use=l&cat=p&typeid=i","cat":284505},{"id":42516,"n":"Préparation Francine Pâte à pizza - 520g","p":1.64,"u":"3,15 €/KG","img":"https://fd6-photos.leclercdrive.fr/image.ashx?id=2989123&use=l&cat=p&typeid=i","cat":284503},{"id":42560,"n":"Jus innocent ananas passion 900ml","p":2.69,"u":"2,99 €/L","img":"https://fd6-photos.leclercdrive.fr/image.ashx?id=2861740&use=l&cat=p&typeid=i","cat":285435},{"id":42563,"n":"Boisson végétale lait d'amande bio bjorg sans sucre - 1l","p":1.65,"u":"1,65 €/L","img":"https://fd6-photos.leclercdrive.fr/image.ashx?id=2939415&use=l&cat=p&typeid=i","cat":316067},{"id":42565,"n":"Vinaigre blanc d'alcool Eco +  - 1,5L","p":0.6,"u":"0,40 €/L","img":"https://fd6-photos.leclercdrive.fr/image.ashx?id=2722375&use=l&cat=p&typeid=i","cat":298543},{"id":42566,"n":"Céréales fourrées bio Bio Village - Tout choco - 375g","p":3.85,"u":"10,27 €/KG","img":"https://fd6-photos.leclercdrive.fr/image.ashx?id=2722402&use=l&cat=p&typeid=i","cat":309513},{"id":42567,"n":"Pâte à tartiner Bio Jardin Bio - 750g","p":7.01,"u":"9,35 €/KG","img":"https://fd6-photos.leclercdrive.fr/image.ashx?id=2918925&use=l&cat=p&typeid=i","cat":284481},{"id":42569,"n":"Double concentré Bio Jardin Bio Tomate - 140g","p":0.97,"u":"6,93 €/KG","img":"https://fd6-photos.leclercdrive.fr/image.ashx?id=2944867&use=l&cat=p&typeid=i","cat":288384},{"id":42575,"n":"Café moulu Bio Ethiquable  100% arabica Pérou - 250g","p":5.49,"u":"21,96 €/KG","img":"https://fd6-photos.leclercdrive.fr/image.ashx?id=2876818&use=l&cat=p&typeid=i","cat":284750},{"id":42604,"n":"Lave pont nylon Sillage x1","p":3.35,"img":"https://fd6-photos.leclercdrive.fr/image.ashx?id=814156&use=l&cat=p&typeid=i","cat":284669},{"id":42624,"n":"Pâtes coudes rayés Panzani 1kg","p":2.13,"u":"2,13 €/KG","img":"https://fd6-photos.leclercdrive.fr/image.ashx?id=2876029&use=l&cat=p&typeid=i","cat":284427},{"id":42628,"n":"Chips Bret's Fromage du Jura - 125g","p":1.09,"u":"8,72 €/KG","img":"https://fd6-photos.leclercdrive.fr/image.ashx?id=1916976&use=l&cat=p&typeid=i","cat":284447},{"id":42646,"n":"Lingettes lait Demak'up Peaux normales 2x25","p":4.32,"u":"0,09 €/P","img":"https://fd6-photos.leclercdrive.fr/image.ashx?id=2999880&use=l&cat=p&typeid=i","cat":284603},{"id":42649,"n":"Crème douche Manava Surgras - 250ml","p":0.94,"u":"3,76 €/L","img":"https://fd6-photos.leclercdrive.fr/image.ashx?id=2456147&use=l&cat=p&typeid=i","cat":284594},{"id":42655,"n":"Huile merveilleuse Garnier Huile d'argan & camélia - 150ml","p":6.23,"u":"41,53 €/L","img":"https://fd6-photos.leclercdrive.fr/image.ashx?id=2661730&use=l&cat=p&typeid=i","cat":284608},{"id":42665,"n":"Gel shampooing douche Fa Men Extreme cool flacon - 250ml","p":1.42,"u":"5,68 €/L","img":"https://fd6-photos.leclercdrive.fr/image.ashx?id=2995094&use=l&cat=p&typeid=i","cat":284621},{"id":42667,"n":"Soin de jour L'Oréal Paris Revitalift Anti-Âge - 50ml","p":14.05,"u":"281,00 €/L","img":"https://fd6-photos.leclercdrive.fr/image.ashx?id=2921876&use=l&cat=p&typeid=i","cat":325345},{"id":42677,"n":"Soin cheveux nutrition Dessange Cheveux secs - 100ml","p":5.92,"u":"59,20 €/L","img":"https://fd6-photos.leclercdrive.fr/image.ashx?id=2400969&use=l&cat=p&typeid=i","cat":284608},{"id":42681,"n":"Mozzarella Tradizioni d'Italia Di Bufala Campana AOP - 200g","p":3.31,"u":"16,55 €/KG","img":"https://fd6-photos.leclercdrive.fr/image.ashx?id=2954190&use=l&cat=p&typeid=i","cat":314026},{"id":42682,"n":"Parmigiano Tradizioni d'Italia Reggiano AOP 30 mois - 200g","p":5.99,"u":"29,95 €/KG","img":"https://fd6-photos.leclercdrive.fr/image.ashx?id=2661963&use=l&cat=p&typeid=i","cat":314034},{"id":42703,"n":"P'tit Basque Istara Fromage de brebis - 220g","p":5.32,"u":"24,18 €/KG","img":"https://fd6-photos.leclercdrive.fr/image.ashx?id=2759876&use=l&cat=p&typeid=i","cat":329184},{"id":42747,"n":"Whisky blend the Famous grouse 40%vol. - 1L","p":23.29,"u":"23,29 €/L","img":"https://fd6-photos.leclercdrive.fr/image.ashx?id=2958878&use=l&cat=p&typeid=i","cat":284547},{"id":42757,"n":"Emmental rapé Eco + 30% MG - 500g","p":3.7,"u":"7,40 €/KG","img":"https://fd6-photos.leclercdrive.fr/image.ashx?id=2942172&use=l&cat=p&typeid=i","cat":314035},{"id":42759,"n":"Copeaux Parmigiano Reggiano AOP Les Croisés - 80g","p":1.9,"u":"23,75 €/KG","img":"https://fd6-photos.leclercdrive.fr/image.ashx?id=2935504&use=l&cat=p&typeid=i","cat":314035},{"id":42788,"n":"Tranchettes de chèvre 32.4% MG Les Croisés - 200g","p":3.19,"u":"15,95 €/KG","img":"https://fd6-photos.leclercdrive.fr/image.ashx?id=2796061&use=l&cat=p&typeid=i","cat":314028},{"id":42789,"n":"Cheddar Les Croisés 32% MG Tranchettes - 200g","p":2.64,"u":"13,20 €/KG","img":"https://fd6-photos.leclercdrive.fr/image.ashx?id=2796064&use=l&cat=p&typeid=i","cat":314028},{"id":42798,"n":"Miel de fleurs d'Oranger Nid d'Abeille - 250g","p":2.99,"u":"11,96 €/KG","img":"https://fd6-photos.leclercdrive.fr/image.ashx?id=2434242&use=l&cat=p&typeid=i","cat":287643},{"id":42799,"n":"Miel liquide Bio Squeezer Bio village - 250g","p":2.95,"u":"11,80 €/KG","img":"https://fd6-photos.leclercdrive.fr/image.ashx?id=795654&use=l&cat=p&typeid=i","cat":287643},{"id":42800,"n":"Vodka Smirnoff Ice 4D 4%vol - 70cl","p":3.15,"pp":2.52,"u":"3,60 €/L","img":"https://fd6-photos.leclercdrive.fr/image.ashx?id=2111082&use=l&cat=p&typeid=i","cat":284550},{"id":42809,"n":"Berlingots de javel Clair Eucalyptus - 3x250ml","p":1.3,"u":"1,73 €/L","img":"https://fd6-photos.leclercdrive.fr/image.ashx?id=1067940&use=l&cat=p&typeid=i","cat":284661},{"id":42826,"n":"Nettoyant vitre cristal Clair 750 ml","p":1.75,"u":"2,33 €/L","img":"https://fd6-photos.leclercdrive.fr/image.ashx?id=1647715&use=l&cat=p&typeid=i","cat":325363},{"id":42846,"n":"Cacahuètes Menguy's Grillées et salées - 800g","p":5.34,"u":"6,68 €/KG","img":"https://fd6-photos.leclercdrive.fr/image.ashx?id=2979800&use=l&cat=p&typeid=i","cat":284448},{"id":42847,"n":"Pop corn salé Menguy's Micro-ondes - 3x90g","p":1.86,"u":"6,89 €/KG","img":"https://fd6-photos.leclercdrive.fr/image.ashx?id=2966023&use=l&cat=p&typeid=i","cat":284449},{"id":42859,"n":"Bière blonde Heineken 5%vol. - 8x15cl","p":4.35,"u":"3,63 €/L","img":"https://fd6-photos.leclercdrive.fr/image.ashx?id=3008104&use=l&cat=p&typeid=i","cat":334873},{"id":42872,"n":"Jus innocent pomme framboise 900ml","p":2.76,"u":"3,07 €/L","img":"https://fd6-photos.leclercdrive.fr/image.ashx?id=2862877&use=l&cat=p&typeid=i","cat":285435},{"id":42873,"n":"Jus innocent orange carotte 900ml","p":2.94,"u":"3,27 €/L","img":"https://fd6-photos.leclercdrive.fr/image.ashx?id=2892217&use=l&cat=p&typeid=i","cat":285435},{"id":42874,"n":"Jus innocent poire pêche 900ml","p":2.84,"u":"3,16 €/L","img":"https://fd6-photos.leclercdrive.fr/image.ashx?id=2893000&use=l&cat=p&typeid=i","cat":285435},{"id":42876,"n":"Jus innocent pomme mangue 900ml","p":2.92,"u":"3,24 €/L","img":"https://fd6-photos.leclercdrive.fr/image.ashx?id=2892220&use=l&cat=p&typeid=i","cat":285435},{"id":42938,"n":"Soupe instantanée Royco  Bouillon de Volailles 3x200ml","p":1.42,"u":"44,38 €/KG","img":"https://fd6-photos.leclercdrive.fr/image.ashx?id=2651423&use=l&cat=p&typeid=i","cat":293527},{"id":42964,"n":"Os à mâcher Lydog Fourrés boeuf - 2x100g","p":2.3,"u":"11,50 €/KG","img":"https://fd6-photos.leclercdrive.fr/image.ashx?id=1947283&use=l&cat=p&typeid=i","cat":294527},{"id":42965,"n":"Pepites de chocolat au lait Tablier Blanc - 100g","p":2.03,"u":"20,30 €/KG","img":"https://fd6-photos.leclercdrive.fr/image.ashx?id=2723141&use=l&cat=p&typeid=i","cat":284504},{"id":42966,"n":"Haricots verts Notre Jardin Extra fins - 455g","p":1.97,"u":"4,33 €/KG","img":"https://fd6-photos.leclercdrive.fr/image.ashx?id=2988084&use=l&cat=p&typeid=i","cat":312606},{"id":42967,"n":"Haricots verts Notre Jardin Extra fins vapeur - 225g","p":1.6,"u":"7,11 €/KG","img":"https://fd6-photos.leclercdrive.fr/image.ashx?id=2988087&use=l&cat=p&typeid=i","cat":312606},{"id":42968,"n":"Petits pois doux Notre Jardin Vapeur - 530g","p":1.91,"u":"3,60 €/KG","img":"https://fd6-photos.leclercdrive.fr/image.ashx?id=3002608&use=l&cat=p&typeid=i","cat":312607},{"id":42969,"n":"Petits pois doux Notre Jardin Vapeur - 265g","p":1.29,"u":"4,87 €/KG","img":"https://fd6-photos.leclercdrive.fr/image.ashx?id=3002611&use=l&cat=p&typeid=i","cat":312607},{"id":42974,"n":"Haricots rouges Notre Jardin A la mexicaine - 800g","p":2.42,"u":"3,03 €/KG","img":"https://fd6-photos.leclercdrive.fr/image.ashx?id=3002614&use=l&cat=p&typeid=i","cat":312612},{"id":42980,"n":"Goûter fourré Bio Village Bio Chocolat noir - 185g","p":2.03,"u":"10,97 €/KG","img":"https://fd6-photos.leclercdrive.fr/image.ashx?id=2704502&use=l&cat=p&typeid=i","cat":284488},{"id":42981,"n":"Goûter fourré Bio Village Bio - Chocolat au lait - 185g","p":2.06,"u":"11,14 €/KG","img":"https://fd6-photos.leclercdrive.fr/image.ashx?id=2704505&use=l&cat=p&typeid=i","cat":284488},{"id":42992,"n":"Tortillas chips Tokapi Fromage - 150g","p":0.99,"u":"6,60 €/KG","img":"https://fd6-photos.leclercdrive.fr/image.ashx?id=2647961&use=l&cat=p&typeid=i","cat":287899},{"id":43006,"n":"Colorants alimentaires  Tablier Blanc - 3x6ml","p":1.24,"u":"68,89 €/L","img":"https://fd6-photos.leclercdrive.fr/image.ashx?id=2487470&use=l&cat=p&typeid=i","cat":284504},{"id":43009,"n":"Biscuits fourrés P'tit Deli Noisette - 225g","p":1.38,"u":"6,13 €/KG","img":"https://fd6-photos.leclercdrive.fr/image.ashx?id=2861419&use=l&cat=p&typeid=i","cat":284488},{"id":43010,"n":"Biscuit roulé P'tit Deli Cacao/vanille - 154g","p":0.88,"u":"5,71 €/KG","img":"https://fd6-photos.leclercdrive.fr/image.ashx?id=2124110&use=l&cat=p&typeid=i","cat":284488},{"id":43016,"n":"Asperges blanches moyennes Notre Jardin - 205g","p":1.99,"u":"9,71 €/KG","img":"https://fd6-photos.leclercdrive.fr/image.ashx?id=2049058&use=l&cat=p&typeid=i","cat":312611},{"id":43017,"n":"Betterave en Dés Notre Jardin 265g","p":1.02,"u":"3,85 €/KG","img":"https://fd6-photos.leclercdrive.fr/image.ashx?id=1993203&use=l&cat=p&typeid=i","cat":312611},{"id":43019,"n":"Biscuits animaux P'tit Déli Nappés chocolat lait - 225g","p":1.64,"u":"7,29 €/KG","img":"https://fd6-photos.leclercdrive.fr/image.ashx?id=2529602&use=l&cat=p&typeid=i","cat":284488},{"id":43022,"n":"Consigne Clairgaz Gaz : Butane - 6kg","p":5.0,"img":"https://fd6-photos.leclercdrive.fr/image.ashx?id=796466&use=l&cat=p&typeid=i","cat":335916},{"id":43023,"n":"Consigne Clairgaz Gaz : Butane - 13kg","p":5.0,"img":"https://fd6-photos.leclercdrive.fr/image.ashx?id=796474&use=l&cat=p&typeid=i","cat":335916},{"id":43024,"n":"Consigne Clairgaz Gaz : Propane - 11kg","p":5.0,"img":"https://fd6-photos.leclercdrive.fr/image.ashx?id=796470&use=l&cat=p&typeid=i","cat":335916},{"id":43049,"n":"Steak haché charolais Férial  15%mg x4 - 400g","p":6.39,"u":"15,98 €/KG","img":"https://fd6-photos.leclercdrive.fr/image.ashx?id=2823762&use=l&cat=p&typeid=i","cat":319778},{"id":43118,"n":"Boisson lactée Candy'UP Fraise - 1L","p":1.99,"u":"1,99 €/L","img":"https://fd6-photos.leclercdrive.fr/image.ashx?id=2482162&use=l&cat=p&typeid=i","cat":295246},{"id":43151,"n":"Rasoir jetable Wilkinson Xtreme3 Ultimate x8","p":10.01,"u":"1,25 €/P","img":"https://fd6-photos.leclercdrive.fr/image.ashx?id=2215179&use=l&cat=p&typeid=i","cat":284616},{"id":43152,"n":"Culottes Drynites Huggies Garçon - 3-5 ans x16","p":12.71,"u":"0,79 €/P","img":"https://fd6-photos.leclercdrive.fr/image.ashx?id=2844712&use=l&cat=p&typeid=i","cat":290633},{"id":43153,"n":"Culottes Huggies Drynites Fille 3-5 ans - x16","p":12.89,"u":"0,81 €/P","img":"https://fd6-photos.leclercdrive.fr/image.ashx?id=2844715&use=l&cat=p&typeid=i","cat":290633},{"id":43192,"n":"Protège-document Esquisse  Transparent - A4 - 80 vues","p":2.49,"img":"https://fd6-photos.leclercdrive.fr/image.ashx?id=1694257&use=l&cat=p&typeid=i","cat":284745},{"id":43194,"n":"Protège-document Esquisse x1 Rouge - A4 - 80 vues","p":2.49,"img":"https://fd6-photos.leclercdrive.fr/image.ashx?id=2943352&use=l&cat=p&typeid=i","cat":284745},{"id":43197,"n":"Tartine Grilletine de Pasquier Briochées - x18 - 242g","p":1.84,"u":"7,60 €/KG","img":"https://fd6-photos.leclercdrive.fr/image.ashx?id=2333054&use=l&cat=p&typeid=i","cat":284479},{"id":43218,"n":"Pains au lait Pasquier x20 - 700g","p":2.72,"u":"3,89 €/KG","img":"https://fd6-photos.leclercdrive.fr/image.ashx?id=2609315&use=l&cat=p&typeid=i","cat":293505},{"id":43237,"n":"Lotion démaquillante Inell Douceur yeux - 150ml","p":1.6,"u":"10,67 €/L","img":"https://fd6-photos.leclercdrive.fr/image.ashx?id=1993197&use=l&cat=p&typeid=i","cat":284603},{"id":43246,"n":"Nouilles de Savoie NRT 250g","p":1.19,"u":"4,76 €/KG","img":"https://fd6-photos.leclercdrive.fr/image.ashx?id=2704906&use=l&cat=p&typeid=i","cat":284427},{"id":43247,"n":"Tuiles apéritives Tokapi Poulet braisé - 170g","p":1.55,"u":"9,12 €/KG","img":"https://fd6-photos.leclercdrive.fr/image.ashx?id=2815752&use=l&cat=p&typeid=i","cat":287899},{"id":43266,"n":"Formule boost Daco Bello Fruits secs - 200g","p":3.68,"u":"18,40 €/KG","img":"https://fd6-photos.leclercdrive.fr/image.ashx?id=2576955&use=l&cat=p&typeid=i","cat":284357},{"id":43267,"n":"Mélange de fruit sec Daco Bello Formule équilibre  - 200g","p":3.75,"u":"18,75 €/KG","img":"https://fd6-photos.leclercdrive.fr/image.ashx?id=2292904&use=l&cat=p&typeid=i","cat":284357},{"id":43268,"n":"Fruits secs Daco Bello Formule Active - 200g","p":3.76,"u":"18,80 €/KG","img":"https://fd6-photos.leclercdrive.fr/image.ashx?id=2292883&use=l&cat=p&typeid=i","cat":284357},{"id":43269,"n":"Formule détente Daco Bello Pomme - 200g","p":3.73,"u":"18,65 €/KG","img":"https://fd6-photos.leclercdrive.fr/image.ashx?id=2620284&use=l&cat=p&typeid=i","cat":284357},{"id":43270,"n":"Formule éclat Daco Bello Goji - 200g","p":2.98,"u":"14,90 €/KG","img":"https://fd6-photos.leclercdrive.fr/image.ashx?id=2292901&use=l&cat=p&typeid=i","cat":316002},{"id":43271,"n":"Formule pep's Daco Bello Physalis - 200g","p":3.82,"u":"19,10 €/KG","img":"https://fd6-photos.leclercdrive.fr/image.ashx?id=2292877&use=l&cat=p&typeid=i","cat":284357},{"id":43273,"n":"Formule zen Daco Bello Abricot - 200g","p":3.44,"u":"17,20 €/KG","img":"https://fd6-photos.leclercdrive.fr/image.ashx?id=2292898&use=l&cat=p&typeid=i","cat":284357},{"id":43286,"n":"Masque tissu Inell apaisant Hydratant x1","p":0.99,"img":"https://fd6-photos.leclercdrive.fr/image.ashx?id=2691667&use=l&cat=p&typeid=i","cat":325346},{"id":43287,"n":"Dentifrice Dentamyl Blancheur extrême - 75ml","p":0.95,"u":"12,67 €/L","img":"https://fd6-photos.leclercdrive.fr/image.ashx?id=2613837&use=l&cat=p&typeid=i","cat":284612},{"id":43292,"n":"Gel peau nette Inell Imperfection - 200ml","p":3.25,"u":"16,25 €/L","img":"https://fd6-photos.leclercdrive.fr/image.ashx?id=2078353&use=l&cat=p&typeid=i","cat":284603},{"id":43293,"n":"Lotion nettoyante Inell 200ml","p":3.29,"u":"16,45 €/L","img":"https://fd6-photos.leclercdrive.fr/image.ashx?id=2691670&use=l&cat=p&typeid=i","cat":284603},{"id":43303,"n":"Panna Cotta Fruits rouges Rians 2x120g","p":2.58,"u":"10,75 €/KG","img":"https://fd6-photos.leclercdrive.fr/image.ashx?id=2555412&use=l&cat=p&typeid=i","cat":284419},{"id":43304,"n":"Semoule au lait La Laitière Nature - 4x115g","p":1.84,"u":"4,00 €/KG","img":"https://fd6-photos.leclercdrive.fr/image.ashx?id=2686543&use=l&cat=p&typeid=i","cat":284418},{"id":43309,"n":"Dessert végétal Sojasun  Chocolat - 6x100g","p":2.49,"u":"4,15 €/KG","img":"https://fd6-photos.leclercdrive.fr/image.ashx?id=2355692&use=l&cat=p&typeid=i","cat":316071},{"id":43310,"n":"Dessert végétal Sojasun Vanille - 6x100g","p":2.49,"u":"4,15 €/KG","img":"https://fd6-photos.leclercdrive.fr/image.ashx?id=2355695&use=l&cat=p&typeid=i","cat":316071},{"id":43330,"n":"Crème dessert chocolat Danette Pop billes magix - 4x120g","p":2.41,"u":"5,02 €/KG","img":"https://fd6-photos.leclercdrive.fr/image.ashx?id=2935717&use=l&cat=p&typeid=i","cat":285041},{"id":43341,"n":"Thon mariné Petit Navire Basilic - 110g","p":2.02,"u":"18,36 €/KG","img":"https://fd6-photos.leclercdrive.fr/image.ashx?id=2542965&use=l&cat=p&typeid=i","cat":303867},{"id":43349,"n":"Laurier feuille entière Ducros 17g","p":1.54,"u":"90,59 €/KG","img":"https://fd6-photos.leclercdrive.fr/image.ashx?id=2486566&use=l&cat=p&typeid=i","cat":298297},{"id":43358,"n":"Sel fin Eco+ Boîte verseuse - 750g","p":0.53,"u":"0,71 €/KG","img":"https://fd6-photos.leclercdrive.fr/image.ashx?id=2050582&use=l&cat=p&typeid=i","cat":284457},{"id":43366,"n":"Quatre quarts Le Ster Pur beurre - 700g","p":6.2,"u":"8,86 €/KG","img":"https://fd6-photos.leclercdrive.fr/image.ashx?id=1793223&use=l&cat=p&typeid=i","cat":294776},{"id":43369,"n":"Boisson végétale avoine Bio  Bjorg- 1L","p":1.71,"u":"1,71 €/L","img":"https://fd6-photos.leclercdrive.fr/image.ashx?id=2939430&use=l&cat=p&typeid=i","cat":316067},{"id":43371,"n":"AOC Saint-Nicolas-de-Bourgueil vin rouge Les Caractères - 75cl","p":4.99,"u":"6,65 €/L","img":"https://fd6-photos.leclercdrive.fr/image.ashx?id=2894734&use=l&cat=p&typeid=i","cat":289556},{"id":43372,"n":"AOP Saumur-Champigny vin rouge Les Caractères - 75cl","p":4.99,"u":"6,65 €/L","img":"https://fd6-photos.leclercdrive.fr/image.ashx?id=2745478&use=l&cat=p&typeid=i","cat":289556},{"id":43373,"n":"AOP Vin rouge  Alsace Pinot noir - 75 cl","p":5.99,"u":"7,99 €/L","img":"https://fd6-photos.leclercdrive.fr/image.ashx?id=2709698&use=l&cat=p&typeid=i","cat":289556},{"id":43374,"n":"AOC Bordeaux BIO vin rouge Chantet Blanet - 75cl","p":4.75,"u":"6,33 €/L","img":"https://fd6-photos.leclercdrive.fr/image.ashx?id=2750174&use=l&cat=p&typeid=i","cat":289556},{"id":43381,"n":"Dessert liégeois Viennois  Chocolat - 12x100g","p":3.99,"u":"3,33 €/KG","img":"https://fd6-photos.leclercdrive.fr/image.ashx?id=2875987&use=l&cat=p&typeid=i","cat":285042},{"id":43394,"n":"Spaghetti  Tradizioni d'Italia n°118  Pasta di Gragnano 500g","p":1.52,"u":"3,04 €/KG","img":"https://fd6-photos.leclercdrive.fr/image.ashx?id=2657301&use=l&cat=p&typeid=i","cat":284427},{"id":43396,"n":"Farfalle Tradizioni d'Italia N°210 - 500g","p":1.52,"u":"3,04 €/KG","img":"https://fd6-photos.leclercdrive.fr/image.ashx?id=2657304&use=l&cat=p&typeid=i","cat":284427},{"id":43398,"n":"Fusilli Tradizioni d'Italia N°140 - 500g","p":1.52,"u":"3,04 €/KG","img":"https://fd6-photos.leclercdrive.fr/image.ashx?id=2657307&use=l&cat=p&typeid=i","cat":284427},{"id":43403,"n":"Orechiette Tradizioni d'Italia N°292 - 500g","p":1.69,"u":"3,38 €/KG","img":"https://fd6-photos.leclercdrive.fr/image.ashx?id=2699507&use=l&cat=p&typeid=i","cat":284427},{"id":43407,"n":"Glace à l'eau Smicy Star  Framboise Orange Citron x8 480g","p":2.59,"u":"5,40 €/KG","img":"https://fd6-photos.leclercdrive.fr/image.ashx?id=2954884&use=l&cat=p&typeid=i","cat":285250},{"id":43408,"n":"AOP Chinon vin rouge Les Caractères - 75cl","p":4.95,"u":"6,60 €/L","img":"https://fd6-photos.leclercdrive.fr/image.ashx?id=2745484&use=l&cat=p&typeid=i","cat":289556},{"id":43409,"n":"AOP Côtes de Bergerac moelleux Terrasses d'Autan - 75cl","p":3.7,"u":"4,93 €/L","img":"https://fd6-photos.leclercdrive.fr/image.ashx?id=2929873&use=l&cat=p&typeid=i","cat":289557},{"id":43410,"n":"AOC Corbières vin rouge Prieur Barsanne - 75cl","p":2.99,"u":"3,99 €/L","img":"https://fd6-photos.leclercdrive.fr/image.ashx?id=2718472&use=l&cat=p&typeid=i","cat":289556},{"id":43417,"n":"IGP Pays d'Oc blanc Roche Mazet Chardonnay 12.5% vol - 75cl","p":2.92,"u":"3,89 €/L","img":"https://fd6-photos.leclercdrive.fr/image.ashx?id=2991945&use=l&cat=p&typeid=i","cat":289557},{"id":43418,"n":"IGP Pays d'OC Vin rosé Roche Mazet Syrah - 75cl","p":2.72,"u":"3,63 €/L","img":"https://fd6-photos.leclercdrive.fr/image.ashx?id=2342030&use=l&cat=p&typeid=i","cat":289558},{"id":43602,"n":"Jus d'orange Jafaden Avec pulpe - 1.5L","p":3.39,"u":"2,26 €/L","img":"https://fd6-photos.leclercdrive.fr/image.ashx?id=2723144&use=l&cat=p&typeid=i","cat":285435},{"id":43604,"n":"Jus d'orange Jafaden Sans pulpe - 1.5L","p":3.13,"u":"2,09 €/L","img":"https://fd6-photos.leclercdrive.fr/image.ashx?id=2723147&use=l&cat=p&typeid=i","cat":285435},{"id":43605,"n":"Jus de clémentine Jafaden  1.5L","p":2.99,"u":"1,99 €/L","img":"https://fd6-photos.leclercdrive.fr/image.ashx?id=2723150&use=l&cat=p&typeid=i","cat":285435},{"id":43618,"n":"Flocons d'avoine Quaker Oats 550g","p":1.76,"u":"3,20 €/KG","img":"https://fd6-photos.leclercdrive.fr/image.ashx?id=2140656&use=l&cat=p&typeid=i","cat":309512},{"id":43619,"n":"AOC Blaye Côtes de Bordeaux vin rouge Chantet Blanet - 75cl","p":3.8,"u":"5,07 €/L","img":"https://fd6-photos.leclercdrive.fr/image.ashx?id=2727395&use=l&cat=p&typeid=i","cat":289556},{"id":43621,"n":"Liquide vaisselle Uni vert Ecologique PSS 500ml","p":1.15,"u":"2,30 €/L","img":"https://fd6-photos.leclercdrive.fr/image.ashx?id=2999508&use=l&cat=p&typeid=i","cat":284655},{"id":43623,"n":"AOC Bordeaux vin rouge Chantet Blanet - 37,5cl","p":1.99,"u":"5,31 €/L","img":"https://fd6-photos.leclercdrive.fr/image.ashx?id=2718611&use=l&cat=p&typeid=i","cat":289556},{"id":43625,"n":"AOC Saint-Chinian vin rouge Prieur Barsanne - 75cl","p":3.49,"u":"4,65 €/L","img":"https://fd6-photos.leclercdrive.fr/image.ashx?id=2729290&use=l&cat=p&typeid=i","cat":289556},{"id":43626,"n":"AOC Faugères vin rouge Prieur Barsanne - 75cl","p":3.99,"u":"5,32 €/L","img":"https://fd6-photos.leclercdrive.fr/image.ashx?id=2710810&use=l&cat=p&typeid=i","cat":289556},{"id":43669,"n":"AOC Puisseguin Saint-Émilion vin rouge Chantet Blanet - 75cl","p":6.49,"u":"8,65 €/L","img":"https://fd6-photos.leclercdrive.fr/image.ashx?id=2783431&use=l&cat=p&typeid=i","cat":289556},{"id":43670,"n":"AOC Juliénas vin rouge Antoine Barrier - 75cl","p":6.99,"u":"9,32 €/L","img":"https://fd6-photos.leclercdrive.fr/image.ashx?id=2909401&use=l&cat=p&typeid=i","cat":289556},{"id":43693,"n":"Couches Mots d'Enfants Activ+ T3 : 4/9kg - x47 changes","p":14.35,"u":"0,31 €/P","img":"https://fd6-photos.leclercdrive.fr/image.ashx?id=2699486&use=l&cat=p&typeid=i","cat":284737},{"id":43696,"n":"AOC Côtes du Marmandais vin rouge Terrasses d'Autan - 75cl","p":2.99,"u":"3,99 €/L","img":"https://fd6-photos.leclercdrive.fr/image.ashx?id=2750150&use=l&cat=p&typeid=i","cat":289556},{"id":43697,"n":"AOP Côtes de Bourg vin rouge Chantet Blanet - 75cl","p":3.89,"u":"5,19 €/L","img":"https://fd6-photos.leclercdrive.fr/image.ashx?id=2728255&use=l&cat=p&typeid=i","cat":289556},{"id":43707,"n":"Laque Ultra-Forte L'Oréal Paris Thermoprotecteur - 150ml","p":4.55,"u":"30,33 €/L","img":"https://fd6-photos.leclercdrive.fr/image.ashx?id=2582237&use=l&cat=p&typeid=i","cat":284609},{"id":43718,"n":"Croquettes chat Whiskas Stérilisé saumon - 1,75kg","p":5.17,"u":"2,95 €/KG","img":"https://fd6-photos.leclercdrive.fr/image.ashx?id=2915597&use=l&cat=p&typeid=i","cat":284680},{"id":43719,"n":"Croquettes chat Whiskas Stérilisé poulet - 1.75kg","p":5.22,"u":"2,98 €/KG","img":"https://fd6-photos.leclercdrive.fr/image.ashx?id=2952872&use=l&cat=p&typeid=i","cat":284680},{"id":43758,"n":"AOP Brouilly vin rouge Antoine Barrier - 75cl","p":6.79,"u":"9,05 €/L","img":"https://fd6-photos.leclercdrive.fr/image.ashx?id=3004552&use=l&cat=p&typeid=i","cat":289556},{"id":43760,"n":"Biscuits fourrés Prince Vanille - 300g","p":1.49,"u":"4,97 €/KG","img":"https://fd6-photos.leclercdrive.fr/image.ashx?id=2907695&use=l&cat=p&typeid=i","cat":284488},{"id":43769,"n":"Préservatifs Skyn Manix Original - x10","p":8.58,"img":"https://fd6-photos.leclercdrive.fr/image.ashx?id=2928810&use=l&cat=p&typeid=i","cat":284631},{"id":43770,"n":"Après-shampooing Vitanov Nutrition - 750ml","p":4.08,"u":"5,44 €/L","img":"https://fd6-photos.leclercdrive.fr/image.ashx?id=1923583&use=l&cat=p&typeid=i","cat":284607},{"id":43771,"n":"Spray démelant  200ml","p":2.55,"u":"12,75 €/L","img":"https://fd6-photos.leclercdrive.fr/image.ashx?id=2712986&use=l&cat=p&typeid=i","cat":284608},{"id":43778,"n":"Morceaux de thon Listao Eco+ 130g","p":0.99,"u":"7,62 €/KG","img":"https://fd6-photos.leclercdrive.fr/image.ashx?id=2610669&use=l&cat=p&typeid=i","cat":303867},{"id":43780,"n":"AOC Anjou vin rouge Les Caractères - 75cl","p":4.35,"u":"5,80 €/L","img":"https://fd6-photos.leclercdrive.fr/image.ashx?id=2750153&use=l&cat=p&typeid=i","cat":289556},{"id":43781,"n":"Céréales Extra Kellogg's Chocolat Noir Noisettes - 800g","p":4.85,"u":"6,06 €/KG","img":"https://fd6-photos.leclercdrive.fr/image.ashx?id=2775026&use=l&cat=p&typeid=i","cat":309512},{"id":43844,"n":"Friandises chats Tous mes amis Sticks au Poulet - 3x5g - 15g","p":0.56,"u":"37,33 €/KG","img":"https://fd6-photos.leclercdrive.fr/image.ashx?id=2858986&use=l&cat=p&typeid=i","cat":285285},{"id":43845,"n":"Friandises chats Tous mes amis Sticks au Saumon  - 3x5g - 15g","p":0.56,"u":"37,33 €/KG","img":"https://fd6-photos.leclercdrive.fr/image.ashx?id=802043&use=l&cat=p&typeid=i","cat":285285},{"id":43895,"n":"AOC Ventoux vin rosé Rives & Terrasses - 75cl","p":2.99,"u":"3,99 €/L","img":"https://fd6-photos.leclercdrive.fr/image.ashx?id=2716003&use=l&cat=p&typeid=i","cat":289558},{"id":43924,"n":"AOP Vin blanc italien  Prosecco Vilaveroni 75cl","p":7.29,"u":"9,72 €/L","img":"https://fd6-photos.leclercdrive.fr/image.ashx?id=2492351&use=l&cat=p&typeid=i","cat":289461},{"id":43930,"n":"Vin mousseux blanc Festillant Sans alcool - 75cl","p":2.97,"u":"3,96 €/L","img":"https://fd6-photos.leclercdrive.fr/image.ashx?id=2980899&use=l&cat=p&typeid=i","cat":289460},{"id":43931,"n":"Pétillant Festillant Mojito Sans alcool - 75cl","p":2.97,"u":"3,96 €/L","img":"https://fd6-photos.leclercdrive.fr/image.ashx?id=2910118&use=l&cat=p&typeid=i","cat":289460},{"id":43933,"n":"Vin pétillant d'Allemagne Festillant Sans alcool - 75cl","p":2.97,"u":"3,96 €/L","img":"https://fd6-photos.leclercdrive.fr/image.ashx?id=2910115&use=l&cat=p&typeid=i","cat":289460},{"id":43944,"n":"Champagne rosé G.H. Mumm Brut - 12%vol - 75cl","p":35.9,"pp":32.9,"u":"43,87 €/L","img":"https://fd6-photos.leclercdrive.fr/image.ashx?id=2998913&use=l&cat=p&typeid=i","cat":284542},{"id":43948,"n":"Vin mousseux blanc Paul Robin Prestige 75cl","p":4.25,"u":"5,67 €/L","img":"https://fd6-photos.leclercdrive.fr/image.ashx?id=2204354&use=l&cat=p&typeid=i","cat":284544},{"id":43949,"n":"Vin mousseux blanc Paul Robin  Prestige - 75cl","p":4.5,"u":"6,00 €/L","img":"https://fd6-photos.leclercdrive.fr/image.ashx?id=1609160&use=l&cat=p&typeid=i","cat":289557},{"id":43950,"n":"Vin mousseux Paul Robin Rosé brut 75cl","p":4.5,"u":"6,00 €/L","img":"https://fd6-photos.leclercdrive.fr/image.ashx?id=2183574&use=l&cat=p&typeid=i","cat":284544},{"id":43964,"n":"Mini bûches Eskiss Fruits - x6 - 333g","p":2.29,"u":"6,88 €/KG","img":"https://fd6-photos.leclercdrive.fr/image.ashx?id=2232586&use=l&cat=p&typeid=i","cat":284266},{"id":44016,"n":"Bocal Morilles extra séchées   Borde - 25g","p":14.99,"pp":9.89,"u":"395,60 €/KG","img":"https://fd6-photos.leclercdrive.fr/image.ashx?id=2731081&use=l&cat=p&typeid=i","cat":284352},{"id":44039,"n":"Soufflés Grignot' Tokapi Barbecue - 90g","p":0.99,"u":"11,00 €/KG","img":"https://fd6-photos.leclercdrive.fr/image.ashx?id=2059486&use=l&cat=p&typeid=i","cat":284449},{"id":44040,"n":"Soufflé grignot' Tokapi  jambon fromage 90g","p":0.89,"u":"9,89 €/KG","img":"https://fd6-photos.leclercdrive.fr/image.ashx?id=2059489&use=l&cat=p&typeid=i","cat":284449},{"id":44057,"n":"Soufflés Tornades 3D Goût emmental - 85g","p":0.72,"u":"8,47 €/KG","img":"https://fd6-photos.leclercdrive.fr/image.ashx?id=2900139&use=l&cat=p&typeid=i","cat":284449},{"id":44081,"n":"Eau aromatisée Volvic Juicy Fraise - 1,5L","p":1.35,"u":"0,90 €/L","img":"https://fd6-photos.leclercdrive.fr/image.ashx?id=2964664&use=l&cat=p&typeid=i","cat":284537},{"id":44082,"n":"Eau aromatisée Volvic juicy Fruits exotiques - 1,5L","p":1.35,"u":"0,90 €/L","img":"https://fd6-photos.leclercdrive.fr/image.ashx?id=2964667&use=l&cat=p&typeid=i","cat":284537},{"id":44083,"n":"Eau gazeuse  Badoit verte finement pétillante - 6x1l","p":3.42,"u":"0,57 €/L","img":"https://fd6-photos.leclercdrive.fr/image.ashx?id=2919259&use=l&cat=p&typeid=i","cat":284536},{"id":44085,"n":"Petit quatre quarts Bonne Maman x10 - 300g","p":3.11,"u":"10,37 €/KG","img":"https://fd6-photos.leclercdrive.fr/image.ashx?id=2936149&use=l&cat=p&typeid=i","cat":284492},{"id":44090,"n":"AOP Monbazillac vin blanc Moelleux Terrasses d'Autan-75cl","p":6.99,"u":"9,32 €/L","img":"https://fd6-photos.leclercdrive.fr/image.ashx?id=2756873&use=l&cat=p&typeid=i","cat":289557},{"id":44091,"n":"AOC Côtes du Rhône Villages vin rouge Rives & Terrasses - 75cl","p":3.89,"u":"5,19 €/L","img":"https://fd6-photos.leclercdrive.fr/image.ashx?id=2755064&use=l&cat=p&typeid=i","cat":289556},{"id":44092,"n":"AOC Lalande-de-Pomerol vin rouge Chantet Blanet - 75cl","p":8.49,"u":"11,32 €/L","img":"https://fd6-photos.leclercdrive.fr/image.ashx?id=2809665&use=l&cat=p&typeid=i","cat":289556},{"id":44093,"n":"AOC Haut-Médoc vin rouge Chantet Blanet - 75cl","p":4.99,"u":"6,65 €/L","img":"https://fd6-photos.leclercdrive.fr/image.ashx?id=2824283&use=l&cat=p&typeid=i","cat":289556},{"id":44094,"n":"Bière blonde Leffe 6,6% - 50cl canette","p":1.59,"u":"3,18 €/L","img":"https://fd6-photos.leclercdrive.fr/image.ashx?id=2948417&use=l&cat=p&typeid=i","cat":334853},{"id":44095,"n":"Bière blonde Leffe 6,6% - 75cl","p":2.49,"u":"3,32 €/L","img":"https://fd6-photos.leclercdrive.fr/image.ashx?id=1720789&use=l&cat=p&typeid=i","cat":334852},{"id":44097,"n":"Quinoa 500g","p":2.84,"u":"5,68 €/KG","img":"https://fd6-photos.leclercdrive.fr/image.ashx?id=3012845&use=l&cat=p&typeid=i","cat":284429},{"id":44166,"n":"Vinaigre de Riz Tanoshi Flacon 150ml","p":3.52,"u":"23,47 €/L","img":"https://fd6-photos.leclercdrive.fr/image.ashx?id=2907982&use=l&cat=p&typeid=i","cat":288992},{"id":44168,"n":"Guacamole en pot 300g","p":1.75,"u":"5,83 €/KG","img":"https://fd6-photos.leclercdrive.fr/image.ashx?id=2466072&use=l&cat=p&typeid=i","cat":288993},{"id":44171,"n":"6 wraps de blé nature 370g","p":1.99,"u":"5,38 €/KG","img":"https://fd6-photos.leclercdrive.fr/image.ashx?id=2679741&use=l&cat=p&typeid=i","cat":288993},{"id":44173,"n":"Après-shampooing Nateis Cheveux colorés - 250ml","p":1.63,"u":"6,52 €/L","img":"https://fd6-photos.leclercdrive.fr/image.ashx?id=1889788&use=l&cat=p&typeid=i","cat":284607},{"id":44174,"n":"Après-shampooing doux Nateis Cheveux secs - 250ml","p":1.35,"u":"5,40 €/KG","img":"https://fd6-photos.leclercdrive.fr/image.ashx?id=1900117&use=l&cat=p&typeid=i","cat":284607},{"id":44175,"n":"Masque nourrisant Natéïs Cheuveux secs et frisés - 300ml","p":2.63,"u":"8,77 €/L","img":"https://fd6-photos.leclercdrive.fr/image.ashx?id=1875848&use=l&cat=p&typeid=i","cat":284608},{"id":44179,"n":"Sachets détachants Texil Anti-transferts - x12","p":4.44,"u":"0,37 €/P","img":"https://fd6-photos.leclercdrive.fr/image.ashx?id=2958741&use=l&cat=p&typeid=i","cat":284651},{"id":44181,"n":"Poivrons grillés Florelli Antipasti - 280g","p":3.26,"u":"11,64 €/KG","img":"https://fd6-photos.leclercdrive.fr/image.ashx?id=2633091&use=l&cat=p&typeid=i","cat":289010},{"id":44183,"n":"Tortillas Old El Paso de blé nature x8 - 326g","p":2.54,"u":"7,79 €/KG","img":"https://fd6-photos.leclercdrive.fr/image.ashx?id=2737642&use=l&cat=p&typeid=i","cat":288993},{"id":44184,"n":"Kit fajitas Old El Paso Original doux - 500g","p":4.86,"u":"9,72 €/KG","img":"https://fd6-photos.leclercdrive.fr/image.ashx?id=2940576&use=l&cat=p&typeid=i","cat":288993},{"id":44185,"n":"Kit Burritos Old El Paso Original paprika doux - 510g","p":5.07,"u":"9,94 €/KG","img":"https://fd6-photos.leclercdrive.fr/image.ashx?id=2940579&use=l&cat=p&typeid=i","cat":288993},{"id":44186,"n":"Kit Enchiladas Old El Paso au four doux - 657g","p":5.2,"u":"7,91 €/KG","img":"https://fd6-photos.leclercdrive.fr/image.ashx?id=2759502&use=l&cat=p&typeid=i","cat":288993},{"id":44194,"n":"Confiture de lait Bonne Maman 380g","p":2.95,"u":"7,76 €/KG","img":"https://fd6-photos.leclercdrive.fr/image.ashx?id=2785430&use=l&cat=p&typeid=i","cat":284480},{"id":44197,"n":"Couches Activ+ Mots d'Enfants T4 : 7/18kg - x39 changes","p":12.89,"u":"0,33 €/P","img":"https://fd6-photos.leclercdrive.fr/image.ashx?id=2699489&use=l&cat=p&typeid=i","cat":284737},{"id":44198,"n":"Déodorant Carré Homme Vetiver Attirant - 100ml","p":1.12,"u":"11,20 €/L","img":"https://fd6-photos.leclercdrive.fr/image.ashx?id=2440751&use=l&cat=p&typeid=i","cat":284618},{"id":44265,"n":"Vin mousseux Pol Rémy Gala Demi-sec - 6x75cl","p":17.02,"u":"3,78 €/L","img":"https://fd6-photos.leclercdrive.fr/image.ashx?id=2113166&use=l&cat=p&typeid=i","cat":284544},{"id":44266,"n":"Vin mousseux Pol Rémy Gala brut 6x75cl","p":16.92,"u":"3,76 €/L","img":"https://fd6-photos.leclercdrive.fr/image.ashx?id=2113163&use=l&cat=p&typeid=i","cat":284544},{"id":44273,"n":"Miettes de thon Petit Navire À l'huile d'olive - 160g","p":2.6,"u":"16,25 €/KG","img":"https://fd6-photos.leclercdrive.fr/image.ashx?id=2519642&use=l&cat=p&typeid=i","cat":303867},{"id":44278,"n":"Ravioli bolognaise Panzani - 400g","p":2.59,"u":"6,48 €/KG","img":"https://fd6-photos.leclercdrive.fr/image.ashx?id=2876059&use=l&cat=p&typeid=i","cat":284442},{"id":44279,"n":"Fromage apéritif Apericube Panier de campagne 24 cubes","p":2.39,"u":"19,12 €/KG","img":"https://fd6-photos.leclercdrive.fr/image.ashx?id=2882656&use=l&cat=p&typeid=i","cat":314027},{"id":44285,"n":"Thon cuisiné Saupiquet  sauce catalane 1/6 2x135g","p":2.18,"u":"8,07 €/KG","img":"https://fd6-photos.leclercdrive.fr/image.ashx?id=2731549&use=l&cat=p&typeid=i","cat":303867},{"id":44293,"n":"Emmental râpé  Entremont  français 160g","p":1.8,"u":"11,25 €/KG","img":"https://fd6-photos.leclercdrive.fr/image.ashx?id=2983153&use=l&cat=p&typeid=i","cat":314035},{"id":44298,"n":"L'Ortolan familial  Fromagerie Milleret-  330g","p":3.28,"u":"9,94 €/KG","img":"https://fd6-photos.leclercdrive.fr/image.ashx?id=2226400&use=l&cat=p&typeid=i","cat":314033},{"id":44299,"n":"Fromage à Tartiner Tartare  Ail et fines herbes - 250g","p":2.8,"u":"11,20 €/KG","img":"https://fd6-photos.leclercdrive.fr/image.ashx?id=2903170&use=l&cat=p&typeid=i","cat":314029},{"id":44307,"n":"Fromage Tomme noire NRT IGP  des Pyrénées - 200g","p":2.45,"u":"12,25 €/KG","img":"https://fd6-photos.leclercdrive.fr/image.ashx?id=2849596&use=l&cat=p&typeid=i","cat":329184},{"id":44330,"n":"IGP Pays d'Oc blanc Roche Mazet Chardonnay 12% vol BIB 3L","p":10.55,"u":"3,52 €/L","img":"https://fd6-photos.leclercdrive.fr/image.ashx?id=2597130&use=l&cat=p&typeid=i","cat":289557},{"id":44336,"n":"Savon Noir liquide Briochin Ecocert - 1L","p":2.48,"u":"2,48 €/L","img":"https://fd6-photos.leclercdrive.fr/image.ashx?id=3011389&use=l&cat=p&typeid=i","cat":325365},{"id":44340,"n":"Cire cheveux Taft Effet mat tenue forte - 75ml","p":3.23,"u":"43,07 €/L","img":"https://fd6-photos.leclercdrive.fr/image.ashx?id=2410937&use=l&cat=p&typeid=i","cat":284609},{"id":44342,"n":"Eau de cologne Bien Etre  Verveine, Romarin - 250ml","p":4.43,"u":"17,72 €/L","img":"https://fd6-photos.leclercdrive.fr/image.ashx?id=2353668&use=l&cat=p&typeid=i","cat":291525},{"id":44351,"n":"Margarine Le Fleurier  1/2sel - 250g","p":2.19,"u":"8,76 €/KG","img":"https://fd6-photos.leclercdrive.fr/image.ashx?id=2734069&use=l&cat=p&typeid=i","cat":315229},{"id":44354,"n":"Préfou chorizo Paso 350g","p":3.68,"u":"10,51 €/KG","img":"https://fd6-photos.leclercdrive.fr/image.ashx?id=2332627&use=l&cat=p&typeid=i","cat":316003},{"id":44355,"n":"Sandwich Baguette Mega Viennois  Sodebo Poulet Œuf - 270g","p":1.7,"u":"6,30 €/KG","img":"https://fd6-photos.leclercdrive.fr/image.ashx?id=2732392&use=l&cat=p&typeid=i","cat":333658},{"id":44356,"n":"Sauce Beurre citronné Gastromer 200g","p":1.29,"u":"6,45 €/KG","img":"https://fd6-photos.leclercdrive.fr/image.ashx?id=2504656&use=l&cat=p&typeid=i","cat":284382},{"id":44357,"n":"Sauce Hollandaise Gastromer Gastronomie de la mer - 200g","p":1.29,"u":"6,45 €/KG","img":"https://fd6-photos.leclercdrive.fr/image.ashx?id=2504659&use=l&cat=p&typeid=i","cat":284382},{"id":44361,"n":"Chocolat Pâtissier Nestlé Dessert : Noir - 205g","p":3.37,"u":"16,44 €/KG","img":"https://fd6-photos.leclercdrive.fr/image.ashx?id=2938920&use=l&cat=p&typeid=i","cat":285562},{"id":44368,"n":"Dentifrice mini voyage Dentamyl Haleine fraiche - 25ml","p":1.6,"u":"64,00 €/L","img":"https://fd6-photos.leclercdrive.fr/image.ashx?id=2658581&use=l&cat=p&typeid=i","cat":284612},{"id":44372,"n":"AOC Languedoc Prieur Barsanne Bio Contient des sulfites 75cl","p":3.99,"u":"5,32 €/L","img":"https://fd6-photos.leclercdrive.fr/image.ashx?id=2509253&use=l&cat=p&typeid=i","cat":289556},{"id":44382,"n":"Saumon fumé Ronde des Mers ASC Norvège x10T - 350g","p":12.39,"u":"35,40 €/KG","img":"https://fd6-photos.leclercdrive.fr/image.ashx?id=2976285&use=l&cat=p&typeid=i","cat":285188},{"id":44383,"n":"Saumon fumé Ronde des Mers Ecosse x10T - 350g","p":12.49,"u":"35,69 €/KG","img":"https://fd6-photos.leclercdrive.fr/image.ashx?id=2976288&use=l&cat=p&typeid=i","cat":285188},{"id":44385,"n":"Saumon fumé Ronde des Mers   Sauvage Alaska x8T - 240g","p":12.99,"u":"54,13 €/KG","img":"https://fd6-photos.leclercdrive.fr/image.ashx?id=2976294&use=l&cat=p&typeid=i","cat":285188},{"id":44404,"n":"15 mini galettes Kauffer's Pomme de terre - 525g","p":3.95,"u":"7,52 €/KG","img":"https://fd6-photos.leclercdrive.fr/image.ashx?id=2977381&use=l&cat=p&typeid=i","cat":319792},{"id":44434,"n":"Nectar Bio Pressade Multifruits - 1,5L","p":2.26,"u":"1,51 €/L","img":"https://fd6-photos.leclercdrive.fr/image.ashx?id=2732533&use=l&cat=p&typeid=i","cat":284917},{"id":44437,"n":"AOC Buzet vin rouge Terrasses d'Autan - 75cl","p":3.99,"u":"5,32 €/L","img":"https://fd6-photos.leclercdrive.fr/image.ashx?id=2677107&use=l&cat=p&typeid=i","cat":289556},{"id":44445,"n":"Wraps Old El Paso de blé nature x6 - 350g","p":2.32,"u":"6,63 €/KG","img":"https://fd6-photos.leclercdrive.fr/image.ashx?id=2737645&use=l&cat=p&typeid=i","cat":288993},{"id":44567,"n":"Oeufs de Nos Régions Plein air Oméga 3 - x6","p":1.52,"u":"0,25 €/P","img":"https://fd6-photos.leclercdrive.fr/image.ashx?id=2969773&use=l&cat=p&typeid=i","cat":284378},{"id":44568,"n":"Oeufs frais De Nos Régions  Oméga 3 - Plein Air - x12","p":2.88,"u":"0,24 €/P","img":"https://fd6-photos.leclercdrive.fr/image.ashx?id=2969791&use=l&cat=p&typeid=i","cat":284378},{"id":44572,"n":"AOC Bordeaux Supérieur vin rouge Chantet Blanet - 75cl","p":3.49,"u":"4,65 €/L","img":"https://fd6-photos.leclercdrive.fr/image.ashx?id=2776570&use=l&cat=p&typeid=i","cat":289556},{"id":44574,"n":"Nettoyant textiles TECH9 Avec brosse - 400ml","p":4.59,"u":"11,48 €/L","img":"https://fd6-photos.leclercdrive.fr/image.ashx?id=1543900&use=l&cat=p&typeid=i","cat":298252},{"id":44577,"n":"Nettoyant jantes TECH9 500ml","p":3.99,"u":"7,98 €/L","img":"https://fd6-photos.leclercdrive.fr/image.ashx?id=2162450&use=l&cat=p&typeid=i","cat":298252},{"id":44578,"n":"Madeleines Saint Michel Pépites chocolat 400g","p":1.98,"u":"4,95 €/KG","img":"https://fd6-photos.leclercdrive.fr/image.ashx?id=2936200&use=l&cat=p&typeid=i","cat":284492},{"id":44605,"n":"Foie gras canard IGP Sud-Ouest NRT Entier - 300g","p":22.9,"u":"76,33 €/KG","img":"https://fd6-photos.leclercdrive.fr/image.ashx?id=2743897&use=l&cat=p&typeid=i","cat":305148},{"id":44657,"n":"Bière blonde Leffe Rituel 9% - 12x25cl","p":9.48,"u":"3,16 €/L","img":"https://fd6-photos.leclercdrive.fr/image.ashx?id=2548288&use=l&cat=p&typeid=i","cat":334852},{"id":44706,"n":"Palets bretons P'tit Déli 2x125g","p":1.84,"u":"7,36 €/KG","img":"https://fd6-photos.leclercdrive.fr/image.ashx?id=2820134&use=l&cat=p&typeid=i","cat":284487},{"id":44736,"n":"Blanquette volaille Côté Table 900g","p":6.99,"u":"7,77 €/KG","img":"https://fd6-photos.leclercdrive.fr/image.ashx?id=2621934&use=l&cat=p&typeid=i","cat":284254},{"id":44738,"n":"Haricots verts Notre Jardin cuits 750g","p":1.55,"u":"2,07 €/KG","img":"https://fd6-photos.leclercdrive.fr/image.ashx?id=2900142&use=l&cat=p&typeid=i","cat":319805},{"id":44740,"n":"Frites allumettes Pom'lisse 2.5kg","p":4.59,"u":"1,84 €/KG","img":"https://fd6-photos.leclercdrive.fr/image.ashx?id=2699498&use=l&cat=p&typeid=i","cat":319791},{"id":44741,"n":"Riz sushi Table du monde 500g","p":1.19,"u":"2,38 €/KG","img":"https://fd6-photos.leclercdrive.fr/image.ashx?id=2679753&use=l&cat=p&typeid=i","cat":288992},{"id":44743,"n":"Julienne de légumes Bio Village Bio - 600g","p":1.99,"u":"3,32 €/KG","img":"https://fd6-photos.leclercdrive.fr/image.ashx?id=2175780&use=l&cat=p&typeid=i","cat":319823},{"id":44745,"n":"Mini boulettes au boeuf Férial  x50 - 750g","p":6.99,"u":"9,32 €/KG","img":"https://fd6-photos.leclercdrive.fr/image.ashx?id=2966511&use=l&cat=p&typeid=i","cat":319779},{"id":44746,"n":"Glace Mystère Extrême Vanille Meringue x4 308.6g","p":5.15,"u":"16,67 €/KG","img":"https://fd6-photos.leclercdrive.fr/image.ashx?id=2878375&use=l&cat=p&typeid=i","cat":284266},{"id":44748,"n":"Purée de carottes Notre Jardin potirons 750g","p":2.62,"u":"3,49 €/KG","img":"https://fd6-photos.leclercdrive.fr/image.ashx?id=2856190&use=l&cat=p&typeid=i","cat":319805},{"id":44767,"n":"Dés Gouda cumin Les Croisés 30%MG - 150g","p":1.95,"u":"13,00 €/KG","img":"https://fd6-photos.leclercdrive.fr/image.ashx?id=2532844&use=l&cat=p&typeid=i","cat":314027},{"id":44768,"n":"Fromage râpé spécial Gratin  Les Croisés - 150g","p":2.19,"u":"14,60 €/KG","img":"https://fd6-photos.leclercdrive.fr/image.ashx?id=2053689&use=l&cat=p&typeid=i","cat":314035},{"id":44770,"n":"Steak haché Férial  5%mg x4 - 400g","p":6.99,"u":"17,48 €/KG","img":"https://fd6-photos.leclercdrive.fr/image.ashx?id=2704523&use=l&cat=p&typeid=i","cat":319778},{"id":44808,"n":"AOC Côtes du Rhône rouge BIO Rives & Terrasses - 75cl","p":3.99,"u":"5,32 €/L","img":"https://fd6-photos.leclercdrive.fr/image.ashx?id=2928318&use=l&cat=p&typeid=i","cat":289556},{"id":44859,"n":"Olives Vertes -25% sel Tramier  Dénoyautées 160g","p":1.99,"u":"12,44 €/KG","img":"https://fd6-photos.leclercdrive.fr/image.ashx?id=2840823&use=l&cat=p&typeid=i","cat":284458},{"id":44861,"n":"Sauce pesto Tradizioni d'Italia A la génoise - 180g","p":1.79,"u":"9,94 €/KG","img":"https://fd6-photos.leclercdrive.fr/image.ashx?id=2840043&use=l&cat=p&typeid=i","cat":287599},{"id":44865,"n":"Dessert fruits mixés Sojasun Abricot / Goyave - 4x100g","p":1.64,"u":"4,10 €/KG","img":"https://fd6-photos.leclercdrive.fr/image.ashx?id=2355668&use=l&cat=p&typeid=i","cat":316071},{"id":44874,"n":"Nettoyant tissu moquette TECH9 Ecocert - 500ml","p":4.99,"u":"9,98 €/L","img":"https://fd6-photos.leclercdrive.fr/image.ashx?id=2536863&use=l&cat=p&typeid=i","cat":298252},{"id":44877,"n":"Nettoyant jantes TECH9 Ecocert - 500ml","p":4.65,"u":"9,30 €/L","img":"https://fd6-photos.leclercdrive.fr/image.ashx?id=2536869&use=l&cat=p&typeid=i","cat":298252},{"id":44878,"n":"Shampooing carrosserie TECH9 Ecocert - 500ml","p":5.99,"u":"11,98 €/L","img":"https://fd6-photos.leclercdrive.fr/image.ashx?id=2536872&use=l&cat=p&typeid=i","cat":298252},{"id":44884,"n":"Soupe Mouliné Bio Village Bio - Légumes variés - 1L","p":1.97,"u":"1,97 €/L","img":"https://fd6-photos.leclercdrive.fr/image.ashx?id=2376115&use=l&cat=p&typeid=i","cat":284462},{"id":44885,"n":"Velouté de légumes Bio Village Bio - 1L","p":2.79,"u":"2,79 €/L","img":"https://fd6-photos.leclercdrive.fr/image.ashx?id=2339879&use=l&cat=p&typeid=i","cat":284462},{"id":44900,"n":"Baguette précuite four Epi d'Or précuite four en pierre - 250g","p":1.35,"u":"5,40 €/KG","img":"https://fd6-photos.leclercdrive.fr/image.ashx?id=2956963&use=l&cat=p&typeid=i","cat":325069},{"id":44910,"n":"Crème dessert La Laitière Pot de crème chocolat - 8x100g","p":4.2,"u":"5,25 €/KG","img":"https://fd6-photos.leclercdrive.fr/image.ashx?id=2692116&use=l&cat=p&typeid=i","cat":285041},{"id":44911,"n":"Crème dessert La Laitière Pot de crème vanille - 8x100g","p":4.2,"u":"5,25 €/KG","img":"https://fd6-photos.leclercdrive.fr/image.ashx?id=2692119&use=l&cat=p&typeid=i","cat":285041},{"id":44939,"n":"Mini gratins Côté Table Pomme de terre salardaise 400g","p":3.89,"u":"9,73 €/KG","img":"https://fd6-photos.leclercdrive.fr/image.ashx?id=2641289&use=l&cat=p&typeid=i","cat":319802},{"id":44942,"n":"Mini gratins Côté Table Pomme de terre Champignons 400g","p":2.99,"u":"7,48 €/KG","img":"https://fd6-photos.leclercdrive.fr/image.ashx?id=2074431&use=l&cat=p&typeid=i","cat":319802},{"id":44944,"n":"Oeufs de caille De Nos Régions x18","p":2.39,"u":"0,13 €/P","img":"https://fd6-photos.leclercdrive.fr/image.ashx?id=1070469&use=l&cat=p&typeid=i","cat":284378},{"id":44953,"n":"Pâtes Sans gluten Barilla Spaghetti - 400g","p":1.89,"u":"4,73 €/KG","img":"https://fd6-photos.leclercdrive.fr/image.ashx?id=2647639&use=l&cat=p&typeid=i","cat":284427},{"id":44954,"n":"Pâtes Sans gluten Barilla Penne Rigate - 400g","p":1.91,"u":"4,78 €/KG","img":"https://fd6-photos.leclercdrive.fr/image.ashx?id=2975461&use=l&cat=p&typeid=i","cat":284427},{"id":44959,"n":"Lingettes démaquillantes Inell Eau micellaire x25","p":2.6,"u":"0,10 €/P","img":"https://fd6-photos.leclercdrive.fr/image.ashx?id=2764392&use=l&cat=p&typeid=i","cat":284603},{"id":44963,"n":"Stick lèvres Inell Miss pink - 1 pièce","p":1.69,"img":"https://fd6-photos.leclercdrive.fr/image.ashx?id=2691673&use=l&cat=p&typeid=i","cat":285485},{"id":44964,"n":"Alèses absorbantes Chorys 60x90cm - x16","p":6.99,"u":"0,44 €/P","img":"https://fd6-photos.leclercdrive.fr/image.ashx?id=2860076&use=l&cat=p&typeid=i","cat":284628},{"id":44967,"n":"Culottes bébé Mots d'Enfants  T5 : 12/18kg - x20 changes","p":5.45,"u":"0,27 €/P","img":"https://fd6-photos.leclercdrive.fr/image.ashx?id=2904580&use=l&cat=p&typeid=i","cat":290633},{"id":44968,"n":"Culottes bébé Mots d'Enfants  T6 : 16kg - x18 changes","p":4.99,"u":"0,28 €/P","img":"https://fd6-photos.leclercdrive.fr/image.ashx?id=2907201&use=l&cat=p&typeid=i","cat":290633},{"id":44976,"n":"Masque nourrisant Natéïs Cheveux secs ou abîmés - 300ml","p":2.63,"u":"8,77 €/L","img":"https://fd6-photos.leclercdrive.fr/image.ashx?id=2387340&use=l&cat=p&typeid=i","cat":284608},{"id":44977,"n":"Mousse nettoyante Inell Peaux sensibles 150ml","p":2.99,"u":"19,93 €/L","img":"https://fd6-photos.leclercdrive.fr/image.ashx?id=1993200&use=l&cat=p&typeid=i","cat":284603},{"id":44980,"n":"Gel lave-vaisselle Visior Classique x75 - 1,5L","p":4.75,"u":"3,17 €/L","img":"https://fd6-photos.leclercdrive.fr/image.ashx?id=2574251&use=l&cat=p&typeid=i","cat":284656},{"id":44982,"n":"Papier toilette Lotus Just.1 Rouleaux blancs - x6","p":3.74,"u":"0,62 €/P","img":"https://fd6-photos.leclercdrive.fr/image.ashx?id=2842915&use=l&cat=p&typeid=i","cat":284634},{"id":45001,"n":"Pain de campagne Epi d'Or Spécial - 500g","p":1.79,"u":"3,58 €/KG","img":"https://fd6-photos.leclercdrive.fr/image.ashx?id=2114928&use=l&cat=p&typeid=i","cat":325069},{"id":45002,"n":"Pain de mie Epi d'Or  Croque monsieur - 550g","p":1.46,"u":"2,65 €/KG","img":"https://fd6-photos.leclercdrive.fr/image.ashx?id=2860748&use=l&cat=p&typeid=i","cat":284477},{"id":45005,"n":"Fond de veau Rustica dégraissé 100g","p":2.18,"u":"21,80 €/KG","img":"https://fd6-photos.leclercdrive.fr/image.ashx?id=2979571&use=l&cat=p&typeid=i","cat":288379},{"id":45009,"n":"Cacahuètes grillées Tokapi salées 3x120g","p":1.49,"u":"4,14 €/KG","img":"https://fd6-photos.leclercdrive.fr/image.ashx?id=2793230&use=l&cat=p&typeid=i","cat":284448},{"id":45011,"n":"AOC Côtes de Beaune Vin rouge Antoine Barrier - 75cl","p":9.99,"u":"13,32 €/L","img":"https://fd6-photos.leclercdrive.fr/image.ashx?id=2721364&use=l&cat=p&typeid=i","cat":289556},{"id":45014,"n":"AOC Touraine vin rouge Les Caractères - 75cl","p":4.49,"u":"5,99 €/L","img":"https://fd6-photos.leclercdrive.fr/image.ashx?id=2750159&use=l&cat=p&typeid=i","cat":289556},{"id":45015,"n":"Biscuits P'tit Déli Pépites de chocolat 300g","p":2.49,"u":"8,30 €/KG","img":"https://fd6-photos.leclercdrive.fr/image.ashx?id=2390425&use=l&cat=p&typeid=i","cat":284487},{"id":45016,"n":"AOC Médoc vin rouge Chantet Blanet - 75cl","p":3.99,"u":"5,32 €/L","img":"https://fd6-photos.leclercdrive.fr/image.ashx?id=2840737&use=l&cat=p&typeid=i","cat":289556},{"id":45019,"n":"AOC Minervois vin rouge Prieur Barsanne - 75cl","p":2.99,"u":"3,99 €/L","img":"https://fd6-photos.leclercdrive.fr/image.ashx?id=2639199&use=l&cat=p&typeid=i","cat":289556},{"id":45020,"n":"AOC Fitou vin rouge Prieur Barsanne - 75cl","p":3.99,"u":"5,32 €/L","img":"https://fd6-photos.leclercdrive.fr/image.ashx?id=2742623&use=l&cat=p&typeid=i","cat":289556},{"id":45023,"n":"AOC Moulin-à-Vent vin rouge Antoine Barrier - 75cl","p":7.75,"u":"10,33 €/L","img":"https://fd6-photos.leclercdrive.fr/image.ashx?id=3004549&use=l&cat=p&typeid=i","cat":289556},{"id":45024,"n":"AOC Mâcon Villages vin blanc Antoine Barrier - 75cl","p":7.49,"u":"9,99 €/L","img":"https://fd6-photos.leclercdrive.fr/image.ashx?id=2884249&use=l&cat=p&typeid=i","cat":289557},{"id":45025,"n":"AOC Saumur-Champigny vin rouge Les Caractères - 37,5cl","p":3.49,"u":"9,31 €/L","img":"https://fd6-photos.leclercdrive.fr/image.ashx?id=2745475&use=l&cat=p&typeid=i","cat":289556},{"id":45033,"n":"AOC Côtes du Rhône vin blanc Rives & Terrasses - 75cl","p":3.99,"u":"5,32 €/L","img":"https://fd6-photos.leclercdrive.fr/image.ashx?id=2856326&use=l&cat=p&typeid=i","cat":289557},{"id":45034,"n":"AOC Crozes-Hermitage vin rouge Rives & Terrasses - 75cl","p":9.99,"u":"13,32 €/L","img":"https://fd6-photos.leclercdrive.fr/image.ashx?id=2801792&use=l&cat=p&typeid=i","cat":289556},{"id":45035,"n":"AOP Alsace Riesling vin blanc Rebmann - 75 cl","p":4.85,"u":"6,47 €/L","img":"https://fd6-photos.leclercdrive.fr/image.ashx?id=2754213&use=l&cat=p&typeid=i","cat":289557},{"id":45036,"n":"AOC Alsace Riesling vin blanc Rebmann - 37,5 cl","p":3.25,"u":"8,67 €/L","img":"https://fd6-photos.leclercdrive.fr/image.ashx?id=2754216&use=l&cat=p&typeid=i","cat":289557},{"id":45038,"n":"AOP Côtes du Rhône vin rouge Grégoire XI - 75 cl","p":2.99,"u":"3,99 €/L","img":"https://fd6-photos.leclercdrive.fr/image.ashx?id=2928222&use=l&cat=p&typeid=i","cat":289556},{"id":45043,"n":"AOC Bordeaux fût de chêne vin rouge Chantet Blanet - 75cl","p":2.99,"u":"3,99 €/L","img":"https://fd6-photos.leclercdrive.fr/image.ashx?id=2816133&use=l&cat=p&typeid=i","cat":289556},{"id":45045,"n":"AOC Côtes de Bourg vin rouge Chantet Blanet - 37,5cl","p":2.49,"u":"6,64 €/L","img":"https://fd6-photos.leclercdrive.fr/image.ashx?id=2913709&use=l&cat=p&typeid=i","cat":289556},{"id":45047,"n":"AOC Côtes du Rhône villages Vin Rouge Rives & Terrasses BIB 3L","p":12.99,"u":"4,33 €/L","img":"https://fd6-photos.leclercdrive.fr/image.ashx?id=2726830&use=l&cat=p&typeid=i","cat":289560},{"id":45049,"n":"AOP Cahors vin rouge Terrasses d'Autan - 75cl","p":3.89,"u":"5,19 €/L","img":"https://fd6-photos.leclercdrive.fr/image.ashx?id=2799772&use=l&cat=p&typeid=i","cat":289556},{"id":45050,"n":"AOP Bourgogne Pinot noir vin rouge Antoine Barrier - 75cl","p":7.99,"u":"10,65 €/L","img":"https://fd6-photos.leclercdrive.fr/image.ashx?id=2694106&use=l&cat=p&typeid=i","cat":289556},{"id":45051,"n":"AOP Chablis vin blanc Antoine Barrier - 75cl","p":12.99,"u":"17,32 €/L","img":"https://fd6-photos.leclercdrive.fr/image.ashx?id=2741291&use=l&cat=p&typeid=i","cat":289557},{"id":45052,"n":"Velouté Régal Soupe Potiron Châtaigne - 1L","p":2.46,"u":"2,46 €/L","img":"https://fd6-photos.leclercdrive.fr/image.ashx?id=2983811&use=l&cat=p&typeid=i","cat":284462},{"id":45053,"n":"Soupe Velouté Régal Soupe Potiron fromage fondu 1L","p":2.36,"u":"2,36 €/L","img":"https://fd6-photos.leclercdrive.fr/image.ashx?id=2607572&use=l&cat=p&typeid=i","cat":284462},{"id":45054,"n":"Soupe Velouté Régal Soupe  Tomate vermicelles 2x30cl","p":1.66,"u":"2,77 €/L","img":"https://fd6-photos.leclercdrive.fr/image.ashx?id=2607575&use=l&cat=p&typeid=i","cat":284462},{"id":45055,"n":"Soupe velouté Régal Soupe Légumes du soleil 2x30cl","p":1.62,"u":"2,70 €/L","img":"https://fd6-photos.leclercdrive.fr/image.ashx?id=2983814&use=l&cat=p&typeid=i","cat":284462},{"id":45063,"n":"Biscuits sablés P'tit Déli Noix de coco - 120g","p":0.84,"u":"7,00 €/KG","img":"https://fd6-photos.leclercdrive.fr/image.ashx?id=2669750&use=l&cat=p&typeid=i","cat":284487},{"id":45065,"n":"Bretzels d'alsace NRT sachet 200g","p":0.74,"u":"3,70 €/KG","img":"https://fd6-photos.leclercdrive.fr/image.ashx?id=2638018&use=l&cat=p&typeid=i","cat":297000},{"id":45097,"n":"Panettone Tradizioni d'Italia 500g","p":5.49,"u":"10,98 €/KG","img":"https://fd6-photos.leclercdrive.fr/image.ashx?id=2743921&use=l&cat=p&typeid=i","cat":293600},{"id":45101,"n":"Carrés de soin Mots d'Enfants Bébés - x100","p":1.99,"u":"0,02 €/P","img":"https://fd6-photos.leclercdrive.fr/image.ashx?id=3014245&use=l&cat=p&typeid=i","cat":284739},{"id":45102,"n":"Culottes bébé Mots d'Enfants  T4 : 8/15kg - x22 changes","p":5.35,"u":"0,24 €/P","img":"https://fd6-photos.leclercdrive.fr/image.ashx?id=2907198&use=l&cat=p&typeid=i","cat":290633},{"id":45138,"n":"Biscuits Bio Bjorg complets P'tit nature - 200g","p":1.6,"u":"8,00 €/KG","img":"https://fd6-photos.leclercdrive.fr/image.ashx?id=2906157&use=l&cat=p&typeid=i","cat":284487},{"id":45140,"n":"boisson végétale bio  épeautre bjorg 1l","p":2.25,"u":"2,25 €/L","img":"https://fd6-photos.leclercdrive.fr/image.ashx?id=2967058&use=l&cat=p&typeid=i","cat":316067},{"id":45145,"n":"Crème amande cuisine  Bjorg  Bio - 200ml","p":1.66,"u":"8,30 €/L","img":"https://fd6-photos.leclercdrive.fr/image.ashx?id=2851770&use=l&cat=p&typeid=i","cat":288383},{"id":45147,"n":"boisson végétale bio coco  bjorg 1L","p":2.68,"u":"2,68 €/L","img":"https://fd6-photos.leclercdrive.fr/image.ashx?id=2909530&use=l&cat=p&typeid=i","cat":316067},{"id":45148,"n":"Boisson végétale épeautre noisette Bjorg Bio - 1L","p":2.49,"u":"2,49 €/L","img":"https://fd6-photos.leclercdrive.fr/image.ashx?id=2960804&use=l&cat=p&typeid=i","cat":316067},{"id":45149,"n":"Boisson végétale lait d'amande  chocolat bjorg bio - 1l","p":2.39,"u":"2,39 €/L","img":"https://fd6-photos.leclercdrive.fr/image.ashx?id=2939412&use=l&cat=p&typeid=i","cat":316067},{"id":45157,"n":"Boulghour Tunisienne Céréal Bio Bio repas express - 220g","p":1.89,"u":"8,59 €/KG","img":"https://fd6-photos.leclercdrive.fr/image.ashx?id=2574062&use=l&cat=p&typeid=i","cat":287600},{"id":45165,"n":"Pots soir bébé bio Babybio Légumes blé - 6 mois - 2x200g","p":2.85,"u":"7,13 €/KG","img":"https://fd6-photos.leclercdrive.fr/image.ashx?id=2827479&use=l&cat=p&typeid=i","cat":312239},{"id":45167,"n":"Flocons avoine bio  Terres et Céréales - 500g","p":1.95,"u":"3,90 €/KG","img":"https://fd6-photos.leclercdrive.fr/image.ashx?id=2471907&use=l&cat=p&typeid=i","cat":309512},{"id":45168,"n":"Bouillon cube bio Jardin Bio Légumes - 72g","p":1.88,"u":"26,11 €/KG","img":"https://fd6-photos.leclercdrive.fr/image.ashx?id=2535535&use=l&cat=p&typeid=i","cat":288379},{"id":45169,"n":"Bouillon cube bio Jardin Bio Volaille dégraissé x10 - 100g","p":2.54,"u":"25,40 €/KG","img":"https://fd6-photos.leclercdrive.fr/image.ashx?id=2535538&use=l&cat=p&typeid=i","cat":288379},{"id":45191,"n":"Couscous Jardin Bio Bio légumes du soleil - 220g","p":2.57,"u":"11,68 €/KG","img":"https://fd6-photos.leclercdrive.fr/image.ashx?id=2535022&use=l&cat=p&typeid=i","cat":287600},{"id":45192,"n":"Pâtes bio Jardin Bio Coquillettes 3 min - 500g","p":2.01,"u":"4,02 €/KG","img":"https://fd6-photos.leclercdrive.fr/image.ashx?id=2939976&use=l&cat=p&typeid=i","cat":284427},{"id":45197,"n":"Quinoa boulghour  Céréal Bio  à l'Indienne bio -220g","p":2.43,"u":"11,05 €/KG","img":"https://fd6-photos.leclercdrive.fr/image.ashx?id=2574068&use=l&cat=p&typeid=i","cat":287600},{"id":45205,"n":"Biscuits fourrés Bio Bjorg  Chocolat lait noisette - 225g","p":3.78,"u":"16,80 €/KG","img":"https://fd6-photos.leclercdrive.fr/image.ashx?id=2970930&use=l&cat=p&typeid=i","cat":284488},{"id":45207,"n":"Biscuits Bio Bjorg Fourrés à la Vanille - 225g","p":4.03,"u":"17,91 €/KG","img":"https://fd6-photos.leclercdrive.fr/image.ashx?id=2912059&use=l&cat=p&typeid=i","cat":284489},{"id":45212,"n":"Duo de quinoa Jardin Bio  Bio aux légumes - 250g","p":2.57,"u":"10,28 €/KG","img":"https://fd6-photos.leclercdrive.fr/image.ashx?id=2535481&use=l&cat=p&typeid=i","cat":287600},{"id":45213,"n":"Flageolets Jardin Bio  Bio cuisinés - 680g","p":3.19,"u":"4,69 €/KG","img":"https://fd6-photos.leclercdrive.fr/image.ashx?id=2918319&use=l&cat=p&typeid=i","cat":312606},{"id":45217,"n":"Galette  Céréal Bio  Bio riz légumes Colombo x2 200g","p":3.0,"u":"15,00 €/KG","img":"https://fd6-photos.leclercdrive.fr/image.ashx?id=2573510&use=l&cat=p&typeid=i","cat":284953},{"id":45229,"n":"biscuits gaufres bio bjorg  Miel - 175g","p":2.15,"u":"12,29 €/KG","img":"https://fd6-photos.leclercdrive.fr/image.ashx?id=2915973&use=l&cat=p&typeid=i","cat":294777},{"id":45239,"n":"plat cuisiné lentilles bio carottes  bjorg 250g","p":1.78,"u":"7,12 €/KG","img":"https://fd6-photos.leclercdrive.fr/image.ashx?id=2861521&use=l&cat=p&typeid=i","cat":287600},{"id":45244,"n":"boisson végétale lait d'amande  bio bjorg 1l","p":2.16,"u":"2,16 €/L","img":"https://fd6-photos.leclercdrive.fr/image.ashx?id=2967067&use=l&cat=p&typeid=i","cat":316067},{"id":45245,"n":"Boisson végétale lait d'amande  vanille bjorg bio - 1l","p":2.16,"u":"2,16 €/L","img":"https://fd6-photos.leclercdrive.fr/image.ashx?id=2991978&use=l&cat=p&typeid=i","cat":316067},{"id":45247,"n":"Maïs bio Géant Vert extra croquant - 2x140g","p":2.37,"u":"8,46 €/KG","img":"https://fd6-photos.leclercdrive.fr/image.ashx?id=2840545&use=l&cat=p&typeid=i","cat":312611},{"id":45250,"n":"Infusion bio Jardin Bio Tilleul Oranger - x20 - 30g","p":2.77,"u":"92,33 €/KG","img":"https://fd6-photos.leclercdrive.fr/image.ashx?id=2792657&use=l&cat=p&typeid=i","cat":293234},{"id":45251,"n":"Lentilles vertes Jardin Bio  Bio saveur du terroir - 250g","p":1.89,"u":"7,56 €/KG","img":"https://fd6-photos.leclercdrive.fr/image.ashx?id=2535559&use=l&cat=p&typeid=i","cat":287600},{"id":45254,"n":"Infusion Clipper Bio - Citron gingembre - 50g","p":2.17,"u":"43,40 €/KG","img":"https://fd6-photos.leclercdrive.fr/image.ashx?id=2909176&use=l&cat=p&typeid=i","cat":293234},{"id":45261,"n":"Orge riz rouge bio Céréal Bio  lentilles repas express-220g","p":1.79,"u":"7,16 €/KG","img":"https://fd6-photos.leclercdrive.fr/image.ashx?id=2574080&use=l&cat=p&typeid=i","cat":287600},{"id":45262,"n":"Orge pruneaux bio Céréal Bio  Marocain repas express-220g","p":2.03,"u":"9,23 €/KG","img":"https://fd6-photos.leclercdrive.fr/image.ashx?id=2575075&use=l&cat=p&typeid=i","cat":287600},{"id":45263,"n":"pain complet bio bjorg  seigle - 500g","p":2.46,"u":"4,92 €/KG","img":"https://fd6-photos.leclercdrive.fr/image.ashx?id=2753973&use=l&cat=p&typeid=i","cat":325069},{"id":45276,"n":"Pain de mie La Boulangère  Céréales Bio - 500g","p":2.24,"u":"4,48 €/KG","img":"https://fd6-photos.leclercdrive.fr/image.ashx?id=2912398&use=l&cat=p&typeid=i","cat":284477},{"id":45278,"n":"Purée potimarron Céréal Bio  lentilles bio-250g","p":1.78,"u":"7,12 €/KG","img":"https://fd6-photos.leclercdrive.fr/image.ashx?id=2574074&use=l&cat=p&typeid=i","cat":287600},{"id":45288,"n":"Compote bébé Babybio Bio 4 mois Pomme / Myrtille - 2x130g","p":2.08,"u":"8,00 €/KG","img":"https://fd6-photos.leclercdrive.fr/image.ashx?id=2827491&use=l&cat=p&typeid=i","cat":312387},{"id":45289,"n":"Petits pois bio Jardin Bio A l'étuvée extra fins - 230g","p":2.25,"u":"9,78 €/KG","img":"https://fd6-photos.leclercdrive.fr/image.ashx?id=2944732&use=l&cat=p&typeid=i","cat":312607},{"id":45290,"n":"Petits pois Le jardin Bio  Bio extra fins - 445g","p":3.22,"u":"7,24 €/KG","img":"https://fd6-photos.leclercdrive.fr/image.ashx?id=2944735&use=l&cat=p&typeid=i","cat":312607},{"id":45319,"n":"Pineau blanc Charentes NRT  17% vol - 75cl","p":7.95,"u":"10,60 €/L","img":"https://fd6-photos.leclercdrive.fr/image.ashx?id=2679804&use=l&cat=p&typeid=i","cat":284913},{"id":45339,"n":"Tartine sarrasin Céréal Bio Bio - 145g","p":1.54,"u":"10,62 €/KG","img":"https://fd6-photos.leclercdrive.fr/image.ashx?id=2810792&use=l&cat=p&typeid=i","cat":284479},{"id":45340,"n":"Tartine  Céréal Bio  Bio multicéréales - 145g","p":1.55,"u":"10,69 €/KG","img":"https://fd6-photos.leclercdrive.fr/image.ashx?id=2810795&use=l&cat=p&typeid=i","cat":284479},{"id":45342,"n":"Salade bio Céréal Bio Lentilles, légumes, tofu -220g","p":1.98,"u":"9,00 €/KG","img":"https://fd6-photos.leclercdrive.fr/image.ashx?id=2574077&use=l&cat=p&typeid=i","cat":287600},{"id":45351,"n":"Tartines bio Jardin Bio Sarrasin sans gluten - 150g","p":2.05,"u":"13,67 €/KG","img":"https://fd6-photos.leclercdrive.fr/image.ashx?id=2535547&use=l&cat=p&typeid=i","cat":318654},{"id":45353,"n":"Tartines bio Jardin Bio Multicéréales sans gluten -150g","p":2.06,"u":"13,73 €/KG","img":"https://fd6-photos.leclercdrive.fr/image.ashx?id=2537646&use=l&cat=p&typeid=i","cat":318654},{"id":45354,"n":"Tartines bio Jardin Bio Châtaigne sans gluten - 150g","p":2.86,"u":"19,07 €/KG","img":"https://fd6-photos.leclercdrive.fr/image.ashx?id=2537649&use=l&cat=p&typeid=i","cat":318654},{"id":45355,"n":"Thé vert Bio Clipper Au Citron - 20 sachets - 35g","p":2.21,"u":"63,14 €/KG","img":"https://fd6-photos.leclercdrive.fr/image.ashx?id=2922089&use=l&cat=p&typeid=i","cat":293233},{"id":45372,"n":"Tomates pelées Jardin Bio  Bio Entières au jus - 240g","p":1.34,"u":"5,58 €/KG","img":"https://fd6-photos.leclercdrive.fr/image.ashx?id=2967911&use=l&cat=p&typeid=i","cat":288384},{"id":45374,"n":"Rôti de porc Cuisine Océane  Gratin dauphinois - 300g","p":3.07,"u":"10,23 €/KG","img":"https://fd6-photos.leclercdrive.fr/image.ashx?id=2962341&use=l&cat=p&typeid=i","cat":284953},{"id":45382,"n":"Déodorant Spray Femme Nivea Protect & Care - 200ml","p":2.69,"u":"13,45 €/L","img":"https://fd6-photos.leclercdrive.fr/image.ashx?id=2869188&use=l&cat=p&typeid=i","cat":284595},{"id":45415,"n":"Fromage Emmental Entremont Râpé  - 300g","p":3.34,"u":"11,13 €/KG","img":"https://fd6-photos.leclercdrive.fr/image.ashx?id=2983156&use=l&cat=p&typeid=i","cat":314035},{"id":45454,"n":"Soufflés Tornades 3D Tokapi  Paprika 85g","p":0.73,"u":"8,59 €/KG","img":"https://fd6-photos.leclercdrive.fr/image.ashx?id=2953347&use=l&cat=p&typeid=i","cat":284449},{"id":45455,"n":"Soupe Velouté Bio Village Saveurs du sud Bio - 2x30cl","p":1.69,"u":"2,82 €/L","img":"https://fd6-photos.leclercdrive.fr/image.ashx?id=2363814&use=l&cat=p&typeid=i","cat":284462},{"id":45456,"n":"Chips Bio Village Bio Nature - 6x30g","p":2.99,"u":"16,61 €/KG","img":"https://fd6-photos.leclercdrive.fr/image.ashx?id=2838957&use=l&cat=p&typeid=i","cat":284447},{"id":45457,"n":"Mogette sèche IGP NRT De Vendée - 500g","p":3.09,"u":"6,18 €/KG","img":"https://fd6-photos.leclercdrive.fr/image.ashx?id=2771411&use=l&cat=p&typeid=i","cat":284430},{"id":45478,"n":"Nettoyant lave-vaisselle Visior 3x40g","p":2.9,"u":"24,17 €/KG","img":"https://fd6-photos.leclercdrive.fr/image.ashx?id=2742694&use=l&cat=p&typeid=i","cat":284657},{"id":45479,"n":"Nettoyant Dentamyl Appareils dentaires x36","p":2.0,"img":"https://fd6-photos.leclercdrive.fr/image.ashx?id=2486799&use=l&cat=p&typeid=i","cat":285158},{"id":45480,"n":"Nettoyant menthe Dentamyl Appareils dentaires x36","p":2.19,"img":"https://fd6-photos.leclercdrive.fr/image.ashx?id=2486802&use=l&cat=p&typeid=i","cat":285158},{"id":45483,"n":"Pastilles javel Clair Parfum Menthe x42 - 168g","p":1.44,"u":"8,57 €/KG","img":"https://fd6-photos.leclercdrive.fr/image.ashx?id=2631447&use=l&cat=p&typeid=i","cat":284661},{"id":45498,"n":"Sacs poubelle 30L Elembal Ultra resist - x20","p":3.25,"u":"0,16 €/P","img":"https://fd6-photos.leclercdrive.fr/image.ashx?id=2958729&use=l&cat=p&typeid=i","cat":285168},{"id":45499,"n":"Sacs poubelle 50L Elembal Ultra résist - x15","p":3.9,"u":"0,26 €/P","img":"https://fd6-photos.leclercdrive.fr/image.ashx?id=2958732&use=l&cat=p&typeid=i","cat":285168},{"id":45500,"n":"Sacs poubelle 100L Elembal Ultra résist - x10","p":3.73,"u":"0,37 €/P","img":"https://fd6-photos.leclercdrive.fr/image.ashx?id=2958735&use=l&cat=p&typeid=i","cat":285168},{"id":45536,"n":"Taboulé Bonduelle Poulet - 300g","p":1.87,"u":"6,23 €/KG","img":"https://fd6-photos.leclercdrive.fr/image.ashx?id=2907902&use=l&cat=p&typeid=i","cat":333657},{"id":45540,"n":"Pizza l'Ovale Sodebo Jambon et fromages - 200g","p":1.44,"u":"7,20 €/KG","img":"https://fd6-photos.leclercdrive.fr/image.ashx?id=2407211&use=l&cat=p&typeid=i","cat":333679},{"id":45541,"n":"Pizza l'Ovale Sodebo 3 fromages fondants - 200g","p":1.54,"u":"7,70 €/KG","img":"https://fd6-photos.leclercdrive.fr/image.ashx?id=2723644&use=l&cat=p&typeid=i","cat":333679},{"id":45636,"n":"Bouquet garni Ducros Epices à la provençale - 18g","p":1.45,"u":"80,56 €/KG","img":"https://fd6-photos.leclercdrive.fr/image.ashx?id=1715377&use=l&cat=p&typeid=i","cat":298297},{"id":45642,"n":"Ratatouille Cuisinée Cassegrain à la Provençale 185g","p":1.84,"u":"9,95 €/KG","img":"https://fd6-photos.leclercdrive.fr/image.ashx?id=2913007&use=l&cat=p&typeid=i","cat":312612},{"id":45644,"n":"Recharge SpaWax Expert Veet Figue Sucrée et Lys Violet x6","p":5.63,"u":"37,53 €/KG","img":"https://fd6-photos.leclercdrive.fr/image.ashx?id=2854351&use=l&cat=p&typeid=i","cat":325351},{"id":45671,"n":"Chips Bret's Chèvre/piment d'espelette -125g","p":1.17,"u":"9,36 €/KG","img":"https://fd6-photos.leclercdrive.fr/image.ashx?id=1941593&use=l&cat=p&typeid=i","cat":284447},{"id":45704,"n":"Assortiment charcuterie 180g","p":3.44,"u":"19,11 €/KG","img":"https://fd6-photos.leclercdrive.fr/image.ashx?id=820501&use=l&cat=p&typeid=i","cat":316007},{"id":45708,"n":"Yaourt à boire Mini Yop Aromatisé Fraise - 8x100g","p":2.3,"u":"2,88 €/KG","img":"https://fd6-photos.leclercdrive.fr/image.ashx?id=2985159&use=l&cat=p&typeid=i","cat":284415},{"id":45710,"n":"Fromage Burger cheddar/emmental Président - 20 tranches - 340g","p":2.62,"u":"7,71 €/KG","img":"https://fd6-photos.leclercdrive.fr/image.ashx?id=2628239&use=l&cat=p&typeid=i","cat":314028},{"id":45712,"n":"Emmental râpé fondant Président 500g","p":4.83,"u":"9,66 €/KG","img":"https://fd6-photos.leclercdrive.fr/image.ashx?id=2489464&use=l&cat=p&typeid=i","cat":314035},{"id":45713,"n":"Mimolette Isigny Ste Mère Extra-vieille - 200g","p":3.96,"u":"19,80 €/KG","img":"https://fd6-photos.leclercdrive.fr/image.ashx?id=2939505&use=l&cat=p&typeid=i","cat":314034},{"id":45715,"n":"Mimolette Isigny Ste Mère Demi-vieille - 210g","p":3.33,"u":"15,86 €/KG","img":"https://fd6-photos.leclercdrive.fr/image.ashx?id=1745234&use=l&cat=p&typeid=i","cat":314034},{"id":45741,"n":"Macarons x12 154g","p":6.99,"u":"45,39 €/KG","img":"https://fd6-photos.leclercdrive.fr/image.ashx?id=802529&use=l&cat=p&typeid=i","cat":284360},{"id":45825,"n":"Brosse à dents pro Dentamyl Souple x2","p":0.72,"u":"0,36 €/P","img":"https://fd6-photos.leclercdrive.fr/image.ashx?id=2790979&use=l&cat=p&typeid=i","cat":284614},{"id":45826,"n":"Brosse à dents pro Dentamyl Médium x2","p":0.65,"u":"0,33 €/P","img":"https://fd6-photos.leclercdrive.fr/image.ashx?id=2790982&use=l&cat=p&typeid=i","cat":284614},{"id":45855,"n":"Whisky Clan Campbell Blended Scotch 40% vol - 1,5L","p":29.09,"u":"19,39 €/L","img":"https://fd6-photos.leclercdrive.fr/image.ashx?id=2868362&use=l&cat=p&typeid=i","cat":284547},{"id":45867,"n":"Crème dessert Mont Blanc Coupelles Chocolat - 4x125g","p":3.16,"u":"6,32 €/KG","img":"https://fd6-photos.leclercdrive.fr/image.ashx?id=2961104&use=l&cat=p&typeid=i","cat":284506},{"id":45868,"n":"Crème dessert Mont Blanc Coupelles Vanille - 4x125g","p":3.48,"u":"6,96 €/KG","img":"https://fd6-photos.leclercdrive.fr/image.ashx?id=2967301&use=l&cat=p&typeid=i","cat":284506},{"id":45870,"n":"Vinaigre ménager Clair 100% naturel - 1L","p":1.08,"u":"1,08 €/L","img":"https://fd6-photos.leclercdrive.fr/image.ashx?id=2779199&use=l&cat=p&typeid=i","cat":325365},{"id":45907,"n":"Tarte poires et amandes 6 parts  1 p","p":11.99,"img":"https://fd6-photos.leclercdrive.fr/image.ashx?id=820609&use=l&cat=p&typeid=i","cat":284360},{"id":45908,"n":"Biscuits fourrés Prince Chocolat - 3x300g","p":3.66,"u":"4,07 €/KG","img":"https://fd6-photos.leclercdrive.fr/image.ashx?id=3014641&use=l&cat=p&typeid=i","cat":284488},{"id":45914,"n":"Caramel beurre salé NRT De Guérande -200g","p":3.29,"u":"16,45 €/KG","img":"https://fd6-photos.leclercdrive.fr/image.ashx?id=1907759&use=l&cat=p&typeid=i","cat":284481},{"id":45923,"n":"Pur jus d'orange Bio Village Bio avec pulpe - 1L","p":3.11,"u":"3,11 €/L","img":"https://fd6-photos.leclercdrive.fr/image.ashx?id=2901542&use=l&cat=p&typeid=i","cat":284521},{"id":45965,"n":"Saucisses Knacki Herta Poulet x6 - 210g","p":1.63,"u":"7,76 €/KG","img":"https://fd6-photos.leclercdrive.fr/image.ashx?id=2290428&use=l&cat=p&typeid=i","cat":316012},{"id":46006,"n":"AOP Jurançon vin blanc Moelleux Terrasses d'Autan-75cl","p":6.99,"u":"9,32 €/L","img":"https://fd6-photos.leclercdrive.fr/image.ashx?id=2774859&use=l&cat=p&typeid=i","cat":289557},{"id":46016,"n":"Chocolat Pâtissier Tablette dOr Chocolat Noir - 3x200g","p":5.35,"u":"8,92 €/KG","img":"https://fd6-photos.leclercdrive.fr/image.ashx?id=2958519&use=l&cat=p&typeid=i","cat":285562},{"id":46028,"n":"IGP Pays d'Oc Rosé Grenache Cinsault JP Chenet 12.5% BIB 3L","p":10.42,"u":"3,47 €/L","img":"https://fd6-photos.leclercdrive.fr/image.ashx?id=2941715&use=l&cat=p&typeid=i","cat":289560},{"id":46037,"n":"Biscottes Toast Pelletier  Goût brioché - 150g","p":1.34,"u":"8,93 €/KG","img":"https://fd6-photos.leclercdrive.fr/image.ashx?id=1888023&use=l&cat=p&typeid=i","cat":284479},{"id":46039,"n":"Oeufs plein air Matines Moyen - x12","p":3.44,"u":"0,29 €/P","img":"https://fd6-photos.leclercdrive.fr/image.ashx?id=2795746&use=l&cat=p&typeid=i","cat":284378},{"id":46043,"n":"Barre 2 chocolats Gerlinéa  Repas minceur x10, 310g","p":4.86,"u":"15,68 €/KG","img":"https://fd6-photos.leclercdrive.fr/image.ashx?id=2638181&use=l&cat=p&typeid=i","cat":318652},{"id":46044,"n":"Barre chocolat orange GERLINEA  Repas minceur x10, 310g","p":5.69,"u":"18,35 €/KG","img":"https://fd6-photos.leclercdrive.fr/image.ashx?id=2654752&use=l&cat=p&typeid=i","cat":318652},{"id":46047,"n":"Sirop d'érable  250g","p":3.3,"u":"13,20 €/KG","img":"https://fd6-photos.leclercdrive.fr/image.ashx?id=2480298&use=l&cat=p&typeid=i","cat":287643},{"id":46051,"n":"Menus chat Tous mes amis Viande menus gourmands 24x100g","p":6.95,"u":"2,90 €/KG","img":"https://fd6-photos.leclercdrive.fr/image.ashx?id=2027607&use=l&cat=p&typeid=i","cat":285286},{"id":46052,"n":"Gelée pour chat Tous mes amis Poisson menus gourmands 24x100g","p":6.95,"u":"2,90 €/KG","img":"https://fd6-photos.leclercdrive.fr/image.ashx?id=2027604&use=l&cat=p&typeid=i","cat":285286},{"id":46160,"n":"Bière blanche Hoegaarden 4,9% - 12x25cl","p":7.93,"u":"2,64 €/L","img":"https://fd6-photos.leclercdrive.fr/image.ashx?id=2948420&use=l&cat=p&typeid=i","cat":334878},{"id":46166,"n":"Crackers bio Bio Village 3 graines - 200g","p":2.69,"u":"13,45 €/KG","img":"https://fd6-photos.leclercdrive.fr/image.ashx?id=2310504&use=l&cat=p&typeid=i","cat":297000},{"id":46224,"n":"Friandises chien Pedigree Récompense bœuf fromage - 140g","p":1.46,"u":"10,43 €/KG","img":"https://fd6-photos.leclercdrive.fr/image.ashx?id=2256203&use=l&cat=p&typeid=i","cat":294527},{"id":46320,"n":"Copeaux de bois Beaux Jours 50L","p":7.49,"u":"0,15 €/L","img":"https://fd6-photos.leclercdrive.fr/image.ashx?id=2162357&use=l&cat=p&typeid=i","cat":335919},{"id":46381,"n":"Fromage Emmenta Les Croisés En dés - 150g","p":1.89,"u":"12,60 €/KG","img":"https://fd6-photos.leclercdrive.fr/image.ashx?id=2422550&use=l&cat=p&typeid=i","cat":314027},{"id":46400,"n":"Kit arrosage avec pistolet Beaux Jours","p":11.95,"img":"https://fd6-photos.leclercdrive.fr/image.ashx?id=826046&use=l&cat=p&typeid=i","cat":335920},{"id":46462,"n":"Mini coudes Turini 500g","p":0.99,"u":"1,98 €/KG","img":"https://fd6-photos.leclercdrive.fr/image.ashx?id=2607566&use=l&cat=p&typeid=i","cat":284427},{"id":46472,"n":"Pandoro Tradizioni D'italia 500g","p":5.99,"u":"11,98 €/KG","img":"https://fd6-photos.leclercdrive.fr/image.ashx?id=2743924&use=l&cat=p&typeid=i","cat":293600},{"id":46473,"n":"Rhum blanc Trois Rivières 40% vol - 70cl","p":12.16,"u":"17,37 €/L","img":"https://fd6-photos.leclercdrive.fr/image.ashx?id=2766334&use=l&cat=p&typeid=i","cat":284550},{"id":46525,"n":"Brosse à dents pro Dentamyl Souple x1","p":1.32,"img":"https://fd6-photos.leclercdrive.fr/image.ashx?id=2790985&use=l&cat=p&typeid=i","cat":284614},{"id":46528,"n":"Fil dentaire  menthe Dentamyl Ultra résistant  archet  - x50","p":2.05,"img":"https://fd6-photos.leclercdrive.fr/image.ashx?id=2440721&use=l&cat=p&typeid=i","cat":285159},{"id":46533,"n":"Plat à pizza Homeside Avec trous, alluminium - 30cm","p":4.5,"img":"https://fd6-photos.leclercdrive.fr/image.ashx?id=2856642&use=l&cat=p&typeid=i","cat":298490},{"id":46534,"n":"Shaker Ardence 1 pièce","p":4.24,"img":"https://fd6-photos.leclercdrive.fr/image.ashx?id=1467666&use=l&cat=p&typeid=i","cat":334135},{"id":46536,"n":"Range couverts Ardence Modulable, 5 cases - x1","p":4.5,"img":"https://fd6-photos.leclercdrive.fr/image.ashx?id=1468594&use=l&cat=p&typeid=i","cat":334135},{"id":46540,"n":"Croquette chat stérilisé Ultima Poulet - Sénior +10 ans - 1.5kg","p":6.96,"u":"4,64 €/KG","img":"https://fd6-photos.leclercdrive.fr/image.ashx?id=2922227&use=l&cat=p&typeid=i","cat":284680},{"id":46541,"n":"Croquette chat stérilisé Ultima Chat d'intérieur - Dinde -1.5kg","p":6.88,"u":"4,59 €/KG","img":"https://fd6-photos.leclercdrive.fr/image.ashx?id=2927009&use=l&cat=p&typeid=i","cat":284680},{"id":46547,"n":"Croquette chat stérilisé Ultima  Truite - Sensible - 1.5kg","p":6.95,"u":"4,63 €/KG","img":"https://fd6-photos.leclercdrive.fr/image.ashx?id=2937436&use=l&cat=p&typeid=i","cat":284680},{"id":46654,"n":"Bière blonde La Chouffe 33cl","p":2.36,"u":"7,15 €/L","img":"https://fd6-photos.leclercdrive.fr/image.ashx?id=2877073&use=l&cat=p&typeid=i","cat":334872},{"id":46667,"n":"Monster Munch Salé - 135g","p":1.35,"u":"10,00 €/KG","img":"https://fd6-photos.leclercdrive.fr/image.ashx?id=2996935&use=l&cat=p&typeid=i","cat":284449},{"id":46703,"n":"Spray désodorisant Airwick  Pure Douceur de Coton - 250ml","p":2.86,"u":"11,44 €/L","img":"https://fd6-photos.leclercdrive.fr/image.ashx?id=2858600&use=l&cat=p&typeid=i","cat":311626},{"id":46811,"n":"Huile moteur TECH9 5L","p":16.49,"u":"3,30 €/L","img":"https://fd6-photos.leclercdrive.fr/image.ashx?id=1543673&use=l&cat=p&typeid=i","cat":298253},{"id":46813,"n":"Griffe à fleurs Beaux Jours x1- 3 dents","p":4.19,"img":"https://fd6-photos.leclercdrive.fr/image.ashx?id=830539&use=l&cat=p&typeid=i","cat":335920},{"id":46848,"n":"Emmental Président Sel réduit 30% - 200g","p":3.04,"u":"15,20 €/KG","img":"https://fd6-photos.leclercdrive.fr/image.ashx?id=2833363&use=l&cat=p&typeid=i","cat":314034},{"id":46875,"n":"Crème dessert Mont Blanc Coupelles Caramel - 4x125g","p":3.28,"u":"6,56 €/KG","img":"https://fd6-photos.leclercdrive.fr/image.ashx?id=3011002&use=l&cat=p&typeid=i","cat":284506},{"id":46950,"n":"Physalis  Barquette 100g","p":2.65,"u":"26,50 €/KG","img":"https://fd6-photos.leclercdrive.fr/image.ashx?id=823735&use=l&cat=p&typeid=i","cat":284356},{"id":46979,"n":"Biscotte bretonne heudebert Au sel de  guérande - 290g","p":2.33,"u":"8,03 €/KG","img":"https://fd6-photos.leclercdrive.fr/image.ashx?id=3002243&use=l&cat=p&typeid=i","cat":284479},{"id":46981,"n":"Petit cake Bonne Maman Aux fruits - 300g","p":3.3,"u":"11,00 €/KG","img":"https://fd6-photos.leclercdrive.fr/image.ashx?id=2936173&use=l&cat=p&typeid=i","cat":284493},{"id":46982,"n":"Cookies gros éclats Granola Chocolat - 276g","p":2.41,"u":"8,73 €/KG","img":"https://fd6-photos.leclercdrive.fr/image.ashx?id=3005335&use=l&cat=p&typeid=i","cat":325066},{"id":46984,"n":"Café et Chicorée Soluble Ricoré  Original Recharge - 180g","p":3.79,"u":"21,06 €/KG","img":"https://fd6-photos.leclercdrive.fr/image.ashx?id=2980112&use=l&cat=p&typeid=i","cat":284843},{"id":47083,"n":"Croq Extra Fromage Le Gaulois x2 - 200g","p":2.57,"u":"12,85 €/KG","img":"https://fd6-photos.leclercdrive.fr/image.ashx?id=2342845&use=l&cat=p&typeid=i","cat":333683},{"id":47125,"n":"Cidre bouché rosé Envie de rose 2.5%vol. - 75cl","p":2.7,"u":"3,60 €/L","img":"https://fd6-photos.leclercdrive.fr/image.ashx?id=2908984&use=l&cat=p&typeid=i","cat":334880},{"id":47126,"n":"Cidre bouché Envie de brut 4.5%vol. - 75cl","p":2.64,"u":"3,52 €/L","img":"https://fd6-photos.leclercdrive.fr/image.ashx?id=2908981&use=l&cat=p&typeid=i","cat":334880},{"id":47127,"n":"Bière Red Desperados 5.9%vol. - 6x33cl","p":8.8,"u":"4,44 €/L","img":"https://fd6-photos.leclercdrive.fr/image.ashx?id=2766229&use=l&cat=p&typeid=i","cat":334878},{"id":47128,"n":"Vin Union Européenne rouge Le Tonnelier - BIB 5L","p":8.95,"u":"1,79 €/L","img":"https://fd6-photos.leclercdrive.fr/image.ashx?id=2107468&use=l&cat=p&typeid=i","cat":289560},{"id":47129,"n":"Vin Union Européenne rouge Cabernet Sauvignon - BIB 5L","p":12.88,"u":"2,58 €/L","img":"https://fd6-photos.leclercdrive.fr/image.ashx?id=2476491&use=l&cat=p&typeid=i","cat":289560},{"id":47130,"n":"Vin Union européenne blanc Le Tonnelier - BIB 5L","p":8.95,"img":"https://fd6-photos.leclercdrive.fr/image.ashx?id=2107471&use=l&cat=p&typeid=i","cat":289557},{"id":47132,"n":"IGP Pays d'Oc blanc Les Ormes De Cambras Sauvignon 12% BIB 5L","p":15.5,"u":"3,10 €/L","img":"https://fd6-photos.leclercdrive.fr/image.ashx?id=2192389&use=l&cat=p&typeid=i","cat":289557},{"id":47133,"n":"Boisson sans alcool D'Artigny Framboise  - 75cl","p":3.61,"u":"4,81 €/L","img":"https://fd6-photos.leclercdrive.fr/image.ashx?id=2854396&use=l&cat=p&typeid=i","cat":289460},{"id":47169,"n":"Sacs poubelle 10L Elembal Salle de bain - x20","p":0.8,"u":"0,04 €/P","img":"https://fd6-photos.leclercdrive.fr/image.ashx?id=1732829&use=l&cat=p&typeid=i","cat":285168},{"id":47171,"n":"Papier toilette Eco+ x4","p":1.3,"u":"0,33 €/P","img":"https://fd6-photos.leclercdrive.fr/image.ashx?id=2783337&use=l&cat=p&typeid=i","cat":284634},{"id":47176,"n":"Déodorant Spray Femme Nivea Black&White Original - 200ml","p":2.65,"u":"13,25 €/L","img":"https://fd6-photos.leclercdrive.fr/image.ashx?id=2980031&use=l&cat=p&typeid=i","cat":284595},{"id":47180,"n":"Gel douche enfant Tahiti Fruits exotiques - 300ml","p":1.92,"u":"6,40 €/L","img":"https://fd6-photos.leclercdrive.fr/image.ashx?id=2687332&use=l&cat=p&typeid=i","cat":284594},{"id":47181,"n":"Essuie-tout compact 3=9 Eco+ x3","p":2.27,"u":"0,76 €/P","img":"https://fd6-photos.leclercdrive.fr/image.ashx?id=2726688&use=l&cat=p&typeid=i","cat":284635},{"id":47254,"n":"Pâtes Coudes Rayés Turini 1kg","p":1.75,"u":"1,75 €/KG","img":"https://fd6-photos.leclercdrive.fr/image.ashx?id=2980812&use=l&cat=p&typeid=i","cat":284427},{"id":47255,"n":"Pâtes linguine Turini  500g","p":0.91,"u":"1,82 €/KG","img":"https://fd6-photos.leclercdrive.fr/image.ashx?id=2607554&use=l&cat=p&typeid=i","cat":284427},{"id":47256,"n":"Pâtes Farfalles Turini  1kg","p":1.2,"u":"1,20 €/KG","img":"https://fd6-photos.leclercdrive.fr/image.ashx?id=2665574&use=l&cat=p&typeid=i","cat":284427},{"id":47257,"n":"Pâtes Spaghettoni Turini  500g","p":0.84,"u":"1,68 €/KG","img":"https://fd6-photos.leclercdrive.fr/image.ashx?id=2607557&use=l&cat=p&typeid=i","cat":284427},{"id":47258,"n":"Pâtes coquillettes Turini Blé complet  - 500g","p":1.09,"u":"2,18 €/KG","img":"https://fd6-photos.leclercdrive.fr/image.ashx?id=2607563&use=l&cat=p&typeid=i","cat":284427},{"id":47259,"n":"Pistaches Tokapi  Grillées à sec - 75g","p":1.65,"u":"22,00 €/KG","img":"https://fd6-photos.leclercdrive.fr/image.ashx?id=2795571&use=l&cat=p&typeid=i","cat":284448},{"id":47263,"n":"Brossettes Dentamyl Interdentaires - x5","p":2.49,"u":"0,50 €/P","img":"https://fd6-photos.leclercdrive.fr/image.ashx?id=2672879&use=l&cat=p&typeid=i","cat":285159},{"id":47359,"n":"Sandwich Mega Club Sodebo  Pain Complet Poulet Mayo - 230g","p":1.83,"u":"7,96 €/KG","img":"https://fd6-photos.leclercdrive.fr/image.ashx?id=2960156&use=l&cat=p&typeid=i","cat":333658},{"id":47360,"n":"Fromage à tartiner Madame Loïk Fouetté Ail Fines Herbes - 150g","p":1.78,"u":"11,87 €/KG","img":"https://fd6-photos.leclercdrive.fr/image.ashx?id=2948021&use=l&cat=p&typeid=i","cat":314029},{"id":47381,"n":"Vin Union européenne blanc Lichette 11° - 75 cl","p":2.5,"u":"3,33 €/L","img":"https://fd6-photos.leclercdrive.fr/image.ashx?id=2943855&use=l&cat=p&typeid=i","cat":289557},{"id":47382,"n":"Vin Union Européenne rouge Cramoisay - BIB 5L","p":13.75,"u":"2,75 €/L","img":"https://fd6-photos.leclercdrive.fr/image.ashx?id=2943861&use=l&cat=p&typeid=i","cat":289560},{"id":47389,"n":"AOP Bordeaux rouge Bio Nos racines - 75cl","p":5.95,"u":"7,93 €/L","img":"https://fd6-photos.leclercdrive.fr/image.ashx?id=2544452&use=l&cat=p&typeid=i","cat":289556},{"id":47404,"n":"Eau gazeuse aromatisée Badoit citron sans sucres - 6x50cl","p":3.38,"u":"1,13 €/L","img":"https://fd6-photos.leclercdrive.fr/image.ashx?id=2730643&use=l&cat=p&typeid=i","cat":284536},{"id":47409,"n":"Steack Haché Pur boeuf  Charolais Label 4x100G","p":6.87,"u":"17,18 €/KG","img":"https://fd6-photos.leclercdrive.fr/image.ashx?id=2352810&use=l&cat=p&typeid=i","cat":319778},{"id":47438,"n":"Chewing-gum Freedent White  Bubble menthe 5x10  - 70g","p":2.28,"u":"32,57 €/KG","img":"https://fd6-photos.leclercdrive.fr/image.ashx?id=1934997&use=l&cat=p&typeid=i","cat":304251},{"id":47474,"n":"Thon entier Le Savoureux À l'huile d'olive - 2x160g","p":6.27,"u":"19,59 €/KG","img":"https://fd6-photos.leclercdrive.fr/image.ashx?id=2170520&use=l&cat=p&typeid=i","cat":303867},{"id":47511,"n":"Bière blonde La Goudale A l'ancienne - 7.2%vol. 12x25cl","p":7.0,"u":"2,33 €/MT","img":"https://fd6-photos.leclercdrive.fr/image.ashx?id=2599206&use=l&cat=p&typeid=i","cat":334852},{"id":47512,"n":"Whisky Jack Daniel's Old N°7 1,5L","p":43.48,"u":"28,99 €/L","img":"https://fd6-photos.leclercdrive.fr/image.ashx?id=2986840&use=l&cat=p&typeid=i","cat":284547},{"id":47528,"n":"Vin mousseux J.P Chenet Blanc 11%vol - 75cl","p":5.19,"u":"6,92 €/L","img":"https://fd6-photos.leclercdrive.fr/image.ashx?id=2794469&use=l&cat=p&typeid=i","cat":284544},{"id":47529,"n":"Vin mousseux de France Rosé J.P Chenet 11%vol - 75cl","p":5.33,"u":"7,11 €/L","img":"https://fd6-photos.leclercdrive.fr/image.ashx?id=2794472&use=l&cat=p&typeid=i","cat":284544},{"id":47542,"n":"Starmint Haribo Sachet bonbons menthe - 200g","p":1.36,"u":"6,80 €/KG","img":"https://fd6-photos.leclercdrive.fr/image.ashx?id=2984889&use=l&cat=p&typeid=i","cat":304252},{"id":47543,"n":"Sucettes Chupa Chups Au fruits, sachet - 192g","p":2.22,"u":"11,56 €/KG","img":"https://fd6-photos.leclercdrive.fr/image.ashx?id=2647651&use=l&cat=p&typeid=i","cat":304252},{"id":47563,"n":"Macédoine de Légumes Bonduelle 265g","p":0.94,"u":"3,55 €/KG","img":"https://fd6-photos.leclercdrive.fr/image.ashx?id=2910007&use=l&cat=p&typeid=i","cat":312612},{"id":47567,"n":"Rhum blanc Clément  Martinique, agricole - 70cl","p":11.9,"pp":10.71,"u":"15,30 €/L","img":"https://fd6-photos.leclercdrive.fr/image.ashx?id=1973141&use=l&cat=p&typeid=i","cat":284550},{"id":47592,"n":"Crêpe fourrée Whaou Cracky choco x8 - 256g","p":2.33,"u":"9,10 €/KG","img":"https://fd6-photos.leclercdrive.fr/image.ashx?id=2971029&use=l&cat=p&typeid=i","cat":284494},{"id":47593,"n":"Yaourts Mamie Nova Chocolat - 2x150g","p":1.29,"u":"4,30 €/KG","img":"https://fd6-photos.leclercdrive.fr/image.ashx?id=2909029&use=l&cat=p&typeid=i","cat":285041},{"id":47594,"n":"Yaourts Mamie Nova  Café - 2x150g","p":1.28,"u":"4,27 €/KG","img":"https://fd6-photos.leclercdrive.fr/image.ashx?id=2909035&use=l&cat=p&typeid=i","cat":285041},{"id":47646,"n":"Pâtes Macaroni Panzani  3 Minutes - 500G","p":1.24,"u":"2,48 €/KG","img":"https://fd6-photos.leclercdrive.fr/image.ashx?id=2896081&use=l&cat=p&typeid=i","cat":284427},{"id":47648,"n":"Filets de maquereaux Saupiquet Vin blanc et aromates - 176g","p":2.03,"u":"11,53 €/KG","img":"https://fd6-photos.leclercdrive.fr/image.ashx?id=2829967&use=l&cat=p&typeid=i","cat":303868},{"id":47657,"n":"Bâtonnets Dentastix Pedigree Grand chien x56 - 2160g","p":13.84,"u":"6,41 €/KG","img":"https://fd6-photos.leclercdrive.fr/image.ashx?id=2980064&use=l&cat=p&typeid=i","cat":294527},{"id":47658,"n":"Bâtonnets  Dentastix Pedigree Petit chien x56 - 880g","p":10.64,"u":"12,09 €/KG","img":"https://fd6-photos.leclercdrive.fr/image.ashx?id=2937787&use=l&cat=p&typeid=i","cat":294527},{"id":47667,"n":"Pâtes Penne Rigate Panzani 3 Minutes - 500G","p":1.2,"u":"2,40 €/KG","img":"https://fd6-photos.leclercdrive.fr/image.ashx?id=2896087&use=l&cat=p&typeid=i","cat":284427},{"id":47675,"n":"Sardines Connétable Piment - 140g","p":1.65,"u":"11,79 €/KG","img":"https://fd6-photos.leclercdrive.fr/image.ashx?id=2807573&use=l&cat=p&typeid=i","cat":305146},{"id":47681,"n":"Sauce pizza Turini aux tomates et origan - 390g","p":0.99,"u":"2,54 €/KG","img":"https://fd6-photos.leclercdrive.fr/image.ashx?id=2412025&use=l&cat=p&typeid=i","cat":288384},{"id":47685,"n":"Moutarde American Style Heinz Classique - 240g","p":2.28,"u":"9,50 €/KG","img":"https://fd6-photos.leclercdrive.fr/image.ashx?id=2928354&use=l&cat=p&typeid=i","cat":288850},{"id":47686,"n":"Fromage Spécialité Babybel Maxi - 200g","p":2.17,"u":"10,85 €/KG","img":"https://fd6-photos.leclercdrive.fr/image.ashx?id=2806913&use=l&cat=p&typeid=i","cat":314030},{"id":47693,"n":"AOP Saint-Émilion vin rouge Chantet Blanet - 75cl","p":8.95,"u":"11,93 €/L","img":"https://fd6-photos.leclercdrive.fr/image.ashx?id=2848493&use=l&cat=p&typeid=i","cat":289556},{"id":47694,"n":"AOC Sauternes vin blanc Chantet Blanet - 75cl","p":12.99,"u":"17,32 €/L","img":"https://fd6-photos.leclercdrive.fr/image.ashx?id=2748055&use=l&cat=p&typeid=i","cat":289557},{"id":47698,"n":"AOC Madiran vin rouge  Terrasses d'Autan - 75cl","p":4.49,"u":"5,99 €/L","img":"https://fd6-photos.leclercdrive.fr/image.ashx?id=2800270&use=l&cat=p&typeid=i","cat":289556},{"id":47702,"n":"Sirop La Maison Guiot Violette - 70cl","p":2.2,"u":"3,14 €/L","img":"https://fd6-photos.leclercdrive.fr/image.ashx?id=2014832&use=l&cat=p&typeid=i","cat":295020},{"id":47718,"n":"Boisson gourmande PAGO Cocktail Tropical Vitaminé - 75cl","p":1.86,"u":"2,48 €/L","img":"https://fd6-photos.leclercdrive.fr/image.ashx?id=2861854&use=l&cat=p&typeid=i","cat":284917},{"id":47722,"n":"Compotes Pom'Potes Gourdes  Pomme Nature - 12x90g","p":4.7,"u":"4,35 €/KG","img":"https://fd6-photos.leclercdrive.fr/image.ashx?id=2968082&use=l&cat=p&typeid=i","cat":284508},{"id":47724,"n":"Compotes Pom'Potes Gourdes  Sans sucres- 20x90g","p":7.73,"u":"4,29 €/KG","img":"https://fd6-photos.leclercdrive.fr/image.ashx?id=2883408&use=l&cat=p&typeid=i","cat":284508},{"id":47725,"n":"Bière blonde Lime Desperados 3%vol. - 3x33cl","p":5.09,"u":"5,14 €/L","img":"https://fd6-photos.leclercdrive.fr/image.ashx?id=2655868&use=l&cat=p&typeid=i","cat":334878},{"id":47726,"n":"Bière Red Desperados 5.9%vol. - 3x33cl","p":5.12,"u":"5,17 €/L","img":"https://fd6-photos.leclercdrive.fr/image.ashx?id=2918640&use=l&cat=p&typeid=i","cat":334878},{"id":47772,"n":"Chips Lay's Saveur cheeseburger - 120g","p":1.85,"u":"15,42 €/KG","img":"https://fd6-photos.leclercdrive.fr/image.ashx?id=3011134&use=l&cat=p&typeid=i","cat":284447},{"id":47790,"n":"Crottin poitevin NRT Fromage de chèvre - 2x60g","p":3.1,"u":"25,83 €/KG","img":"https://fd6-photos.leclercdrive.fr/image.ashx?id=2932432&use=l&cat=p&typeid=i","cat":314031},{"id":47793,"n":"Cancoillotte aux noix NRT IGP 250g","p":2.09,"u":"8,36 €/KG","img":"https://fd6-photos.leclercdrive.fr/image.ashx?id=2663857&use=l&cat=p&typeid=i","cat":314037},{"id":47795,"n":"Papier toilette humide Lotus Aloe Douceur - x42 feuilles","p":1.78,"u":"0,04 €/P","img":"https://fd6-photos.leclercdrive.fr/image.ashx?id=2864840&use=l&cat=p&typeid=i","cat":284634},{"id":47796,"n":"Papier toilette humide Lotus Pure - x42 feuilles","p":1.65,"u":"0,04 €/P","img":"https://fd6-photos.leclercdrive.fr/image.ashx?id=2866070&use=l&cat=p&typeid=i","cat":284634},{"id":47797,"n":"Papier toilette Lotus Confort Blanc - Aquatube - x12","p":4.01,"u":"0,33 €/P","img":"https://fd6-photos.leclercdrive.fr/image.ashx?id=3002213&use=l&cat=p&typeid=i","cat":284634},{"id":47807,"n":"Boisson Sunny Delight Multivitamines - 1,25L","p":2.42,"u":"1,94 €/L","img":"https://fd6-photos.leclercdrive.fr/image.ashx?id=2309948&use=l&cat=p&typeid=i","cat":285435},{"id":47842,"n":"Crème glacée L'Angélys Rhum Raisins - 500g","p":5.27,"u":"10,54 €/KG","img":"https://fd6-photos.leclercdrive.fr/image.ashx?id=2963577&use=l&cat=p&typeid=i","cat":284263},{"id":47843,"n":"Cordon bleu poulet Maître Coq 1kg","p":6.31,"u":"6,31 €/KG","img":"https://fd6-photos.leclercdrive.fr/image.ashx?id=2939475&use=l&cat=p&typeid=i","cat":319780},{"id":47872,"n":"IGP Atlantique blanc Honoré de Berticot - 75cl","p":3.45,"u":"4,60 €/L","img":"https://fd6-photos.leclercdrive.fr/image.ashx?id=1882265&use=l&cat=p&typeid=i","cat":289557},{"id":47933,"n":"Moules Fumeries Occitanes Marinières - 600g","p":5.35,"u":"8,92 €/KG","img":"https://fd6-photos.leclercdrive.fr/image.ashx?id=2944816&use=l&cat=p&typeid=i","cat":285340},{"id":47965,"n":"AOP Côtes du Vivarais vin rosé 75cl","p":3.32,"u":"4,43 €/L","img":"https://fd6-photos.leclercdrive.fr/image.ashx?id=2020848&use=l&cat=p&typeid=i","cat":289558},{"id":47983,"n":"AOP Crémant Alsace Arthur Metz Blanc Demi-sec millésimé - 75cl","p":5.97,"u":"7,96 €/L","img":"https://fd6-photos.leclercdrive.fr/image.ashx?id=2432100&use=l&cat=p&typeid=i","cat":284544},{"id":48007,"n":"Vin mousseux de France Kriter blanc Demi-sec - 75cl","p":4.85,"u":"6,47 €/L","img":"https://fd6-photos.leclercdrive.fr/image.ashx?id=2840871&use=l&cat=p&typeid=i","cat":284544},{"id":48029,"n":"Sirop Moulin de Valdonne Pêche blanche - 70cl","p":3.13,"u":"4,47 €/L","img":"https://fd6-photos.leclercdrive.fr/image.ashx?id=2842678&use=l&cat=p&typeid=i","cat":295020},{"id":48030,"n":"Bâtonnets surimi Fleury Michon  Fromage et herbes MSC x16 -256g","p":3.41,"u":"13,32 €/KG","img":"https://fd6-photos.leclercdrive.fr/image.ashx?id=2936944&use=l&cat=p&typeid=i","cat":285189},{"id":48048,"n":"Flan bio les 2 vaches Vanille caramel - 4x100g","p":1.98,"u":"4,95 €/KG","img":"https://fd6-photos.leclercdrive.fr/image.ashx?id=2735446&use=l&cat=p&typeid=i","cat":284420},{"id":48055,"n":"Hachis parmentier Marie  1kg","p":5.64,"u":"5,64 €/KG","img":"https://fd6-photos.leclercdrive.fr/image.ashx?id=2993385&use=l&cat=p&typeid=i","cat":284254},{"id":48079,"n":"Vinaigre de Cidre MAILLE au jus de pomme concentré 50cl","p":2.15,"u":"4,30 €/L","img":"https://fd6-photos.leclercdrive.fr/image.ashx?id=2945421&use=l&cat=p&typeid=i","cat":298543},{"id":48083,"n":"Miel liquide Lune de Miel Doux et frais - 340g","p":4.24,"u":"12,47 €/KG","img":"https://fd6-photos.leclercdrive.fr/image.ashx?id=2019198&use=l&cat=p&typeid=i","cat":287643},{"id":48086,"n":"Miel liquide Lune de miel Fruité et fleuri - 340g","p":5.07,"u":"14,91 €/KG","img":"https://fd6-photos.leclercdrive.fr/image.ashx?id=3004831&use=l&cat=p&typeid=i","cat":287643},{"id":48107,"n":"Thon mariné Petit Navire Citron/thym - 110g","p":2.16,"u":"19,64 €/KG","img":"https://fd6-photos.leclercdrive.fr/image.ashx?id=2986122&use=l&cat=p&typeid=i","cat":303867},{"id":48112,"n":"Poivre noir moulu Ducros Fort, N°9 - 35g","p":3.33,"u":"95,14 €/KG","img":"https://fd6-photos.leclercdrive.fr/image.ashx?id=2486593&use=l&cat=p&typeid=i","cat":284457},{"id":48117,"n":"Sailor Jerry Boisson à base de Rhum - 40% - 70cl","p":18.51,"u":"26,44 €/L","img":"https://fd6-photos.leclercdrive.fr/image.ashx?id=2506645&use=l&cat=p&typeid=i","cat":284551},{"id":48123,"n":"IGP Pâte Radiatori Garofalo Festives - 500g","p":2.38,"u":"4,76 €/KG","img":"https://fd6-photos.leclercdrive.fr/image.ashx?id=2994560&use=l&cat=p&typeid=i","cat":284427},{"id":48164,"n":"Barres céréales Extra Kellogg's Chocolat et Amande - 4x32g","p":2.78,"u":"21,72 €/KG","img":"https://fd6-photos.leclercdrive.fr/image.ashx?id=2736601&use=l&cat=p&typeid=i","cat":285869},{"id":48167,"n":"Dosettes café Plantation  Doux - x36 - 250g","p":3.83,"u":"15,32 €/KG","img":"https://fd6-photos.leclercdrive.fr/image.ashx?id=2622121&use=l&cat=p&typeid=i","cat":293238},{"id":48179,"n":"Tendre de boeuf Charal  240g","p":6.44,"u":"26,83 €/KG","img":"https://fd6-photos.leclercdrive.fr/image.ashx?id=2915958&use=l&cat=p&typeid=i","cat":284328},{"id":48200,"n":"Rillettes de poulet rôti Bordeau Chesnel - 220g","p":2.35,"u":"10,68 €/KG","img":"https://fd6-photos.leclercdrive.fr/image.ashx?id=2855046&use=l&cat=p&typeid=i","cat":316008},{"id":48203,"n":"Olives vertes Croc'frais A l'orientale Dénoyautées 200g","p":2.98,"u":"14,90 €/KG","img":"https://fd6-photos.leclercdrive.fr/image.ashx?id=2833702&use=l&cat=p&typeid=i","cat":316002},{"id":48211,"n":"Mélange de saison Florette 320g","p":2.63,"u":"8,22 €/KG","img":"https://fd6-photos.leclercdrive.fr/image.ashx?id=2844055&use=l&cat=p&typeid=i","cat":284353},{"id":48226,"n":"Petit Pois, Carotte Cassegrain Tendres et Fondants 130g","p":1.24,"u":"9,54 €/KG","img":"https://fd6-photos.leclercdrive.fr/image.ashx?id=2912977&use=l&cat=p&typeid=i","cat":312607},{"id":48254,"n":"Filets de maquereaux Saupiquet Natures - Grillés - 120g","p":2.15,"u":"17,92 €/KG","img":"https://fd6-photos.leclercdrive.fr/image.ashx?id=2873868&use=l&cat=p&typeid=i","cat":303868},{"id":48255,"n":"Recharge EasyWax Expert Veet Bras Jambes Peaux Normales 50ml","p":7.25,"u":"145,00 €/L","img":"https://fd6-photos.leclercdrive.fr/image.ashx?id=2970789&use=l&cat=p&typeid=i","cat":325351},{"id":48258,"n":"Croquettes chat Ultima Stérilisé - Saumon - 3kg","p":11.32,"u":"3,77 €/KG","img":"https://fd6-photos.leclercdrive.fr/image.ashx?id=2922221&use=l&cat=p&typeid=i","cat":284680},{"id":48267,"n":"Rhum ambré Saint James 45%vol - 70cl","p":14.24,"u":"20,34 €/L","img":"https://fd6-photos.leclercdrive.fr/image.ashx?id=2970945&use=l&cat=p&typeid=i","cat":284550},{"id":48268,"n":"Gin Gordon's 37.5%vol - 70cl","p":14.3,"u":"20,43 €/L","img":"https://fd6-photos.leclercdrive.fr/image.ashx?id=2736388&use=l&cat=p&typeid=i","cat":284550},{"id":48272,"n":"Liqueur de menthe Get 31 24° - 70cl","p":13.98,"u":"19,97 €/L","img":"https://fd6-photos.leclercdrive.fr/image.ashx?id=2840497&use=l&cat=p&typeid=i","cat":286032},{"id":48299,"n":"Burger Le Charolais Daunat Boeuf emmental - 180g","p":2.9,"u":"16,11 €/KG","img":"https://fd6-photos.leclercdrive.fr/image.ashx?id=2967175&use=l&cat=p&typeid=i","cat":333671},{"id":48306,"n":"IGP Pays d'Oc rosé Grenache Les Ormes de Cambras 11.5% 75cl","p":3.15,"u":"4,20 €/L","img":"https://fd6-photos.leclercdrive.fr/image.ashx?id=2285234&use=l&cat=p&typeid=i","cat":289558},{"id":48307,"n":"IGP Pays d'Oc rosé Grenache Les Ormes de Cambras - BIB 5L","p":16.61,"u":"3,32 €/L","img":"https://fd6-photos.leclercdrive.fr/image.ashx?id=2489458&use=l&cat=p&typeid=i","cat":289560},{"id":48309,"n":"Bière aromatisée Skøll Vodka et agrumes - 3x33cl","p":4.29,"u":"4,33 €/L","img":"https://fd6-photos.leclercdrive.fr/image.ashx?id=2803556&use=l&cat=p&typeid=i","cat":334878},{"id":48310,"n":"Concentré à diluer Pulco Citron vert - 70cl","p":2.55,"u":"3,64 €/L","img":"https://fd6-photos.leclercdrive.fr/image.ashx?id=2686630&use=l&cat=p&typeid=i","cat":295020},{"id":48311,"n":"Concentré à diluer Pulco Orange Citron - 70cl","p":2.64,"u":"3,77 €/L","img":"https://fd6-photos.leclercdrive.fr/image.ashx?id=2686633&use=l&cat=p&typeid=i","cat":295020},{"id":48312,"n":"Eau minérale gazeuse Perrier  Fines bulles - 6x50cl","p":3.59,"u":"1,20 €/L","img":"https://fd6-photos.leclercdrive.fr/image.ashx?id=2737021&use=l&cat=p&typeid=i","cat":284536},{"id":48314,"n":"Spécialité laitière Délisse Oncteux Stracciatella - 4x120g","p":1.76,"u":"3,67 €/KG","img":"https://fd6-photos.leclercdrive.fr/image.ashx?id=2554834&use=l&cat=p&typeid=i","cat":314999},{"id":48348,"n":"Chocolat au lait Lindt Création Caramel - 150g","p":3.08,"u":"20,53 €/KG","img":"https://fd6-photos.leclercdrive.fr/image.ashx?id=2685814&use=l&cat=p&typeid=i","cat":284497},{"id":48354,"n":"Tablette de chocolat noir Lindt 85% cacao - 100g","p":2.24,"u":"22,40 €/KG","img":"https://fd6-photos.leclercdrive.fr/image.ashx?id=2681589&use=l&cat=p&typeid=i","cat":284956},{"id":48373,"n":"Démélant Petit Manava Pour enfants, spray - 200ml","p":2.05,"u":"10,25 €/L","img":"https://fd6-photos.leclercdrive.fr/image.ashx?id=2713655&use=l&cat=p&typeid=i","cat":284608},{"id":48378,"n":"Café moulu Jacques Vabre Brésil 100% Arabica - 250g","p":4.47,"u":"17,88 €/KG","img":"https://fd6-photos.leclercdrive.fr/image.ashx?id=2100380&use=l&cat=p&typeid=i","cat":284750},{"id":48383,"n":"Gel Lubrifiant Massage 2 en 1 Durex Sensuel Ylang Ylang 200ml","p":7.12,"u":"35,60 €/L","img":"https://fd6-photos.leclercdrive.fr/image.ashx?id=2736562&use=l&cat=p&typeid=i","cat":285160},{"id":48392,"n":"Boules en cire naturelle Quies x12 paires","p":4.28,"u":"0,36 €/P","img":"https://fd6-photos.leclercdrive.fr/image.ashx?id=2159502&use=l&cat=p&typeid=i","cat":284630},{"id":48421,"n":"AOP Alsace Gewurztraminer blanc Wolfberger 13,5% - 75cl","p":7.85,"pp":5.89,"u":"7,85 €/L","img":"https://fd6-photos.leclercdrive.fr/image.ashx?id=2936368&use=l&cat=p&typeid=i","cat":289557},{"id":48471,"n":"Mélange 5 baies n°5 Ducros 70g","p":4.46,"u":"63,71 €/KG","img":"https://fd6-photos.leclercdrive.fr/image.ashx?id=2486602&use=l&cat=p&typeid=i","cat":284457},{"id":48508,"n":"Ketchup AMORA Flacon Souple - 550g","p":1.49,"u":"2,71 €/KG","img":"https://fd6-photos.leclercdrive.fr/image.ashx?id=2766649&use=l&cat=p&typeid=i","cat":284455},{"id":48513,"n":"Poivre noir n°6 Ducros Grains - 90g","p":3.65,"u":"40,56 €/KG","img":"https://fd6-photos.leclercdrive.fr/image.ashx?id=2473336&use=l&cat=p&typeid=i","cat":284457},{"id":48515,"n":"Coriandre Ducros Moulue - 32g","p":1.26,"u":"39,38 €/KG","img":"https://fd6-photos.leclercdrive.fr/image.ashx?id=2490497&use=l&cat=p&typeid=i","cat":298297},{"id":48525,"n":"Tomato Ketchup Heinz - 700g","p":2.67,"u":"3,81 €/KG","img":"https://fd6-photos.leclercdrive.fr/image.ashx?id=2729326&use=l&cat=p&typeid=i","cat":284455},{"id":48575,"n":"Lasagnes bolognaise bio HippBio 250g","p":2.42,"u":"9,68 €/KG","img":"https://fd6-photos.leclercdrive.fr/image.ashx?id=2929080&use=l&cat=p&typeid=i","cat":312238},{"id":48589,"n":"Lait bébé poudre Gallia Calisma croissance Dès 12 mois 1,2kg","p":15.47,"u":"12,89 €/KG","img":"https://fd6-photos.leclercdrive.fr/image.ashx?id=2973553&use=l&cat=p&typeid=i","cat":290219},{"id":48591,"n":"Lait bébé Gallia Calisma croissance Dès 12 mois 4x1L","p":8.96,"u":"2,24 €/L","img":"https://fd6-photos.leclercdrive.fr/image.ashx?id=2481249&use=l&cat=p&typeid=i","cat":284728},{"id":48595,"n":"Gourdes Bio bébé Hipp 4 variétés - 6 mois - 8x90g","p":6.82,"u":"9,47 €/KG","img":"https://fd6-photos.leclercdrive.fr/image.ashx?id=2904416&use=l&cat=p&typeid=i","cat":312393},{"id":48596,"n":"Gourdes Bio bébé Hipp  4 variétés - 8x90g","p":7.06,"u":"9,81 €/KG","img":"https://fd6-photos.leclercdrive.fr/image.ashx?id=3000357&use=l&cat=p&typeid=i","cat":312393},{"id":48603,"n":"Farine de blé Francine 1,4kg","p":1.54,"u":"1,10 €/KG","img":"https://fd6-photos.leclercdrive.fr/image.ashx?id=2881308&use=l&cat=p&typeid=i","cat":284503},{"id":48604,"n":"Farine fluide Francine 1.4kg","p":1.61,"u":"1,15 €/KG","img":"https://fd6-photos.leclercdrive.fr/image.ashx?id=2881305&use=l&cat=p&typeid=i","cat":284503},{"id":48611,"n":"Plat bébé soir Blédiner 12 mois Pâtes légumes - 2x200g","p":2.32,"u":"5,80 €/KG","img":"https://fd6-photos.leclercdrive.fr/image.ashx?id=2975068&use=l&cat=p&typeid=i","cat":312239},{"id":48615,"n":"Coton Demak'up Duo disque x108","p":1.74,"u":"0,02 €/P","img":"https://fd6-photos.leclercdrive.fr/image.ashx?id=2791461&use=l&cat=p&typeid=i","cat":285593},{"id":48633,"n":"Boisson gourmande PAGO Fraise 75cl","p":2.54,"u":"3,39 €/L","img":"https://fd6-photos.leclercdrive.fr/image.ashx?id=2954007&use=l&cat=p&typeid=i","cat":284915},{"id":48646,"n":"Soda à l'orange Orangina Sans Sucres - 6x33cl","p":3.44,"u":"1,74 €/L","img":"https://fd6-photos.leclercdrive.fr/image.ashx?id=2946931&use=l&cat=p&typeid=i","cat":284532},{"id":48697,"n":"Sachet chat Purina One Sterillcat - 8x85g","p":3.91,"u":"5,75 €/KG","img":"https://fd6-photos.leclercdrive.fr/image.ashx?id=2899695&use=l&cat=p&typeid=i","cat":285286},{"id":48698,"n":"Croquettes chat Purina One Stérilisé/Intérieur-Poulet1.5kg","p":7.67,"u":"5,11 €/KG","img":"https://fd6-photos.leclercdrive.fr/image.ashx?id=2681257&use=l&cat=p&typeid=i","cat":284680},{"id":48704,"n":"Boîte chat Whiskas Gelée du pêcheur - 4x390g","p":4.61,"u":"2,96 €/KG","img":"https://fd6-photos.leclercdrive.fr/image.ashx?id=2759622&use=l&cat=p&typeid=i","cat":285601},{"id":48711,"n":"Friandises chien Fido  Dental Delicious - 130g","p":1.54,"u":"11,85 €/KG","img":"https://fd6-photos.leclercdrive.fr/image.ashx?id=2361614&use=l&cat=p&typeid=i","cat":294527},{"id":48717,"n":"Barquettes chats Gourmet Gold Les mousselines - 24x85g","p":10.81,"u":"5,30 €/KG","img":"https://fd6-photos.leclercdrive.fr/image.ashx?id=2861500&use=l&cat=p&typeid=i","cat":285286},{"id":48720,"n":"Poêlée parisienne D'aucy  580g","p":3.07,"u":"5,29 €/KG","img":"https://fd6-photos.leclercdrive.fr/image.ashx?id=2835256&use=l&cat=p&typeid=i","cat":312612},{"id":48721,"n":"Poêlée jardinière D'aucy  580g","p":2.65,"u":"4,57 €/KG","img":"https://fd6-photos.leclercdrive.fr/image.ashx?id=2582816&use=l&cat=p&typeid=i","cat":312612},{"id":48725,"n":"Légumes pour Couscous D'Aucy Orientale - 800g","p":1.75,"u":"2,19 €/KG","img":"https://fd6-photos.leclercdrive.fr/image.ashx?id=2577800&use=l&cat=p&typeid=i","cat":312612},{"id":48739,"n":"Sauce hannibal Colona  Tube grand modèle - 850g","p":4.5,"u":"5,29 €/KG","img":"https://fd6-photos.leclercdrive.fr/image.ashx?id=2687146&use=l&cat=p&typeid=i","cat":318431},{"id":48745,"n":"Chocolat Pâtissier Nestlé Dessert Lait - 170g","p":3.01,"u":"17,71 €/KG","img":"https://fd6-photos.leclercdrive.fr/image.ashx?id=2961242&use=l&cat=p&typeid=i","cat":285562},{"id":48777,"n":"Confiture Confipote allégée en  Sucres - Pot Fraise - 350g","p":1.91,"u":"5,46 €/KG","img":"https://fd6-photos.leclercdrive.fr/image.ashx?id=2388436&use=l&cat=p&typeid=i","cat":284480},{"id":48803,"n":"Confiture Confipote allégée en  Sucres - Pot Abricot - 350g","p":1.87,"u":"5,34 €/KG","img":"https://fd6-photos.leclercdrive.fr/image.ashx?id=2120959&use=l&cat=p&typeid=i","cat":284480},{"id":48807,"n":"Tartines bio Jardin Bio  Craquantes avoine - 150g","p":2.86,"u":"19,07 €/KG","img":"https://fd6-photos.leclercdrive.fr/image.ashx?id=2849187&use=l&cat=p&typeid=i","cat":318654},{"id":48809,"n":"Tartines bio Jardin Bio Craquantes au sarrasin - 300g","p":4.39,"u":"14,63 €/KG","img":"https://fd6-photos.leclercdrive.fr/image.ashx?id=2535562&use=l&cat=p&typeid=i","cat":284479},{"id":48822,"n":"Friandises chat Catisfactions Saumon - 180g","p":3.18,"u":"17,67 €/KG","img":"https://fd6-photos.leclercdrive.fr/image.ashx?id=2912527&use=l&cat=p&typeid=i","cat":285285},{"id":48823,"n":"Haché Végétal bio Céréal Bio Façon Bolognaise au Soja 250g","p":2.67,"u":"10,68 €/KG","img":"https://fd6-photos.leclercdrive.fr/image.ashx?id=2575090&use=l&cat=p&typeid=i","cat":287600},{"id":48839,"n":"Lait concentré Régilait Non sucré, demi écrémé - 410g","p":1.56,"u":"3,80 €/KG","img":"https://fd6-photos.leclercdrive.fr/image.ashx?id=2405863&use=l&cat=p&typeid=i","cat":299162},{"id":48843,"n":"Préparation gâteau Nestlé Fondant chocolat - 317g","p":4.0,"u":"12,62 €/KG","img":"https://fd6-photos.leclercdrive.fr/image.ashx?id=2848379&use=l&cat=p&typeid=i","cat":284505},{"id":48844,"n":"Préparation gâteau Nestlé Moelleux chocolat - 344g","p":4.06,"u":"11,80 €/KG","img":"https://fd6-photos.leclercdrive.fr/image.ashx?id=2848376&use=l&cat=p&typeid=i","cat":284505},{"id":48846,"n":"Purée tomate bio Jardin Bio 200g","p":0.9,"u":"4,50 €/KG","img":"https://fd6-photos.leclercdrive.fr/image.ashx?id=2535034&use=l&cat=p&typeid=i","cat":288384},{"id":48854,"n":"Jus de carotte Le jardin Bio Origine France - 75cl","p":2.72,"u":"3,63 €/L","img":"https://fd6-photos.leclercdrive.fr/image.ashx?id=2743463&use=l&cat=p&typeid=i","cat":284523},{"id":48870,"n":"Infusion bio Jardin Bio Thym de France x20 - 28g","p":2.93,"u":"104,64 €/KG","img":"https://fd6-photos.leclercdrive.fr/image.ashx?id=2792840&use=l&cat=p&typeid=i","cat":293234},{"id":48875,"n":"Décor pour gateaux Vahiné Spécial anniversaire - x1","p":1.66,"img":"https://fd6-photos.leclercdrive.fr/image.ashx?id=2833345&use=l&cat=p&typeid=i","cat":284504},{"id":48877,"n":"Récré O'lé Mont Blanc - 12x85g Choco/Caramel/Biscuit/Brownie","p":5.97,"u":"5,85 €/KG","img":"https://fd6-photos.leclercdrive.fr/image.ashx?id=3011608&use=l&cat=p&typeid=i","cat":284506},{"id":48878,"n":"Jus Le Jardin Bio Pruneaux - 75cl","p":4.1,"u":"5,47 €/L","img":"https://fd6-photos.leclercdrive.fr/image.ashx?id=2669190&use=l&cat=p&typeid=i","cat":284915},{"id":48890,"n":"Pâtes De Cecco  Fusilli n°34 - 500g","p":1.84,"u":"3,68 €/KG","img":"https://fd6-photos.leclercdrive.fr/image.ashx?id=3004441&use=l&cat=p&typeid=i","cat":284427},{"id":48915,"n":"Sauce Arôme Maggi 1kg","p":6.33,"u":"6,33 €/KG","img":"https://fd6-photos.leclercdrive.fr/image.ashx?id=2785352&use=l&cat=p&typeid=i","cat":288379},{"id":48993,"n":"Sauce Samouraï Colona Tube - 500ml","p":2.88,"u":"5,76 €/L","img":"https://fd6-photos.leclercdrive.fr/image.ashx?id=2687167&use=l&cat=p&typeid=i","cat":318431},{"id":49001,"n":"Sauce ch'biloute Colona Tube - 500ml","p":3.25,"u":"6,50 €/L","img":"https://fd6-photos.leclercdrive.fr/image.ashx?id=2687194&use=l&cat=p&typeid=i","cat":318431},{"id":49050,"n":"Boisson gazeuse Sprink's Sans alcool - Mojito - 1.5L","p":1.75,"u":"1,17 €/L","img":"https://fd6-photos.leclercdrive.fr/image.ashx?id=2925976&use=l&cat=p&typeid=i","cat":284531},{"id":49055,"n":"Steak haché charolais 15% MG Férial - 250g","p":4.99,"u":"19,96 €/KG","img":"https://fd6-photos.leclercdrive.fr/image.ashx?id=2903983&use=l&cat=p&typeid=i","cat":284332},{"id":49058,"n":"Piles Tech+ Foxter AA/LR6 1,5V - x8","p":2.99,"u":"0,37 €/P","img":"https://fd6-photos.leclercdrive.fr/image.ashx?id=2162324&use=l&cat=p&typeid=i","cat":300572},{"id":49059,"n":"Piles Tech+ Foxter AAA/LR3 1,5V - x8","p":2.99,"img":"https://fd6-photos.leclercdrive.fr/image.ashx?id=2162327&use=l&cat=p&typeid=i","cat":300572},{"id":49070,"n":"Préparation gâteau Nestlé Coeur fondant - 305g","p":3.91,"u":"12,82 €/KG","img":"https://fd6-photos.leclercdrive.fr/image.ashx?id=2848385&use=l&cat=p&typeid=i","cat":284505},{"id":49077,"n":"Biscuit P'tit Deli  Chocolat lait - 150g","p":1.58,"u":"10,53 €/KG","img":"https://fd6-photos.leclercdrive.fr/image.ashx?id=2529605&use=l&cat=p&typeid=i","cat":284488},{"id":49078,"n":"Gaufrette P'tit Déli  Chocolat lait - 125g","p":1.29,"u":"10,32 €/KG","img":"https://fd6-photos.leclercdrive.fr/image.ashx?id=2858839&use=l&cat=p&typeid=i","cat":284490},{"id":49079,"n":"Petites madeleines P'tit Deli  Pépites de chocolat - 400g","p":1.69,"u":"4,23 €/KG","img":"https://fd6-photos.leclercdrive.fr/image.ashx?id=2999511&use=l&cat=p&typeid=i","cat":284492},{"id":49080,"n":"Gâteau fourré fraise P'tit Deli Lapin - 140g","p":1.14,"u":"8,14 €/KG","img":"https://fd6-photos.leclercdrive.fr/image.ashx?id=2671411&use=l&cat=p&typeid=i","cat":284495},{"id":49082,"n":"Gâteau fourré P'tit Deli Tout chocolat, lapin - 140g","p":1.3,"u":"9,29 €/KG","img":"https://fd6-photos.leclercdrive.fr/image.ashx?id=2211200&use=l&cat=p&typeid=i","cat":284495},{"id":49083,"n":"Biscuit palmier feuilleté Eco+ 100g","p":0.43,"u":"4,30 €/KG","img":"https://fd6-photos.leclercdrive.fr/image.ashx?id=2768016&use=l&cat=p&typeid=i","cat":284487},{"id":49131,"n":"Gin Bombay Sapphire 40° - 70cl","p":22.33,"u":"31,90 €/L","img":"https://fd6-photos.leclercdrive.fr/image.ashx?id=2842879&use=l&cat=p&typeid=i","cat":284550},{"id":49132,"n":"Gin Tanqueray 43.1%vol - 70cl","p":21.52,"u":"30,74 €/L","img":"https://fd6-photos.leclercdrive.fr/image.ashx?id=2414906&use=l&cat=p&typeid=i","cat":284550},{"id":49249,"n":"Gousse de vanille Bio Vahiné Madagascar Grand cru - 3g","p":4.67,"img":"https://fd6-photos.leclercdrive.fr/image.ashx?id=2559826&use=l&cat=p&typeid=i","cat":284504},{"id":49254,"n":"Gelifiant Vahiné Agar Agar - 8g","p":2.55,"u":"318,75 €/KG","img":"https://fd6-photos.leclercdrive.fr/image.ashx?id=2833342&use=l&cat=p&typeid=i","cat":284504},{"id":49288,"n":"Bols soir bébé bio Babybio Pâtes - 8 mois - 2x200g","p":3.13,"u":"7,83 €/KG","img":"https://fd6-photos.leclercdrive.fr/image.ashx?id=2838344&use=l&cat=p&typeid=i","cat":312239},{"id":49294,"n":"Cotons Démaquillants Demak'Up Original - x105","p":1.52,"u":"0,01 €/P","img":"https://fd6-photos.leclercdrive.fr/image.ashx?id=2745274&use=l&cat=p&typeid=i","cat":284636},{"id":49295,"n":"Cotons Démaquillants Demak'Up Ovale sensitive - x48","p":1.5,"u":"0,03 €/P","img":"https://fd6-photos.leclercdrive.fr/image.ashx?id=2745277&use=l&cat=p&typeid=i","cat":284636},{"id":49296,"n":"Barre Chocolat au Lait Lion x10 barres - 420g","p":3.74,"u":"8,90 €/KG","img":"https://fd6-photos.leclercdrive.fr/image.ashx?id=2736988&use=l&cat=p&typeid=i","cat":284498},{"id":49298,"n":"Biscuits croquant Nutella &Go! Pâte à tartiner x2 packs - 104g","p":2.19,"u":"21,06 €/KG","img":"https://fd6-photos.leclercdrive.fr/image.ashx?id=2737240&use=l&cat=p&typeid=i","cat":284488},{"id":49304,"n":"Détachant Vanish  Powergel - 200ml","p":3.93,"u":"19,65 €/L","img":"https://fd6-photos.leclercdrive.fr/image.ashx?id=2587861&use=l&cat=p&typeid=i","cat":284651},{"id":49306,"n":"Gel anti-calcaire Calgon  Hygiène Plus - 2,25L","p":15.16,"u":"6,74 €/L","img":"https://fd6-photos.leclercdrive.fr/image.ashx?id=2953764&use=l&cat=p&typeid=i","cat":284653},{"id":49327,"n":"Déodorant Bille Homme Nivea Men Black&White Original - 50ml","p":1.97,"u":"39,40 €/L","img":"https://fd6-photos.leclercdrive.fr/image.ashx?id=2165815&use=l&cat=p&typeid=i","cat":284618},{"id":49333,"n":"Déodorant bille Men Expert Carbon Protection 48h - 50ml","p":2.55,"u":"51,00 €/L","img":"https://fd6-photos.leclercdrive.fr/image.ashx?id=2394561&use=l&cat=p&typeid=i","cat":284618},{"id":49340,"n":"Cornichons Eco+ Au vinaigre - 190g","p":0.88,"u":"4,63 €/KG","img":"https://fd6-photos.leclercdrive.fr/image.ashx?id=2974711&use=l&cat=p&typeid=i","cat":284458},{"id":49342,"n":"Moutarde Eco+ Forte au vinaigre - 850g","p":1.66,"u":"1,95 €/KG","img":"https://fd6-photos.leclercdrive.fr/image.ashx?id=2954325&use=l&cat=p&typeid=i","cat":288850},{"id":49344,"n":"Poivrons piquillos Olabe 225g","p":2.17,"u":"9,64 €/KG","img":"https://fd6-photos.leclercdrive.fr/image.ashx?id=2552039&use=l&cat=p&typeid=i","cat":312608},{"id":49346,"n":"Mini cornichons Jardin D'Orant Au condiment balsamique - 185g","p":2.01,"u":"10,86 €/KG","img":"https://fd6-photos.leclercdrive.fr/image.ashx?id=2918688&use=l&cat=p&typeid=i","cat":284458},{"id":49349,"n":"Petit croquant Kühne Aigre doux - 360g","p":3.53,"u":"9,81 €/KG","img":"https://fd6-photos.leclercdrive.fr/image.ashx?id=2551036&use=l&cat=p&typeid=i","cat":284458},{"id":49354,"n":"Olives Noires Grecques Tramier  Dénoyautées 220g","p":2.68,"u":"26,80 €/KG","img":"https://fd6-photos.leclercdrive.fr/image.ashx?id=2836340&use=l&cat=p&typeid=i","cat":284450},{"id":49385,"n":"Litchis St-Mamet Dénoyautés - 250g","p":3.26,"u":"13,04 €/KG","img":"https://fd6-photos.leclercdrive.fr/image.ashx?id=2474215&use=l&cat=p&typeid=i","cat":284507},{"id":49496,"n":"Soufflés  Tokapi Nature - 4x85g","p":2.76,"u":"8,12 €/KG","img":"https://fd6-photos.leclercdrive.fr/image.ashx?id=2691387&use=l&cat=p&typeid=i","cat":284449},{"id":49516,"n":"Bière blonde La Goudale 12x33cl","p":13.92,"u":"3,52 €/L","img":"https://fd6-photos.leclercdrive.fr/image.ashx?id=1865948&use=l&cat=p&typeid=i","cat":334852},{"id":49553,"n":"Bière Licorne Black 6%vol - 3x33cl","p":3.55,"u":"3,59 €/L","img":"https://fd6-photos.leclercdrive.fr/image.ashx?id=2853617&use=l&cat=p&typeid=i","cat":334852},{"id":49561,"n":"Gel Douche 5en1 Men Expert Pure carbon - 300ml","p":2.97,"u":"9,90 €/L","img":"https://fd6-photos.leclercdrive.fr/image.ashx?id=1603553&use=l&cat=p&typeid=i","cat":284619},{"id":49567,"n":"Diabolo grenadine Sprink's Bouteille - 1.5L","p":1.69,"u":"1,13 €/L","img":"https://fd6-photos.leclercdrive.fr/image.ashx?id=2901461&use=l&cat=p&typeid=i","cat":284532},{"id":49569,"n":"Boisson énergisante Monster Ultra zéro  - 50cl","p":1.58,"u":"3,16 €/L","img":"https://fd6-photos.leclercdrive.fr/image.ashx?id=2736697&use=l&cat=p&typeid=i","cat":284533},{"id":49575,"n":"Boisson énergisante Monster Energy Mixxd Punch - 50CL","p":1.79,"u":"3,58 €/L","img":"https://fd6-photos.leclercdrive.fr/image.ashx?id=2206172&use=l&cat=p&typeid=i","cat":284533},{"id":49596,"n":"Café dosettes Tassimo L'Or Espresso Décaféiné x16","p":4.88,"u":"46,04 €/KG","img":"https://fd6-photos.leclercdrive.fr/image.ashx?id=2662090&use=l&cat=p&typeid=i","cat":293240},{"id":49632,"n":"Pain de mie 100% Mie Harrys Nature Longue conservation 325g","p":2.04,"u":"6,28 €/KG","img":"https://fd6-photos.leclercdrive.fr/image.ashx?id=2469647&use=l&cat=p&typeid=i","cat":284477},{"id":49636,"n":"Biscuits Baiocchi Mulino Bianco Chocolat noisette Snack - 336g","p":2.68,"u":"7,98 €/KG","img":"https://fd6-photos.leclercdrive.fr/image.ashx?id=2787962&use=l&cat=p&typeid=i","cat":284488},{"id":49639,"n":"Haricots verts Rochefontaine Extra-fins - 345g","p":3.63,"u":"10,52 €/KG","img":"https://fd6-photos.leclercdrive.fr/image.ashx?id=2101459&use=l&cat=p&typeid=i","cat":312606},{"id":49649,"n":"Sauce Tomate Cuisinée Heinz Ail & Oignon x2 - 210g","p":1.51,"u":"3,60 €/KG","img":"https://fd6-photos.leclercdrive.fr/image.ashx?id=2926990&use=l&cat=p&typeid=i","cat":288384},{"id":49653,"n":"Chapelure dorée Tipiak 250g","p":0.69,"u":"2,76 €/KG","img":"https://fd6-photos.leclercdrive.fr/image.ashx?id=2563490&use=l&cat=p&typeid=i","cat":288382},{"id":49656,"n":"Sauce burger Amora 448g","p":2.11,"u":"4,71 €/KG","img":"https://fd6-photos.leclercdrive.fr/image.ashx?id=3014656&use=l&cat=p&typeid=i","cat":318431},{"id":49657,"n":"Huile de noisette Cauvin 25cl","p":3.34,"u":"13,36 €/L","img":"https://fd6-photos.leclercdrive.fr/image.ashx?id=2484221&use=l&cat=p&typeid=i","cat":284453},{"id":49659,"n":"Huile de noix Cauvin Bouteille - 25cl","p":3.28,"u":"13,12 €/L","img":"https://fd6-photos.leclercdrive.fr/image.ashx?id=2482318&use=l&cat=p&typeid=i","cat":284453},{"id":49664,"n":"Farine complète Francine Boîte - 1kg","p":1.91,"u":"1,91 €/KG","img":"https://fd6-photos.leclercdrive.fr/image.ashx?id=2018898&use=l&cat=p&typeid=i","cat":284503},{"id":49677,"n":"Mousse fromage blanc Délisse Lit de fruits 0%MG - 4x115g","p":1.83,"u":"3,98 €/KG","img":"https://fd6-photos.leclercdrive.fr/image.ashx?id=2991130&use=l&cat=p&typeid=i","cat":284409},{"id":49681,"n":"Yaourt La Laitière Nature - 4x125g","p":1.78,"u":"3,56 €/KG","img":"https://fd6-photos.leclercdrive.fr/image.ashx?id=3007978&use=l&cat=p&typeid=i","cat":284409},{"id":49682,"n":"Yaourt La Laitière Vanille - 4x125g","p":1.94,"u":"3,88 €/KG","img":"https://fd6-photos.leclercdrive.fr/image.ashx?id=2650393&use=l&cat=p&typeid=i","cat":286006},{"id":49700,"n":"Matin Léger Bio de Lactel Sans lactose 1.2%mg - 6x1L","p":13.44,"u":"2,24 €/L","img":"https://fd6-photos.leclercdrive.fr/image.ashx?id=2883552&use=l&cat=p&typeid=i","cat":317169},{"id":49798,"n":"Nectar Goyave Caraibos Sans alcool - 75cl","p":2.21,"u":"2,95 €/L","img":"https://fd6-photos.leclercdrive.fr/image.ashx?id=3011281&use=l&cat=p&typeid=i","cat":284916},{"id":49799,"n":"Nectar Mangue Caraibos Sans alcool - 75cl","p":2.23,"u":"2,97 €/L","img":"https://fd6-photos.leclercdrive.fr/image.ashx?id=3011278&use=l&cat=p&typeid=i","cat":284916},{"id":49800,"n":"Chorizo doux César Moroni   200g","p":2.78,"u":"13,90 €/KG","img":"https://fd6-photos.leclercdrive.fr/image.ashx?id=2854420&use=l&cat=p&typeid=i","cat":316006},{"id":49801,"n":"Nectar Maracuja Caraibos 75cl","p":2.39,"u":"3,19 €/L","img":"https://fd6-photos.leclercdrive.fr/image.ashx?id=3011275&use=l&cat=p&typeid=i","cat":284916},{"id":49802,"n":"Cocktail mojito Caraibos Sans alcool - 75cl","p":2.21,"u":"2,95 €/L","img":"https://fd6-photos.leclercdrive.fr/image.ashx?id=3011302&use=l&cat=p&typeid=i","cat":284549},{"id":49805,"n":"Cocktail Piña colada Caraibos Sans alcool - 75cl","p":2.36,"u":"3,15 €/L","img":"https://fd6-photos.leclercdrive.fr/image.ashx?id=3011299&use=l&cat=p&typeid=i","cat":284549},{"id":49806,"n":"Planteur des îles Caraibos Sans alcool - 75cl","p":2.36,"u":"3,15 €/L","img":"https://fd6-photos.leclercdrive.fr/image.ashx?id=3011290&use=l&cat=p&typeid=i","cat":284916},{"id":49807,"n":"Sex on the beach Caraibos Sans alcool - 75cl","p":2.21,"u":"2,95 €/L","img":"https://fd6-photos.leclercdrive.fr/image.ashx?id=3011308&use=l&cat=p&typeid=i","cat":284549},{"id":49825,"n":"Croco Pik Haribo  Sachet bonbons acidulés - 275g","p":1.7,"u":"6,18 €/KG","img":"https://fd6-photos.leclercdrive.fr/image.ashx?id=2802350&use=l&cat=p&typeid=i","cat":304250},{"id":49828,"n":"Happy Life Haribo Sachet bonbons - 275g","p":1.52,"u":"5,53 €/KG","img":"https://fd6-photos.leclercdrive.fr/image.ashx?id=2803577&use=l&cat=p&typeid=i","cat":304250},{"id":49832,"n":"Dragibus Pik Haribo Sachet bonbons - 230g","p":1.92,"u":"8,35 €/KG","img":"https://fd6-photos.leclercdrive.fr/image.ashx?id=2984907&use=l&cat=p&typeid=i","cat":304250},{"id":49834,"n":"Bonbons LUTTI BestFizz Assortiment Piquant - 550g","p":3.8,"u":"6,91 €/KG","img":"https://fd6-photos.leclercdrive.fr/image.ashx?id=2815022&use=l&cat=p&typeid=i","cat":304250},{"id":49845,"n":"Jus multifruits Jafaden Brique, ABC - 2L","p":2.65,"u":"1,33 €/L","img":"https://fd6-photos.leclercdrive.fr/image.ashx?id=2759220&use=l&cat=p&typeid=i","cat":284917},{"id":49851,"n":"Limonade Sprink's 1.5L","p":0.95,"u":"0,63 €/L","img":"https://fd6-photos.leclercdrive.fr/image.ashx?id=2954103&use=l&cat=p&typeid=i","cat":284531},{"id":49852,"n":"Speck alto adige IGP Tradizioni d'Italia - 70g","p":1.95,"u":"27,86 €/KG","img":"https://fd6-photos.leclercdrive.fr/image.ashx?id=2925225&use=l&cat=p&typeid=i","cat":316007},{"id":49857,"n":"Mortadella bologna IGP Tradizioni d'Italia - 150g","p":2.59,"u":"17,27 €/KG","img":"https://fd6-photos.leclercdrive.fr/image.ashx?id=2925222&use=l&cat=p&typeid=i","cat":316009},{"id":49858,"n":"Prosciutto di parma AOP 18 mois Tradizioni d'Italia - 80g","p":3.79,"u":"47,38 €/KG","img":"https://fd6-photos.leclercdrive.fr/image.ashx?id=1961988&use=l&cat=p&typeid=i","cat":316007},{"id":49863,"n":"Pizza feu de bois  Turini  Saumon  - 420g","p":2.45,"u":"5,83 €/KG","img":"https://fd6-photos.leclercdrive.fr/image.ashx?id=2816579&use=l&cat=p&typeid=i","cat":284256},{"id":49865,"n":"Steak haché Authentique Charal Pur Bœuf 10% MG  8x125g - 1kg","p":14.6,"u":"14,60 €/KG","img":"https://fd6-photos.leclercdrive.fr/image.ashx?id=2741955&use=l&cat=p&typeid=i","cat":319778},{"id":49870,"n":"Protection Absorbante Tena Men  Médium - x10","p":4.67,"u":"0,47 €/P","img":"https://fd6-photos.leclercdrive.fr/image.ashx?id=2428573&use=l&cat=p&typeid=i","cat":291514},{"id":49872,"n":"Tampons Tampax Compak Pearl Super - x18","p":2.93,"u":"0,16 €/P","img":"https://fd6-photos.leclercdrive.fr/image.ashx?id=2956616&use=l&cat=p&typeid=i","cat":284626},{"id":49880,"n":"Boisson concentrée Frucci Menthe avec édulcorants - 75cl","p":2.39,"u":"3,19 €/L","img":"https://fd6-photos.leclercdrive.fr/image.ashx?id=2909903&use=l&cat=p&typeid=i","cat":295020},{"id":49881,"n":"Sirop Frucci Zero Grenadine avec edulcorants-75cl","p":2.49,"u":"3,32 €/L","img":"https://fd6-photos.leclercdrive.fr/image.ashx?id=2956110&use=l&cat=p&typeid=i","cat":295020},{"id":49882,"n":"Sirop Frucci Zero Pêche avec édulcorants - 75cl","p":2.35,"u":"3,13 €/L","img":"https://fd6-photos.leclercdrive.fr/image.ashx?id=2954100&use=l&cat=p&typeid=i","cat":295020},{"id":49883,"n":"Soda tonic Sprink's 1.5L","p":1.05,"u":"0,70 €/L","img":"https://fd6-photos.leclercdrive.fr/image.ashx?id=2954106&use=l&cat=p&typeid=i","cat":284531},{"id":49900,"n":"Feuilletés fromage fondu Eco+ 650g","p":1.61,"u":"2,48 €/KG","img":"https://fd6-photos.leclercdrive.fr/image.ashx?id=2079792&use=l&cat=p&typeid=i","cat":319776},{"id":49930,"n":"Yaourt douceur Le Petit Basque Brebis nature - 4x100g","p":2.85,"u":"7,13 €/KG","img":"https://fd6-photos.leclercdrive.fr/image.ashx?id=2248084&use=l&cat=p&typeid=i","cat":314998},{"id":49931,"n":"Yaourt douceur Le Petit Basque Brebis citron - 4x100g","p":2.69,"u":"6,73 €/KG","img":"https://fd6-photos.leclercdrive.fr/image.ashx?id=2248087&use=l&cat=p&typeid=i","cat":314998},{"id":49932,"n":"Fromage Pavé d'Affinois Original - 180g","p":2.67,"u":"14,83 €/KG","img":"https://fd6-photos.leclercdrive.fr/image.ashx?id=2644070&use=l&cat=p&typeid=i","cat":314030},{"id":49933,"n":"Fromage Pavé d'Affinois Mini Mix 5 variétés - 130g","p":2.69,"u":"20,69 €/KG","img":"https://fd6-photos.leclercdrive.fr/image.ashx?id=2644076&use=l&cat=p&typeid=i","cat":314030},{"id":49935,"n":"Fromage Pavé d'Affinois Brin -  6x25g","p":2.83,"u":"18,87 €/KG","img":"https://fd6-photos.leclercdrive.fr/image.ashx?id=2644073&use=l&cat=p&typeid=i","cat":314030},{"id":49954,"n":"Limonade Sprink's 6x50cl","p":4.92,"u":"1,64 €/L","img":"https://fd6-photos.leclercdrive.fr/image.ashx?id=2956741&use=l&cat=p&typeid=i","cat":284531},{"id":49955,"n":"Soda 7UP Citron/citron vert zéro - 1.5L","p":1.38,"u":"0,92 €/L","img":"https://fd6-photos.leclercdrive.fr/image.ashx?id=2752462&use=l&cat=p&typeid=i","cat":284531},{"id":49956,"n":"Soda à l'orange Orangina Sans Sucres - 1,5L","p":1.73,"u":"1,15 €/L","img":"https://fd6-photos.leclercdrive.fr/image.ashx?id=2946496&use=l&cat=p&typeid=i","cat":284532},{"id":49958,"n":"Café Moulu Carte Noire  Arabica Classique - 3x250g","p":16.3,"u":"21,73 €/KG","img":"https://fd6-photos.leclercdrive.fr/image.ashx?id=2869242&use=l&cat=p&typeid=i","cat":284750},{"id":49960,"n":"Café en Grains Carte Noire  Arabica Classique - 250g","p":6.14,"u":"24,56 €/KG","img":"https://fd6-photos.leclercdrive.fr/image.ashx?id=2980136&use=l&cat=p&typeid=i","cat":293237},{"id":49971,"n":"Frites Pom Bistro à la Graisse de Canard - 500g","p":3.44,"u":"6,88 €/KG","img":"https://fd6-photos.leclercdrive.fr/image.ashx?id=2866412&use=l&cat=p&typeid=i","cat":319791},{"id":49980,"n":"Soupe liquide Liebig  Légumes poêlés - Brique 1L","p":2.89,"u":"2,89 €/L","img":"https://fd6-photos.leclercdrive.fr/image.ashx?id=2729941&use=l&cat=p&typeid=i","cat":284462},{"id":49983,"n":"Sauce yakitori Kikkoman 250ml","p":4.77,"u":"19,08 €/L","img":"https://fd6-photos.leclercdrive.fr/image.ashx?id=2536299&use=l&cat=p&typeid=i","cat":288992},{"id":49996,"n":"Boisson aux fruits Oasis Mini Pomme Cassis Framboise - 6x25cl","p":3.33,"u":"2,22 €/L","img":"https://fd6-photos.leclercdrive.fr/image.ashx?id=2692272&use=l&cat=p&typeid=i","cat":295018},{"id":49997,"n":"Boisson aux fruits Oasis Mini Tropical - 6x25cl","p":3.11,"u":"2,07 €/L","img":"https://fd6-photos.leclercdrive.fr/image.ashx?id=2684443&use=l&cat=p&typeid=i","cat":295018},{"id":50002,"n":"Sauce soja Kikkoman  150ml","p":3.41,"u":"22,73 €/L","img":"https://fd6-photos.leclercdrive.fr/image.ashx?id=2536284&use=l&cat=p&typeid=i","cat":288992},{"id":50003,"n":"Café soluble Maxwell House Qualité Filtre - 20g","p":7.68,"u":"38,40 €/KG","img":"https://fd6-photos.leclercdrive.fr/image.ashx?id=1755025&use=l&cat=p&typeid=i","cat":284843},{"id":50004,"n":"Kit Crousti Fajitas Old El Paso extra doux - 521g","p":4.76,"u":"9,14 €/KG","img":"https://fd6-photos.leclercdrive.fr/image.ashx?id=2765402&use=l&cat=p&typeid=i","cat":288993},{"id":50017,"n":"Confit de tomates séchées  Les Tartinables Florelli 190g","p":2.49,"u":"13,11 €/KG","img":"https://fd6-photos.leclercdrive.fr/image.ashx?id=3011671&use=l&cat=p&typeid=i","cat":289010},{"id":50018,"n":"Légumes grillés Florelli 280g","p":3.13,"u":"11,18 €/KG","img":"https://fd6-photos.leclercdrive.fr/image.ashx?id=2664199&use=l&cat=p&typeid=i","cat":289010},{"id":50052,"n":"Lait bébé en poudre Galliagest croissance Dès 12 mois 900g","p":13.64,"u":"15,16 €/KG","img":"https://fd6-photos.leclercdrive.fr/image.ashx?id=2616844&use=l&cat=p&typeid=i","cat":290219},{"id":50053,"n":"Eau gazeuse minérale Salvetat pauvre en sodium - 6x50cl","p":2.61,"u":"0,87 €/L","img":"https://fd6-photos.leclercdrive.fr/image.ashx?id=2533469&use=l&cat=p&typeid=i","cat":284536},{"id":50058,"n":"Bloc correspondanc uni Esquisse 21x29cm - A4 - x50 feuilles","p":1.99,"img":"https://fd6-photos.leclercdrive.fr/image.ashx?id=1928746&use=l&cat=p&typeid=i","cat":284697},{"id":50068,"n":"Soupe liquide velouté Knorr Potiron crème fraîche - 500ml","p":1.75,"u":"3,50 €/L","img":"https://fd6-photos.leclercdrive.fr/image.ashx?id=2738035&use=l&cat=p&typeid=i","cat":284462},{"id":50072,"n":"Soupe Liquide Douceur Knorr 8 légumes à la crème - 50cl","p":1.65,"u":"3,30 €/L","img":"https://fd6-photos.leclercdrive.fr/image.ashx?id=2738023&use=l&cat=p&typeid=i","cat":284462},{"id":50082,"n":"Dessert fruits mixés Sojasun Myrtilles - 4x100g","p":1.71,"u":"4,28 €/KG","img":"https://fd6-photos.leclercdrive.fr/image.ashx?id=2355680&use=l&cat=p&typeid=i","cat":316071},{"id":50083,"n":"Taboulé aux tomates  Garbit - 730g","p":2.76,"u":"3,78 €/KG","img":"https://fd6-photos.leclercdrive.fr/image.ashx?id=2901905&use=l&cat=p&typeid=i","cat":325094},{"id":50106,"n":"Nems au Porc Tables du Monde x4 - 280g","p":1.76,"u":"6,29 €/KG","img":"https://fd6-photos.leclercdrive.fr/image.ashx?id=2967670&use=l&cat=p&typeid=i","cat":333673},{"id":50123,"n":"Vinaigrette Puget  Ciboulette/échalotes - 33cl","p":2.37,"u":"7,18 €/L","img":"https://fd6-photos.leclercdrive.fr/image.ashx?id=2912146&use=l&cat=p&typeid=i","cat":284456},{"id":50126,"n":"Compotes Andros  Pomme/châtaigne - 785g","p":3.5,"u":"4,46 €/KG","img":"https://fd6-photos.leclercdrive.fr/image.ashx?id=2396381&use=l&cat=p&typeid=i","cat":284508},{"id":50131,"n":"Compotes Pom'Potes Gourdes  Multivariétés - 20x90g","p":7.39,"u":"4,11 €/KG","img":"https://fd6-photos.leclercdrive.fr/image.ashx?id=3010930&use=l&cat=p&typeid=i","cat":284508},{"id":50132,"n":"Compotes Pom'Potes Gourdes  Multivariétés Inédits - 12x90g","p":5.5,"u":"5,09 €/KG","img":"https://fd6-photos.leclercdrive.fr/image.ashx?id=2870170&use=l&cat=p&typeid=i","cat":284508},{"id":50134,"n":"Poudre anti-calcaire Calgon 4 en 1 - 60 doses","p":10.99,"u":"7,33 €/KG","img":"https://fd6-photos.leclercdrive.fr/image.ashx?id=2954199&use=l&cat=p&typeid=i","cat":284653},{"id":50135,"n":"Lingettes Textil Anti-transfert - x40","p":3.71,"u":"0,09 €/P","img":"https://fd6-photos.leclercdrive.fr/image.ashx?id=2964574&use=l&cat=p&typeid=i","cat":290450},{"id":50211,"n":"Pain Bruschetta La Boulangère 400g","p":2.62,"u":"6,55 €/KG","img":"https://fd6-photos.leclercdrive.fr/image.ashx?id=2912404&use=l&cat=p&typeid=i","cat":284985},{"id":50212,"n":"Pain suédois La Boulangère 180g","p":1.98,"u":"11,00 €/KG","img":"https://fd6-photos.leclercdrive.fr/image.ashx?id=2445376&use=l&cat=p&typeid=i","cat":284985},{"id":50215,"n":"Huile sublime  Vitanove Cheveux sec - 150ml","p":2.99,"u":"19,93 €/L","img":"https://fd6-photos.leclercdrive.fr/image.ashx?id=2209720&use=l&cat=p&typeid=i","cat":284608},{"id":50218,"n":"Tronches de Cake St Michel 175g","p":1.79,"u":"10,23 €/KG","img":"https://fd6-photos.leclercdrive.fr/image.ashx?id=2949946&use=l&cat=p&typeid=i","cat":284495},{"id":50225,"n":"Biscuits Choco suprême Milka Chocolat - 180g","p":2.34,"u":"13,00 €/KG","img":"https://fd6-photos.leclercdrive.fr/image.ashx?id=2990991&use=l&cat=p&typeid=i","cat":284488},{"id":50226,"n":"Biscuits sablés Granola Chocolat au lait - 3x200g","p":4.29,"u":"7,15 €/KG","img":"https://fd6-photos.leclercdrive.fr/image.ashx?id=3009125&use=l&cat=p&typeid=i","cat":284488},{"id":50227,"n":"Biscuits Granola Chocolat au lait - 200g","p":1.44,"u":"7,20 €/KG","img":"https://fd6-photos.leclercdrive.fr/image.ashx?id=2324282&use=l&cat=p&typeid=i","cat":284488},{"id":50231,"n":"Biscuit Dinosaurus Lotus Chocolat au lait - 225g","p":2.08,"u":"9,24 €/KG","img":"https://fd6-photos.leclercdrive.fr/image.ashx?id=2859815&use=l&cat=p&typeid=i","cat":284488},{"id":50253,"n":"Soda Sprink's Lemon - 1.5L","p":1.45,"u":"0,97 €/L","img":"https://fd6-photos.leclercdrive.fr/image.ashx?id=2913715&use=l&cat=p&typeid=i","cat":284532},{"id":50255,"n":"Soda Sprink's Citron - 1.5L","p":1.09,"u":"0,73 €/L","img":"https://fd6-photos.leclercdrive.fr/image.ashx?id=2913730&use=l&cat=p&typeid=i","cat":284532},{"id":50256,"n":"Soda Sprink's Lemon Lime - 1.5L","p":0.99,"u":"0,66 €/L","img":"https://fd6-photos.leclercdrive.fr/image.ashx?id=2913736&use=l&cat=p&typeid=i","cat":284532},{"id":50257,"n":"Jus d'orange Jafaden Pur jus sans pulpe - 6x1L","p":11.94,"u":"1,99 €/L","img":"https://fd6-photos.leclercdrive.fr/image.ashx?id=2842504&use=l&cat=p&typeid=i","cat":284521},{"id":50262,"n":"Kebab de poulet Fleury Michon Semoule à l'orientale - 280g","p":3.2,"u":"11,43 €/KG","img":"https://fd6-photos.leclercdrive.fr/image.ashx?id=2680167&use=l&cat=p&typeid=i","cat":333665},{"id":50360,"n":"Mousse à Raser Nivea Men Peaux Sensibles - 200 ml","p":2.49,"u":"12,45 €/L","img":"https://fd6-photos.leclercdrive.fr/image.ashx?id=3005212&use=l&cat=p&typeid=i","cat":284617},{"id":50362,"n":"Gel à Raser Nivea Men Peaux Sensibles - 200ml","p":2.29,"u":"11,45 €/L","img":"https://fd6-photos.leclercdrive.fr/image.ashx?id=2945724&use=l&cat=p&typeid=i","cat":284617},{"id":50365,"n":"Moelleux Pépites Choco GERBLE  sans sucre - 196g","p":3.3,"u":"16,84 €/KG","img":"https://fd6-photos.leclercdrive.fr/image.ashx?id=2812705&use=l&cat=p&typeid=i","cat":318653},{"id":50398,"n":"Pâtes pour potage Turini Estrelinhas - 250g","p":0.58,"u":"2,32 €/KG","img":"https://fd6-photos.leclercdrive.fr/image.ashx?id=2578511&use=l&cat=p&typeid=i","cat":284427},{"id":50400,"n":"Haricots Notre jardin Alubia canela Marca Guia - 850g","p":1.65,"u":"1,94 €/KG","img":"https://fd6-photos.leclercdrive.fr/image.ashx?id=1962849&use=l&cat=p&typeid=i","cat":312606},{"id":50415,"n":"Pâtes Pevides Turini 250g","p":0.58,"u":"2,32 €/KG","img":"https://fd6-photos.leclercdrive.fr/image.ashx?id=2578508&use=l&cat=p&typeid=i","cat":289009},{"id":50416,"n":"Préparation Tablier Blanc Gélatine multifruits - 2x85g","p":1.35,"u":"7,94 €/KG","img":"https://fd6-photos.leclercdrive.fr/image.ashx?id=1962873&use=l&cat=p&typeid=i","cat":284505},{"id":50417,"n":"Préparation Tablier blanc Gelatine goût pêche 2x85g","p":1.35,"u":"7,94 €/KG","img":"https://fd6-photos.leclercdrive.fr/image.ashx?id=1962870&use=l&cat=p&typeid=i","cat":284505},{"id":50426,"n":"Préparation Tablier Blanc Gélatine goût ananas - 2x85g","p":1.35,"u":"7,94 €/KG","img":"https://fd6-photos.leclercdrive.fr/image.ashx?id=1962807&use=l&cat=p&typeid=i","cat":284505},{"id":50427,"n":"Préparation Tablier Blanc Gélatine goût fraise - 2x85g","p":1.35,"u":"7,94 €/KG","img":"https://fd6-photos.leclercdrive.fr/image.ashx?id=1962804&use=l&cat=p&typeid=i","cat":284505},{"id":50434,"n":"Saucisses Marca Guia  Type portugaises - 350g","p":1.1,"u":"3,14 €/KG","img":"https://fd6-photos.leclercdrive.fr/image.ashx?id=981002&use=l&cat=p&typeid=i","cat":289009},{"id":50435,"n":"Riz carolino Marca Guia 1kg","p":1.69,"u":"1,69 €/KG","img":"https://fd6-photos.leclercdrive.fr/image.ashx?id=1962822&use=l&cat=p&typeid=i","cat":284428},{"id":50458,"n":"Fromage Roucoulons Fromagerie Milleret- 220g","p":2.84,"u":"12,91 €/KG","img":"https://fd6-photos.leclercdrive.fr/image.ashx?id=2450922&use=l&cat=p&typeid=i","cat":329558},{"id":50459,"n":"Fromage à Tartiner St Môret  Nature - 150g","p":2.0,"u":"13,33 €/KG","img":"https://fd6-photos.leclercdrive.fr/image.ashx?id=2755468&use=l&cat=p&typeid=i","cat":314029},{"id":50485,"n":"Sirop Frucci Sans sucres - 75cl","p":2.39,"u":"3,19 €/L","img":"https://fd6-photos.leclercdrive.fr/image.ashx?id=2956735&use=l&cat=p&typeid=i","cat":295020},{"id":50491,"n":"Bière blanche Hoegaarden 4,9% - 6x25cl","p":4.56,"u":"3,04 €/L","img":"https://fd6-photos.leclercdrive.fr/image.ashx?id=2963922&use=l&cat=p&typeid=i","cat":334878},{"id":50508,"n":"Soin yeux L'Oréal Paris  Revitalift anti-rides  - 15ml","p":14.95,"u":"996,67 €/L","img":"https://fd6-photos.leclercdrive.fr/image.ashx?id=2867524&use=l&cat=p&typeid=i","cat":325345},{"id":50524,"n":"Crème soin Nivea visage Sensitive soin de jour - 50ml","p":4.88,"u":"97,60 €/L","img":"https://fd6-photos.leclercdrive.fr/image.ashx?id=2221581&use=l&cat=p&typeid=i","cat":325345},{"id":50548,"n":"Lait de croissance Lactel Nature - 6x1L","p":10.98,"u":"1,83 €/L","img":"https://fd6-photos.leclercdrive.fr/image.ashx?id=2927438&use=l&cat=p&typeid=i","cat":284728},{"id":50568,"n":"Eau aromatisée Cristaline Jus de pêche - 1.5L","p":1.12,"u":"0,75 €/L","img":"https://fd6-photos.leclercdrive.fr/image.ashx?id=2344615&use=l&cat=p&typeid=i","cat":284537},{"id":50569,"n":"Boisson aromatisée Cristaline Jus de fruits tropical - 1.5L","p":1.12,"u":"0,75 €/L","img":"https://fd6-photos.leclercdrive.fr/image.ashx?id=2344618&use=l&cat=p&typeid=i","cat":284537},{"id":50570,"n":"Eau aromatisée Cristaline Fraise - 1.5L","p":1.1,"u":"0,73 €/L","img":"https://fd6-photos.leclercdrive.fr/image.ashx?id=2417255&use=l&cat=p&typeid=i","cat":284537},{"id":50585,"n":"Haricots verts d'aucy  Extra-fins - 440g","p":1.84,"u":"4,18 €/KG","img":"https://fd6-photos.leclercdrive.fr/image.ashx?id=2527370&use=l&cat=p&typeid=i","cat":312606},{"id":50590,"n":"Lentilles préparées D'aucy  530g","p":1.59,"u":"3,00 €/KG","img":"https://fd6-photos.leclercdrive.fr/image.ashx?id=2560597&use=l&cat=p&typeid=i","cat":312609},{"id":50592,"n":"Pois chiches Sultanines 265g","p":0.93,"u":"3,51 €/KG","img":"https://fd6-photos.leclercdrive.fr/image.ashx?id=1920223&use=l&cat=p&typeid=i","cat":312609},{"id":50599,"n":"Crème soyeuse Bio Lait d'anesse So'Bio Etic - 50 ml","p":7.09,"u":"141,80 €/L","img":"https://fd6-photos.leclercdrive.fr/image.ashx?id=2906463&use=l&cat=p&typeid=i","cat":325345},{"id":50600,"n":"Crème onctueuse lait d'anesse Bio - So'Bio Etic - 50 ml","p":7.59,"u":"151,80 €/L","img":"https://fd6-photos.leclercdrive.fr/image.ashx?id=2909062&use=l&cat=p&typeid=i","cat":325345},{"id":50604,"n":"Lotion micellaire So Bio Etic Aloe vera bio - 500 ml","p":4.89,"u":"9,78 €/L","img":"https://fd6-photos.leclercdrive.fr/image.ashx?id=2493508&use=l&cat=p&typeid=i","cat":284603},{"id":50626,"n":"AOC Saint-Émilion vin rouge Chantet Blanet - 37,5cl","p":4.79,"u":"12,77 €/L","img":"https://fd6-photos.leclercdrive.fr/image.ashx?id=2688309&use=l&cat=p&typeid=i","cat":289556},{"id":50640,"n":"IGP Méditerranée vin rosé Terres Ocrées 12.5% vol BIB 5L","p":12.99,"u":"2,60 €/L","img":"https://fd6-photos.leclercdrive.fr/image.ashx?id=2883318&use=l&cat=p&typeid=i","cat":289560},{"id":50662,"n":"Chocolat en poudre Nesquik Extra Choco - 600g","p":5.28,"u":"8,80 €/KG","img":"https://fd6-photos.leclercdrive.fr/image.ashx?id=3004438&use=l&cat=p&typeid=i","cat":293235},{"id":50672,"n":"Biscuits à la cuillère x30 Bonne Maman - 250g","p":4.8,"u":"19,20 €/KG","img":"https://fd6-photos.leclercdrive.fr/image.ashx?id=2936152&use=l&cat=p&typeid=i","cat":284487},{"id":50673,"n":"Financier amandes Bonne Maman 250g","p":3.68,"u":"14,72 €/KG","img":"https://fd6-photos.leclercdrive.fr/image.ashx?id=2936176&use=l&cat=p&typeid=i","cat":284492},{"id":50674,"n":"Quatre quarts Bonne Maman 500g","p":3.05,"u":"6,10 €/KG","img":"https://fd6-photos.leclercdrive.fr/image.ashx?id=2936158&use=l&cat=p&typeid=i","cat":294776},{"id":50675,"n":"Gâteau Bonne Maman  Marbré chocolat - 475g","p":3.13,"u":"6,59 €/KG","img":"https://fd6-photos.leclercdrive.fr/image.ashx?id=2936161&use=l&cat=p&typeid=i","cat":294776},{"id":50676,"n":"Madeleine coquille St Michel  Oeuf plein air x24 - 600g","p":3.27,"u":"5,45 €/KG","img":"https://fd6-photos.leclercdrive.fr/image.ashx?id=2936197&use=l&cat=p&typeid=i","cat":284492},{"id":50678,"n":"IGP Vinaigre balsamique Modène Maille - 75cl","p":4.84,"u":"6,45 €/L","img":"https://fd6-photos.leclercdrive.fr/image.ashx?id=2805666&use=l&cat=p&typeid=i","cat":298543},{"id":50680,"n":"Barre Chocolatée KINDER Country  Céréales chocolat x15 - 352,5g","p":4.83,"u":"13,72 €/KG","img":"https://fd6-photos.leclercdrive.fr/image.ashx?id=2231903&use=l&cat=p&typeid=i","cat":284498},{"id":50682,"n":"Gâteau Ker Cadélac Le Moelleux Original - 500g","p":2.61,"u":"5,22 €/KG","img":"https://fd6-photos.leclercdrive.fr/image.ashx?id=2955797&use=l&cat=p&typeid=i","cat":294776},{"id":50683,"n":"Barre marbré  Ker Cadélac  Cacao - 500g","p":2.47,"u":"4,94 €/KG","img":"https://fd6-photos.leclercdrive.fr/image.ashx?id=2939508&use=l&cat=p&typeid=i","cat":294776},{"id":50686,"n":"Compotes Pom'Potes Gourdes  Multivariétés Inédits - 12x90g","p":5.97,"u":"5,53 €/KG","img":"https://fd6-photos.leclercdrive.fr/image.ashx?id=2864303&use=l&cat=p&typeid=i","cat":284508},{"id":50687,"n":"Compotes Pom'Potes Gourdes  Multivariétés Inédits - 12x90g","p":6.13,"u":"5,68 €/KG","img":"https://fd6-photos.leclercdrive.fr/image.ashx?id=3010924&use=l&cat=p&typeid=i","cat":284508},{"id":50688,"n":"Pains au chocolat Pasquier  x16 - 720g","p":4.39,"u":"6,10 €/KG","img":"https://fd6-photos.leclercdrive.fr/image.ashx?id=2686837&use=l&cat=p&typeid=i","cat":296366},{"id":50689,"n":"Croissants Pasquier x8 - 320g","p":1.93,"u":"6,03 €/KG","img":"https://fd6-photos.leclercdrive.fr/image.ashx?id=2853053&use=l&cat=p&typeid=i","cat":296366},{"id":50690,"n":"Brioche tressée Pasquier Tranchée nature - 500g","p":2.54,"u":"5,08 €/KG","img":"https://fd6-photos.leclercdrive.fr/image.ashx?id=2978706&use=l&cat=p&typeid=i","cat":284478},{"id":50705,"n":"Toasts ronds nature Jacquet - 250g","p":1.44,"u":"5,76 €/KG","img":"https://fd6-photos.leclercdrive.fr/image.ashx?id=2979602&use=l&cat=p&typeid=i","cat":285454},{"id":50706,"n":"Toasts foie gras ronds Jacquet - 250g","p":1.44,"u":"5,76 €/KG","img":"https://fd6-photos.leclercdrive.fr/image.ashx?id=2979599&use=l&cat=p&typeid=i","cat":285454},{"id":50712,"n":"Biscuits Choco Pause Milka Chocolat au lait - 260g","p":1.37,"u":"5,27 €/KG","img":"https://fd6-photos.leclercdrive.fr/image.ashx?id=2192572&use=l&cat=p&typeid=i","cat":284488},{"id":50713,"n":"Biscuits Oreo Vanille / chocolat blanc - 246g","p":2.53,"u":"10,28 €/KG","img":"https://fd6-photos.leclercdrive.fr/image.ashx?id=2989447&use=l&cat=p&typeid=i","cat":284488},{"id":50714,"n":"Biscottes Heudebert  Goût brioché - 290g","p":1.69,"u":"5,83 €/KG","img":"https://fd6-photos.leclercdrive.fr/image.ashx?id=3001979&use=l&cat=p&typeid=i","cat":284479},{"id":50715,"n":"Biscottes Gourmande Pelletier Goût brioché - 260g","p":2.13,"u":"8,19 €/KG","img":"https://fd6-photos.leclercdrive.fr/image.ashx?id=2961825&use=l&cat=p&typeid=i","cat":284479},{"id":50717,"n":"Gâche tranchée La Fournée Dorée Pépites de chocolat - 500g","p":2.86,"u":"5,72 €/KG","img":"https://fd6-photos.leclercdrive.fr/image.ashx?id=2347035&use=l&cat=p&typeid=i","cat":284478},{"id":50734,"n":"Soda Sprink's Orange - 1.5L","p":0.92,"u":"0,61 €/L","img":"https://fd6-photos.leclercdrive.fr/image.ashx?id=2974810&use=l&cat=p&typeid=i","cat":284532},{"id":50736,"n":"Blancs de poulet Eco+ 4 tranches - 180g","p":1.31,"u":"7,28 €/KG","img":"https://fd6-photos.leclercdrive.fr/image.ashx?id=2683634&use=l&cat=p&typeid=i","cat":316010},{"id":50760,"n":"Sablés Bonne Maman  Tout Chocolat - 150g","p":1.52,"u":"10,13 €/KG","img":"https://fd6-photos.leclercdrive.fr/image.ashx?id=2923687&use=l&cat=p&typeid=i","cat":325066},{"id":50767,"n":"Roti de porc Eco+ 5 tranches - 150g","p":1.79,"u":"11,93 €/KG","img":"https://fd6-photos.leclercdrive.fr/image.ashx?id=2706747&use=l&cat=p&typeid=i","cat":316009},{"id":50770,"n":"Pâtes serpentin Turini  Cuisson rapide - 500g","p":1.16,"u":"2,32 €/KG","img":"https://fd6-photos.leclercdrive.fr/image.ashx?id=2607560&use=l&cat=p&typeid=i","cat":284427},{"id":50773,"n":"Dés de jambon Eco+ 2x100G","p":1.65,"u":"8,25 €/KG","img":"https://fd6-photos.leclercdrive.fr/image.ashx?id=2930936&use=l&cat=p&typeid=i","cat":316011},{"id":50779,"n":"Saucisse de Strasbourg Eco+ x10 - 350g","p":1.19,"u":"3,40 €/KG","img":"https://fd6-photos.leclercdrive.fr/image.ashx?id=2794856&use=l&cat=p&typeid=i","cat":316012},{"id":50780,"n":"Saucisse de Cocktail Eco+ 400g","p":2.49,"u":"6,23 €/KG","img":"https://fd6-photos.leclercdrive.fr/image.ashx?id=2651813&use=l&cat=p&typeid=i","cat":284450},{"id":50802,"n":"Huile d'olive Tramier Vierge extra - 75cl","p":8.0,"u":"10,67 €/L","img":"https://fd6-photos.leclercdrive.fr/image.ashx?id=2769807&use=l&cat=p&typeid=i","cat":284453},{"id":50810,"n":"Sauce Tomates Barilla Arrabbiata - 400g","p":1.69,"u":"4,23 €/KG","img":"https://fd6-photos.leclercdrive.fr/image.ashx?id=2832509&use=l&cat=p&typeid=i","cat":287599},{"id":50843,"n":"Pastis Ricard Anisé 45% vol - 2L","p":39.6,"u":"19,80 €/L","img":"https://fd6-photos.leclercdrive.fr/image.ashx?id=2919271&use=l&cat=p&typeid=i","cat":284548},{"id":50846,"n":"Apéritif prêt à boire Martini Bellini 8° - 75cl","p":7.95,"u":"10,60 €/L","img":"https://fd6-photos.leclercdrive.fr/image.ashx?id=2867220&use=l&cat=p&typeid=i","cat":289461},{"id":50863,"n":"Savon verveine Petit Olivier 2x100g","p":2.05,"u":"10,25 €/KG","img":"https://fd6-photos.leclercdrive.fr/image.ashx?id=2144839&use=l&cat=p&typeid=i","cat":284597},{"id":50866,"n":"Savon doux karité Petit Olivier Surgras - 250g","p":2.46,"u":"9,84 €/KG","img":"https://fd6-photos.leclercdrive.fr/image.ashx?id=2144848&use=l&cat=p&typeid=i","cat":284597},{"id":50867,"n":"Petit Olivier savon Marseille Avec ou sans pompe -  300ml","p":2.5,"u":"8,33 €/L","img":"https://fd6-photos.leclercdrive.fr/image.ashx?id=2683793&use=l&cat=p&typeid=i","cat":284597},{"id":50878,"n":"Cordon bleu Maitre Coq 400 g","p":4.3,"u":"10,75 €/KG","img":"https://fd6-photos.leclercdrive.fr/image.ashx?id=2426911&use=l&cat=p&typeid=i","cat":333683},{"id":50899,"n":"Sandwich baguette Daunat XXL Poulet crudités - 230g","p":2.02,"u":"8,78 €/KG","img":"https://fd6-photos.leclercdrive.fr/image.ashx?id=2623229&use=l&cat=p&typeid=i","cat":333658},{"id":50903,"n":"Rana Feuilles de lasagnes Fraîches - 250g","p":2.03,"u":"8,12 €/KG","img":"https://fd6-photos.leclercdrive.fr/image.ashx?id=2529144&use=l&cat=p&typeid=i","cat":333682},{"id":50905,"n":"Briquet Mega Lighter U140 Fluo - x1","p":3.56,"img":"https://fd6-photos.leclercdrive.fr/image.ashx?id=2730880&use=l&cat=p&typeid=i","cat":300578},{"id":50906,"n":"Cubes allume-feu Eco+ x32","p":1.4,"u":"0,04 €/P","img":"https://fd6-photos.leclercdrive.fr/image.ashx?id=2645125&use=l&cat=p&typeid=i","cat":300578},{"id":50915,"n":"Gnocchi à poêler Lustucru Fromage - 300g","p":1.72,"u":"5,73 €/KG","img":"https://fd6-photos.leclercdrive.fr/image.ashx?id=3014482&use=l&cat=p&typeid=i","cat":333682},{"id":50919,"n":"Emincés de boeuf Fleury Michon pommes de terre poivre - 280g","p":3.82,"u":"13,64 €/KG","img":"https://fd6-photos.leclercdrive.fr/image.ashx?id=3003299&use=l&cat=p&typeid=i","cat":333665},{"id":50926,"n":"Mortadelle Titours Reinert 80g","p":1.97,"u":"24,63 €/KG","img":"https://fd6-photos.leclercdrive.fr/image.ashx?id=2148365&use=l&cat=p&typeid=i","cat":316009},{"id":50956,"n":"Bougies chauffe plats Ardence x25","p":2.39,"img":"https://fd6-photos.leclercdrive.fr/image.ashx?id=2635550&use=l&cat=p&typeid=i","cat":335913},{"id":50984,"n":"Soda zéro Sprink's Agrumes - 1,5L","p":0.76,"u":"0,51 €/L","img":"https://fd6-photos.leclercdrive.fr/image.ashx?id=2913724&use=l&cat=p&typeid=i","cat":284532},{"id":50990,"n":"Fruits au sirop St Mamet Ananas en morceaux - 345g","p":2.6,"u":"7,54 €/KG","img":"https://fd6-photos.leclercdrive.fr/image.ashx?id=2927309&use=l&cat=p&typeid=i","cat":284507},{"id":50991,"n":"Fruits au sirop St Mamet Ananas en tranches - 345g","p":2.96,"u":"8,58 €/KG","img":"https://fd6-photos.leclercdrive.fr/image.ashx?id=2630226&use=l&cat=p&typeid=i","cat":284507},{"id":51046,"n":"Mouchoirs blancs 3 plis Eco+ x15","p":0.97,"u":"0,06 €/P","img":"https://fd6-photos.leclercdrive.fr/image.ashx?id=2824244&use=l&cat=p&typeid=i","cat":284638},{"id":51047,"n":"Biscuits Petit Brun extra 300g","p":1.4,"u":"4,67 €/KG","img":"https://fd6-photos.leclercdrive.fr/image.ashx?id=3002264&use=l&cat=p&typeid=i","cat":284487},{"id":51048,"n":"Lentilles Notre Jardin 3x130g","p":2.09,"u":"5,36 €/KG","img":"https://fd6-photos.leclercdrive.fr/image.ashx?id=3002617&use=l&cat=p&typeid=i","cat":312609},{"id":51050,"n":"Chips Pom'lisse Barbecue - 6x30g","p":1.99,"u":"11,06 €/KG","img":"https://fd6-photos.leclercdrive.fr/image.ashx?id=2809668&use=l&cat=p&typeid=i","cat":284447},{"id":51089,"n":"Soda Sprink's Aux agrumes - 1.5L","p":1.4,"u":"0,93 €/L","img":"https://fd6-photos.leclercdrive.fr/image.ashx?id=2913727&use=l&cat=p&typeid=i","cat":284532},{"id":51203,"n":"Filets de maqueraux Saupiquet  Vin blanc - 3x176g","p":5.99,"u":"11,34 €/KG","img":"https://fd6-photos.leclercdrive.fr/image.ashx?id=2826969&use=l&cat=p&typeid=i","cat":303868},{"id":51227,"n":"Papier cuisson Alfapac Naturel 10M x 0.37","p":2.2,"img":"https://fd6-photos.leclercdrive.fr/image.ashx?id=2887734&use=l&cat=p&typeid=i","cat":334134},{"id":51249,"n":"Crème brûlée La Laitière saveur vanille - 4x100g","p":2.99,"u":"7,48 €/KG","img":"https://fd6-photos.leclercdrive.fr/image.ashx?id=2624116&use=l&cat=p&typeid=i","cat":284419},{"id":51250,"n":"Yaourt nature Activia bifidus 0%MG  - 8x125g","p":2.85,"u":"2,85 €/KG","img":"https://fd6-photos.leclercdrive.fr/image.ashx?id=2741688&use=l&cat=p&typeid=i","cat":315000},{"id":51254,"n":"Eau aromatisée O'Fresh Pêche - 1.5L","p":0.91,"u":"0,61 €/L","img":"https://fd6-photos.leclercdrive.fr/image.ashx?id=2450029&use=l&cat=p&typeid=i","cat":284537},{"id":51257,"n":"Eau aromatisée O'Fresh Citron vert - 1.5L","p":0.75,"u":"0,50 €/L","img":"https://fd6-photos.leclercdrive.fr/image.ashx?id=2450038&use=l&cat=p&typeid=i","cat":284537},{"id":51265,"n":"Eau aromatisée O'Fresh Citron - 1.5L","p":0.75,"u":"0,50 €/L","img":"https://fd6-photos.leclercdrive.fr/image.ashx?id=2450041&use=l&cat=p&typeid=i","cat":284537},{"id":51268,"n":"Eau aromatisée O'Fresh Fraise - 1.5L","p":0.75,"u":"0,50 €/L","img":"https://fd6-photos.leclercdrive.fr/image.ashx?id=2450044&use=l&cat=p&typeid=i","cat":284537},{"id":51270,"n":"Tablette chocolat Côte d'Or Chocolat au lait - 3x100g","p":4.3,"u":"14,33 €/KG","img":"https://fd6-photos.leclercdrive.fr/image.ashx?id=2875561&use=l&cat=p&typeid=i","cat":284497},{"id":51271,"n":"Tablette chocolat Côte d'Or Noir extra - 3x100g","p":3.88,"u":"12,93 €/KG","img":"https://fd6-photos.leclercdrive.fr/image.ashx?id=2875564&use=l&cat=p&typeid=i","cat":284956},{"id":51274,"n":"Tablette chocolat Côte d'Or Chocolar lait/ Raisin - 180g","p":3.47,"u":"19,28 €/KG","img":"https://fd6-photos.leclercdrive.fr/image.ashx?id=2961272&use=l&cat=p&typeid=i","cat":284497},{"id":51275,"n":"Tablette chocolat Côte d'Or Chocolat lait/Noisettes - 180g","p":3.13,"u":"17,39 €/KG","img":"https://fd6-photos.leclercdrive.fr/image.ashx?id=2993140&use=l&cat=p&typeid=i","cat":284497},{"id":51277,"n":"Tablette chocolat Côte d'Or Chocolat noir Amandes - 180g","p":3.54,"u":"19,67 €/KG","img":"https://fd6-photos.leclercdrive.fr/image.ashx?id=2993146&use=l&cat=p&typeid=i","cat":284956},{"id":51289,"n":"Fromage Blanc Calin Nature - 0% extra - 850g","p":2.3,"u":"2,71 €/KG","img":"https://fd6-photos.leclercdrive.fr/image.ashx?id=2973724&use=l&cat=p&typeid=i","cat":315000},{"id":51291,"n":"Fromage blanc Soignon Nature lait de chèvre - 4x100g","p":2.6,"u":"6,50 €/KG","img":"https://fd6-photos.leclercdrive.fr/image.ashx?id=2539902&use=l&cat=p&typeid=i","cat":314998},{"id":51293,"n":"Douceur satinée Délisse Noix de coco - 4x125g","p":1.71,"u":"3,42 €/KG","img":"https://fd6-photos.leclercdrive.fr/image.ashx?id=2967564&use=l&cat=p&typeid=i","cat":314999},{"id":51300,"n":"Yaourt Nature Sucré Yoplait - 4x125g","p":1.15,"u":"2,30 €/KG","img":"https://fd6-photos.leclercdrive.fr/image.ashx?id=2799898&use=l&cat=p&typeid=i","cat":284409},{"id":51344,"n":"Riz au lait La Laitière Rhum raisin - 4x115g","p":1.98,"u":"4,30 €/KG","img":"https://fd6-photos.leclercdrive.fr/image.ashx?id=2490455&use=l&cat=p&typeid=i","cat":284418},{"id":51346,"n":"Dessert liégeois Viennois Vanille lit de caramel - 4x100g","p":1.71,"u":"4,28 €/KG","img":"https://fd6-photos.leclercdrive.fr/image.ashx?id=2692122&use=l&cat=p&typeid=i","cat":285042},{"id":51353,"n":"Fromage Cantal jeune NRT AOP  200g","p":3.19,"u":"15,95 €/KG","img":"https://fd6-photos.leclercdrive.fr/image.ashx?id=2934832&use=l&cat=p&typeid=i","cat":314034},{"id":51361,"n":"Brassé Poire vanille Good Goût Bio Dès 6 mois - 90g","p":1.24,"u":"13,78 €/KG","img":"https://fd6-photos.leclercdrive.fr/image.ashx?id=2736178&use=l&cat=p&typeid=i","cat":312392},{"id":51392,"n":"Yaourts à la Grecque Délisse Lit de fruit jaunes - 4x150g","p":1.99,"u":"3,32 €/KG","img":"https://fd6-photos.leclercdrive.fr/image.ashx?id=2699699&use=l&cat=p&typeid=i","cat":314999},{"id":51395,"n":"Profiteroles Délisse 4x90g","p":2.49,"u":"6,92 €/KG","img":"https://fd6-photos.leclercdrive.fr/image.ashx?id=2415562&use=l&cat=p&typeid=i","cat":284419},{"id":51607,"n":"Fromage enfant Kiri Goûter 8 portions barquettes - 280g","p":3.5,"u":"12,50 €/KG","img":"https://fd6-photos.leclercdrive.fr/image.ashx?id=2972886&use=l&cat=p&typeid=i","cat":314030},{"id":51722,"n":"Bâtonnet Magic Smicy Mutlifruits x8 - 320g","p":2.51,"u":"7,84 €/KG","img":"https://fd6-photos.leclercdrive.fr/image.ashx?id=2133942&use=l&cat=p&typeid=i","cat":285250},{"id":51725,"n":"Eau source Cristaline 6x1,5L","p":1.11,"u":"0,12 €/L","img":"https://fd6-photos.leclercdrive.fr/image.ashx?id=853376&use=l&cat=p&typeid=i","cat":284535},{"id":51750,"n":"Sel fin La Baleine Iodé - 500g","p":0.52,"u":"1,04 €/KG","img":"https://fd6-photos.leclercdrive.fr/image.ashx?id=1752100&use=l&cat=p&typeid=i","cat":284457},{"id":51751,"n":"Cacolac Chocolat Canettes Pack - 6x25cl","p":4.86,"u":"3,24 €/L","img":"https://fd6-photos.leclercdrive.fr/image.ashx?id=2554623&use=l&cat=p&typeid=i","cat":295246},{"id":51770,"n":"Protège-documents Esquisse Rouge - A4 - 40 vues","p":1.79,"img":"https://fd6-photos.leclercdrive.fr/image.ashx?id=940775&use=l&cat=p&typeid=i","cat":284745},{"id":51771,"n":"Protège-documents Esquisse  Transparent - A4 - 40 vues","p":1.79,"img":"https://fd6-photos.leclercdrive.fr/image.ashx?id=1690170&use=l&cat=p&typeid=i","cat":284745},{"id":51779,"n":"Protège-cahier Esquisse Jaune - 17x22cm","p":0.65,"img":"https://fd6-photos.leclercdrive.fr/image.ashx?id=940743&use=l&cat=p&typeid=i","cat":284697},{"id":51782,"n":"Protège-cahier Esquisse Vert - 17x22cm","p":0.65,"img":"https://fd6-photos.leclercdrive.fr/image.ashx?id=940731&use=l&cat=p&typeid=i","cat":284697},{"id":51822,"n":"Thé glacé Lipton Ice Tea Pêche - 4x50cl","p":4.09,"u":"2,05 €/L","img":"https://fd6-photos.leclercdrive.fr/image.ashx?id=2505471&use=l&cat=p&typeid=i","cat":295019},{"id":51864,"n":"Bière blonde Kronenbourg 4,2° - 6x25cl","p":3.74,"u":"2,49 €/L","img":"https://fd6-photos.leclercdrive.fr/image.ashx?id=2992747&use=l&cat=p&typeid=i","cat":334873},{"id":51865,"n":"Bière blonde Kronenbourg 4,2° - 10x25cl","p":5.35,"u":"2,14 €/L","img":"https://fd6-photos.leclercdrive.fr/image.ashx?id=2992750&use=l&cat=p&typeid=i","cat":334873},{"id":51866,"n":"Lait Croissance Mots d'Enfants 12 à 36 mois - 6x1L","p":8.04,"u":"1,34 €/L","img":"https://fd6-photos.leclercdrive.fr/image.ashx?id=2770684&use=l&cat=p&typeid=i","cat":284728},{"id":51904,"n":"Règle Esquisse 30cm - x1","p":0.75,"img":"https://fd6-photos.leclercdrive.fr/image.ashx?id=2726908&use=l&cat=p&typeid=i","cat":334133},{"id":51934,"n":"Goûter laitier Récré O'Lé Gourdes Chocolat - 12x85g","p":5.85,"u":"5,74 €/KG","img":"https://fd6-photos.leclercdrive.fr/image.ashx?id=2887035&use=l&cat=p&typeid=i","cat":284506},{"id":51935,"n":"Goûter laitier Récré O'Lé Gourdes Saveur Vanille - 12x85g","p":5.5,"u":"5,39 €/KG","img":"https://fd6-photos.leclercdrive.fr/image.ashx?id=2795213&use=l&cat=p&typeid=i","cat":284506},{"id":51954,"n":"Bougie Bien Air Vanille/ambre 40h x1","p":2.59,"img":"https://fd6-photos.leclercdrive.fr/image.ashx?id=2462897&use=l&cat=p&typeid=i","cat":284666},{"id":51956,"n":"Gel barquette  Bien Air Muguet  x1","p":1.24,"img":"https://fd6-photos.leclercdrive.fr/image.ashx?id=2466877&use=l&cat=p&typeid=i","cat":311628},{"id":51957,"n":"Gel désodorisant Bien Air Marine - x1","p":1.35,"img":"https://fd6-photos.leclercdrive.fr/image.ashx?id=2466880&use=l&cat=p&typeid=i","cat":311628},{"id":51978,"n":"Boisson au soja Nat&Vie Chocolat - 1L","p":1.4,"u":"1,40 €/L","img":"https://fd6-photos.leclercdrive.fr/image.ashx?id=2886457&use=l&cat=p&typeid=i","cat":316067},{"id":51979,"n":"Boisson au soja Vanille Végé 1L Végé - 200g","p":1.35,"u":"1,35 €/L","img":"https://fd6-photos.leclercdrive.fr/image.ashx?id=2872703&use=l&cat=p&typeid=i","cat":316067},{"id":51980,"n":"Lait demi-écrémé Délisse UHT -  6x25cl","p":3.36,"u":"2,24 €/L","img":"https://fd6-photos.leclercdrive.fr/image.ashx?id=2971503&use=l&cat=p&typeid=i","cat":284377},{"id":51995,"n":"Spécialité laitière Délisse Epaisse - 7% MG - 50cl","p":1.43,"u":"2,86 €/L","img":"https://fd6-photos.leclercdrive.fr/image.ashx?id=2363802&use=l&cat=p&typeid=i","cat":284381},{"id":51996,"n":"Spécialtié laitière Délisse UHT Fluide 4%mg - 3x20cl","p":1.99,"u":"3,32 €/L","img":"https://fd6-photos.leclercdrive.fr/image.ashx?id=2909398&use=l&cat=p&typeid=i","cat":284381},{"id":51999,"n":"Spécialité laitière Délisse Semi-épaisse 4%mg - 2x25cl","p":1.9,"u":"3,80 €/L","img":"https://fd6-photos.leclercdrive.fr/image.ashx?id=1790942&use=l&cat=p&typeid=i","cat":284381},{"id":52000,"n":"Spécialité laitière Délisse Epaisse - 7% MG - 20cl","p":0.95,"u":"4,75 €/L","img":"https://fd6-photos.leclercdrive.fr/image.ashx?id=2375583&use=l&cat=p&typeid=i","cat":284381},{"id":52001,"n":"Pâte à pizza fine Herta Rectangulaire - 390g","p":1.54,"u":"3,95 €/KG","img":"https://fd6-photos.leclercdrive.fr/image.ashx?id=2976110&use=l&cat=p&typeid=i","cat":333681},{"id":52002,"n":"HERTA Pâte à pizza fine & ronde 265g","p":1.23,"u":"4,64 €/KG","img":"https://fd6-photos.leclercdrive.fr/image.ashx?id=2975674&use=l&cat=p&typeid=i","cat":333681},{"id":52003,"n":"Eau aromatisée O'Fresh Fraise - 6x50cl","p":2.99,"u":"1,00 €/L","img":"https://fd6-photos.leclercdrive.fr/image.ashx?id=2441378&use=l&cat=p&typeid=i","cat":284537},{"id":52004,"n":"AOC Alsace Edelzwicker  vin blanc Rebmann - 75 cl","p":4.49,"u":"5,99 €/L","img":"https://fd6-photos.leclercdrive.fr/image.ashx?id=2775472&use=l&cat=p&typeid=i","cat":289557},{"id":52006,"n":"Blinis Ronde des Mers Medium x8 - 160g","p":1.69,"u":"10,56 €/KG","img":"https://fd6-photos.leclercdrive.fr/image.ashx?id=2981888&use=l&cat=p&typeid=i","cat":285191},{"id":52044,"n":"Croquettes Lydog Mini chien adulte - 1.5kg","p":3.99,"u":"2,66 €/KG","img":"https://fd6-photos.leclercdrive.fr/image.ashx?id=967999&use=l&cat=p&typeid=i","cat":294526},{"id":52071,"n":"Tortillas Table du Monde De maïs - 320g","p":1.69,"u":"5,28 €/KG","img":"https://fd6-photos.leclercdrive.fr/image.ashx?id=2679759&use=l&cat=p&typeid=i","cat":288993},{"id":52077,"n":"IGP Côtes du Tarn Gamay  Rouge Vieux Carion 12% BIB 3L","p":7.99,"u":"2,66 €/L","img":"https://fd6-photos.leclercdrive.fr/image.ashx?id=2905922&use=l&cat=p&typeid=i","cat":289560},{"id":52080,"n":"Emmental fromage rapé Les Croisés - 1kg","p":7.97,"u":"7,97 €/KG","img":"https://fd6-photos.leclercdrive.fr/image.ashx?id=2832990&use=l&cat=p&typeid=i","cat":314035},{"id":52081,"n":"Boisson à base de vin rosé  saveur fraise Festalie - 75 cl","p":2.4,"u":"3,20 €/L","img":"https://fd6-photos.leclercdrive.fr/image.ashx?id=2774903&use=l&cat=p&typeid=i","cat":304569},{"id":52082,"n":"Roulés Les Croisés Jambon fumé Fromage ail fines herbes - 100g","p":2.79,"u":"27,90 €/KG","img":"https://fd6-photos.leclercdrive.fr/image.ashx?id=2501682&use=l&cat=p&typeid=i","cat":314027},{"id":52083,"n":"Roulés Les Croisés Jambon fumé poivre - 100g","p":2.85,"u":"28,50 €/KG","img":"https://fd6-photos.leclercdrive.fr/image.ashx?id=2501685&use=l&cat=p&typeid=i","cat":314027},{"id":52087,"n":"Apéritif Rosso Voltano Sans alcool - 75cl","p":2.28,"u":"3,04 €/L","img":"https://fd6-photos.leclercdrive.fr/image.ashx?id=2562117&use=l&cat=p&typeid=i","cat":284549},{"id":52089,"n":"Fromage Cantal Entre deux NRT  AOP - 220g","p":3.26,"u":"14,82 €/KG","img":"https://fd6-photos.leclercdrive.fr/image.ashx?id=2934838&use=l&cat=p&typeid=i","cat":314034},{"id":52093,"n":"Salade Menu Fraîcheur Lentilles aux oignons - 300g","p":1.52,"u":"5,07 €/KG","img":"https://fd6-photos.leclercdrive.fr/image.ashx?id=2645954&use=l&cat=p&typeid=i","cat":333657},{"id":52094,"n":"Poulet rôti purée Côté Table Barquette - 300g","p":2.38,"u":"7,93 €/KG","img":"https://fd6-photos.leclercdrive.fr/image.ashx?id=2624001&use=l&cat=p&typeid=i","cat":284953},{"id":52096,"n":"Confit de figues NRT De Provence - 150g","p":1.87,"u":"12,47 €/KG","img":"https://fd6-photos.leclercdrive.fr/image.ashx?id=2839995&use=l&cat=p&typeid=i","cat":284480},{"id":52097,"n":"Salade Menu Fraîcheur Pâtes saumon - 300g","p":2.49,"u":"8,30 €/KG","img":"https://fd6-photos.leclercdrive.fr/image.ashx?id=2645960&use=l&cat=p&typeid=i","cat":333657},{"id":52101,"n":"Barre marbré P'tit Deli Chocolat - 500g","p":1.95,"u":"3,90 €/KG","img":"https://fd6-photos.leclercdrive.fr/image.ashx?id=2523181&use=l&cat=p&typeid=i","cat":294776},{"id":52104,"n":"Gaufres P'tit Deli Poudrées - 260g","p":1.69,"u":"6,50 €/KG","img":"https://fd6-photos.leclercdrive.fr/image.ashx?id=2932417&use=l&cat=p&typeid=i","cat":294777},{"id":52108,"n":"Sirop violette NRT Des Alpes-Maritimes -70cl","p":3.2,"u":"4,57 €/L","img":"https://fd6-photos.leclercdrive.fr/image.ashx?id=2590490&use=l&cat=p&typeid=i","cat":295020},{"id":52110,"n":"Chiffonnade Saint Azay Jambon italien  - 100g","p":2.99,"u":"29,90 €/KG","img":"https://fd6-photos.leclercdrive.fr/image.ashx?id=2313106&use=l&cat=p&typeid=i","cat":316007},{"id":52111,"n":"Chiffonade chorizo Saint Azay 100g","p":2.19,"u":"21,90 €/KG","img":"https://fd6-photos.leclercdrive.fr/image.ashx?id=2845146&use=l&cat=p&typeid=i","cat":316007},{"id":52112,"n":"Jambon sec Saint Azay  4 tranches - 100g","p":2.06,"u":"20,60 €/KG","img":"https://fd6-photos.leclercdrive.fr/image.ashx?id=2869275&use=l&cat=p&typeid=i","cat":316007},{"id":52113,"n":"Jambon sec Saint Azay  8 tranches - 200g","p":4.09,"u":"20,45 €/KG","img":"https://fd6-photos.leclercdrive.fr/image.ashx?id=2872451&use=l&cat=p&typeid=i","cat":316007},{"id":52115,"n":"Ail Rustica  250g","p":3.29,"u":"13,16 €/KG","img":"https://fd6-photos.leclercdrive.fr/image.ashx?id=2341894&use=l&cat=p&typeid=i","cat":319804},{"id":52117,"n":"Persil et ail Rustica   250g","p":3.33,"u":"13,32 €/KG","img":"https://fd6-photos.leclercdrive.fr/image.ashx?id=2341897&use=l&cat=p&typeid=i","cat":319804},{"id":52118,"n":"Persil Rustica 250g","p":3.29,"u":"13,16 €/KG","img":"https://fd6-photos.leclercdrive.fr/image.ashx?id=2835205&use=l&cat=p&typeid=i","cat":319804},{"id":52122,"n":"Limonade Sprink's Zero - 1.5L","p":0.59,"u":"0,39 €/L","img":"https://fd6-photos.leclercdrive.fr/image.ashx?id=2913681&use=l&cat=p&typeid=i","cat":284531},{"id":52128,"n":"Dés de saumon Ronde des Mers  Fumé nature - 90g","p":4.1,"u":"45,56 €/KG","img":"https://fd6-photos.leclercdrive.fr/image.ashx?id=2966246&use=l&cat=p&typeid=i","cat":285188},{"id":52134,"n":"Emmental -30% sel fromage bloc  Les Croisés - 200g","p":2.59,"u":"12,95 €/KG","img":"https://fd6-photos.leclercdrive.fr/image.ashx?id=2897790&use=l&cat=p&typeid=i","cat":314034},{"id":52135,"n":"Emmental -30% sel fromage râpé Les Croisés - 150g","p":1.99,"u":"13,27 €/KG","img":"https://fd6-photos.leclercdrive.fr/image.ashx?id=2949197&use=l&cat=p&typeid=i","cat":314035},{"id":52136,"n":"Mozzarella Pic'Express 250g","p":2.99,"u":"11,96 €/KG","img":"https://fd6-photos.leclercdrive.fr/image.ashx?id=2678800&use=l&cat=p&typeid=i","cat":319774},{"id":52139,"n":"Confit d'oignons NRT 150g","p":1.87,"u":"12,47 €/KG","img":"https://fd6-photos.leclercdrive.fr/image.ashx?id=2839998&use=l&cat=p&typeid=i","cat":284458},{"id":52141,"n":"Bâtonnets Dentastix Pedigree Moyen chien x7 - 180g","p":2.25,"u":"12,50 €/KG","img":"https://fd6-photos.leclercdrive.fr/image.ashx?id=2981301&use=l&cat=p&typeid=i","cat":294527},{"id":52142,"n":"Bâtonnets Dentastix Pedigree Grand chien x7 - 270g","p":2.87,"u":"10,63 €/KG","img":"https://fd6-photos.leclercdrive.fr/image.ashx?id=2877046&use=l&cat=p&typeid=i","cat":294527},{"id":52143,"n":"Bâtonnets Dentastix Pedigree Petit chien x7 - 110g","p":1.77,"u":"16,09 €/KG","img":"https://fd6-photos.leclercdrive.fr/image.ashx?id=2832338&use=l&cat=p&typeid=i","cat":294527},{"id":52148,"n":"Filet de poulet Fleury Michon pommes de terre - 300g","p":3.22,"u":"10,73 €/KG","img":"https://fd6-photos.leclercdrive.fr/image.ashx?id=2656754&use=l&cat=p&typeid=i","cat":333665},{"id":52156,"n":"Pomme Jonagored  1p","p":0.65,"img":"https://fd6-photos.leclercdrive.fr/image.ashx?id=2869743&use=l&cat=p&typeid=i","cat":284356},{"id":52170,"n":"Amandes effilées Vahiné 125g","p":3.75,"u":"30,00 €/KG","img":"https://fd6-photos.leclercdrive.fr/image.ashx?id=2490575&use=l&cat=p&typeid=i","cat":284504},{"id":52171,"n":"Noix de coco Vahiné  Râpée - 115g","p":1.76,"u":"15,30 €/KG","img":"https://fd6-photos.leclercdrive.fr/image.ashx?id=2559811&use=l&cat=p&typeid=i","cat":284504},{"id":52172,"n":"Noisettes en poudre Vahiné 100g","p":3.28,"u":"32,80 €/KG","img":"https://fd6-photos.leclercdrive.fr/image.ashx?id=2559823&use=l&cat=p&typeid=i","cat":284504},{"id":52174,"n":"Raisins blond Vahiné  125g","p":1.75,"u":"14,00 €/KG","img":"https://fd6-photos.leclercdrive.fr/image.ashx?id=2606253&use=l&cat=p&typeid=i","cat":284357},{"id":52175,"n":"Raisins secs Vahiné  125g","p":1.71,"u":"13,68 €/KG","img":"https://fd6-photos.leclercdrive.fr/image.ashx?id=2559820&use=l&cat=p&typeid=i","cat":284357},{"id":52176,"n":"Cerneaux de noix Vahiné 50g","p":1.69,"u":"33,80 €/KG","img":"https://fd6-photos.leclercdrive.fr/image.ashx?id=2606247&use=l&cat=p&typeid=i","cat":284504},{"id":52177,"n":"Pignons de pin Vahiné 50g","p":3.9,"u":"78,00 €/KG","img":"https://fd6-photos.leclercdrive.fr/image.ashx?id=2559799&use=l&cat=p&typeid=i","cat":284357},{"id":52246,"n":"Spray retouche L'Oréal Paris Magic Retouch Noir","p":8.71,"u":"116,13 €/L","img":"https://fd6-photos.leclercdrive.fr/image.ashx?id=2586420&use=l&cat=p&typeid=i","cat":288899},{"id":52247,"n":"Spray racine Magic Retouch 6 Chatain/acajou - 75ml","p":9.86,"u":"131,47 €/L","img":"https://fd6-photos.leclercdrive.fr/image.ashx?id=2618011&use=l&cat=p&typeid=i","cat":288899},{"id":52248,"n":"Spray racine Magic Retouch 5 Blond - 75ml","p":8.31,"u":"110,80 €/L","img":"https://fd6-photos.leclercdrive.fr/image.ashx?id=2597193&use=l&cat=p&typeid=i","cat":288899},{"id":52249,"n":"Spray retouche L'Oréal Paris Magic Retouch Blond foncé","p":9.04,"u":"120,53 €/L","img":"https://fd6-photos.leclercdrive.fr/image.ashx?id=2586429&use=l&cat=p&typeid=i","cat":288899},{"id":52250,"n":"Spray Coloration L'Oréal Paris Magic Retouch Châtain","p":9.22,"u":"122,93 €/L","img":"https://fd6-photos.leclercdrive.fr/image.ashx?id=2586426&use=l&cat=p&typeid=i","cat":288899},{"id":52251,"n":"Spray retouche L'Oréal Paris Magic Retouch Châtain Foncé","p":8.75,"u":"116,67 €/L","img":"https://fd6-photos.leclercdrive.fr/image.ashx?id=2586423&use=l&cat=p&typeid=i","cat":288899},{"id":52254,"n":"IGP Comté Tolosan vin blanc Bernard Cordelier - 75 cl","p":1.99,"u":"2,65 €/L","img":"https://fd6-photos.leclercdrive.fr/image.ashx?id=2905198&use=l&cat=p&typeid=i","cat":289557},{"id":52335,"n":"Sauce tomate cuisinée Panzani Tube légumes - 180g","p":0.98,"u":"5,44 €/KG","img":"https://fd6-photos.leclercdrive.fr/image.ashx?id=2984751&use=l&cat=p&typeid=i","cat":288384},{"id":52340,"n":"Clémentines  1p","p":0.19,"img":"https://fd6-photos.leclercdrive.fr/image.ashx?id=1629100&use=l&cat=p&typeid=i","cat":284356},{"id":52367,"n":"Whisky Ballantine's Finest Blended Scotch 40% vol - 1,5L","p":32.22,"u":"21,48 €/L","img":"https://fd6-photos.leclercdrive.fr/image.ashx?id=3000833&use=l&cat=p&typeid=i","cat":284547},{"id":52384,"n":"Règle Double décimètre Esquisse 20 cm x1","p":0.5,"img":"https://fd6-photos.leclercdrive.fr/image.ashx?id=2943247&use=l&cat=p&typeid=i","cat":334133},{"id":52388,"n":"Crème anti-âge So Bio Etic Plaisir d'argan bio - 50ml","p":8.81,"u":"176,20 €/L","img":"https://fd6-photos.leclercdrive.fr/image.ashx?id=2988587&use=l&cat=p&typeid=i","cat":325345},{"id":52389,"n":"Gelée nuit anti âge So Bio Etic Argan bio - 40ml","p":9.08,"u":"227,00 €/L","img":"https://fd6-photos.leclercdrive.fr/image.ashx?id=2494734&use=l&cat=p&typeid=i","cat":325345},{"id":52391,"n":"Lotion micellaire So Bio Etic Tonifiante bio - 500ml","p":4.64,"u":"9,28 €/L","img":"https://fd6-photos.leclercdrive.fr/image.ashx?id=2909065&use=l&cat=p&typeid=i","cat":284603},{"id":52392,"n":"Contour yeux lèvres So Bio Etic Anti-âge Argan bio - 15ml","p":8.18,"u":"545,33 €/L","img":"https://fd6-photos.leclercdrive.fr/image.ashx?id=2494740&use=l&cat=p&typeid=i","cat":325345},{"id":52540,"n":"Pur jus de citron Jardin Bio Bio - 25cl","p":2.18,"u":"8,72 €/L","img":"https://fd6-photos.leclercdrive.fr/image.ashx?id=2673745&use=l&cat=p&typeid=i","cat":288383},{"id":52582,"n":"Sauce Bolognaise Panzani - 210G","p":1.37,"u":"6,52 €/KG","img":"https://fd6-photos.leclercdrive.fr/image.ashx?id=2977927&use=l&cat=p&typeid=i","cat":287599},{"id":52598,"n":"Pur Jus de carottes NRT Des Landes - 1L","p":2.48,"u":"2,48 €/L","img":"https://fd6-photos.leclercdrive.fr/image.ashx?id=2590508&use=l&cat=p&typeid=i","cat":284523},{"id":52618,"n":"Crème brulée Rians  3x100g","p":3.21,"u":"10,70 €/KG","img":"https://fd6-photos.leclercdrive.fr/image.ashx?id=2396246&use=l&cat=p&typeid=i","cat":284419},{"id":52625,"n":"Sauce Pommes de Terre Bénédicta - 255g","p":1.53,"u":"5,88 €/KG","img":"https://fd6-photos.leclercdrive.fr/image.ashx?id=2689925&use=l&cat=p&typeid=i","cat":318430},{"id":52631,"n":"Sauce Béarnaise Bénédicta - 260g","p":1.36,"u":"5,23 €/KG","img":"https://fd6-photos.leclercdrive.fr/image.ashx?id=2689931&use=l&cat=p&typeid=i","cat":318430},{"id":52632,"n":"Sauce au Poivre Bénédicta - 260g","p":1.43,"u":"5,50 €/KG","img":"https://fd6-photos.leclercdrive.fr/image.ashx?id=2689937&use=l&cat=p&typeid=i","cat":318430},{"id":52633,"n":"Sauce Tartare Bénédicta - 260g","p":1.52,"u":"5,85 €/KG","img":"https://fd6-photos.leclercdrive.fr/image.ashx?id=2689940&use=l&cat=p&typeid=i","cat":318430},{"id":52634,"n":"Sauce Bourguignonne Bénédicta - 260g","p":1.36,"u":"5,04 €/KG","img":"https://fd6-photos.leclercdrive.fr/image.ashx?id=2689943&use=l&cat=p&typeid=i","cat":318430},{"id":52664,"n":"Serpillère super Mocio Vileda x1","p":7.9,"img":"https://fd6-photos.leclercdrive.fr/image.ashx?id=2575828&use=l&cat=p&typeid=i","cat":284669},{"id":52665,"n":"Recharge Serpillère Vileda Super Mocio - x1","p":5.15,"img":"https://fd6-photos.leclercdrive.fr/image.ashx?id=2575831&use=l&cat=p&typeid=i","cat":284669},{"id":52673,"n":"Fromage Burger cheddar/emmental Président - 12 tranches - 200g","p":1.55,"u":"7,75 €/KG","img":"https://fd6-photos.leclercdrive.fr/image.ashx?id=2445024&use=l&cat=p&typeid=i","cat":314028},{"id":52682,"n":"Seau + essoreur Vileda Pour balai, super mocio x1","p":9.5,"img":"https://fd6-photos.leclercdrive.fr/image.ashx?id=2463338&use=l&cat=p&typeid=i","cat":284669},{"id":52684,"n":"Cheddar fromage râpé  Les Croisés - 200g","p":2.39,"u":"11,95 €/KG","img":"https://fd6-photos.leclercdrive.fr/image.ashx?id=2044381&use=l&cat=p&typeid=i","cat":314035},{"id":52688,"n":"Burrata Di Andria IGP  Tradizioni d'italia - 200g","p":4.79,"u":"23,95 €/KG","img":"https://fd6-photos.leclercdrive.fr/image.ashx?id=2904025&use=l&cat=p&typeid=i","cat":314026},{"id":52699,"n":"Comté Entremont Râpé - 2x70g","p":2.53,"u":"18,07 €/KG","img":"https://fd6-photos.leclercdrive.fr/image.ashx?id=2983162&use=l&cat=p&typeid=i","cat":314035},{"id":52703,"n":"Emmental à croquer Président 8 pièces - 144g","p":2.46,"u":"17,08 €/KG","img":"https://fd6-photos.leclercdrive.fr/image.ashx?id=2014535&use=l&cat=p&typeid=i","cat":314030},{"id":52720,"n":"Essuie-tout blanc Mimosa Super absorbant - x3 compacts","p":3.99,"u":"1,33 €/P","img":"https://fd6-photos.leclercdrive.fr/image.ashx?id=2727401&use=l&cat=p&typeid=i","cat":284635},{"id":52757,"n":"Biscuits sablés Granola Chocolat au lait - 2x200g","p":2.74,"u":"6,85 €/KG","img":"https://fd6-photos.leclercdrive.fr/image.ashx?id=2347275&use=l&cat=p&typeid=i","cat":284488},{"id":52787,"n":"Velouté Pursoup' Liebig Légumes du soleil - 2x1L","p":5.28,"u":"2,64 €/L","img":"https://fd6-photos.leclercdrive.fr/image.ashx?id=2385425&use=l&cat=p&typeid=i","cat":284462},{"id":52788,"n":"Velouté Pursoup' Liebig Légumes facon pôelée - 2x1L","p":5.28,"u":"2,64 €/L","img":"https://fd6-photos.leclercdrive.fr/image.ashx?id=2385428&use=l&cat=p&typeid=i","cat":284462},{"id":52790,"n":"Fromage mi-chèvre Soignon 180g","p":2.12,"u":"11,78 €/KG","img":"https://fd6-photos.leclercdrive.fr/image.ashx?id=2734357&use=l&cat=p&typeid=i","cat":314031},{"id":52797,"n":"AOP Parmigiano Reggiano Tradizioni d'Italia - 60g","p":1.9,"u":"31,67 €/KG","img":"https://fd6-photos.leclercdrive.fr/image.ashx?id=2904028&use=l&cat=p&typeid=i","cat":314035},{"id":52804,"n":"Fromage à Raclette RichesMonts  Classique 18 Tranches - 420g","p":5.22,"u":"12,43 €/KG","img":"https://fd6-photos.leclercdrive.fr/image.ashx?id=2953489&use=l&cat=p&typeid=i","cat":314037},{"id":52806,"n":"Fromage à Tartiner St Môret  Nature Léger - 300g","p":3.79,"u":"12,63 €/KG","img":"https://fd6-photos.leclercdrive.fr/image.ashx?id=2914507&use=l&cat=p&typeid=i","cat":314029},{"id":52809,"n":"Fromage raclette Les Croisés 28%mg - 800g","p":7.39,"u":"9,24 €/KG","img":"https://fd6-photos.leclercdrive.fr/image.ashx?id=2793221&use=l&cat=p&typeid=i","cat":314037},{"id":52812,"n":"Yaourt nature bifidus Activia 16x125g","p":4.78,"u":"2,39 €/KG","img":"https://fd6-photos.leclercdrive.fr/image.ashx?id=2831675&use=l&cat=p&typeid=i","cat":315000},{"id":52933,"n":"Piles Long Lasting Duracell CR2025  Lithium 3V - x2","p":5.9,"u":"2,95 €/P","img":"https://fd6-photos.leclercdrive.fr/image.ashx?id=2831399&use=l&cat=p&typeid=i","cat":300572},{"id":52951,"n":"Café dosettes Tassimo Thé vert menthe x16","p":4.86,"u":"121,50 €/KG","img":"https://fd6-photos.leclercdrive.fr/image.ashx?id=2100368&use=l&cat=p&typeid=i","cat":293233},{"id":52958,"n":"Café dosettes Tassimo L'Or Espresso Classique x16","p":4.43,"u":"42,60 €/KG","img":"https://fd6-photos.leclercdrive.fr/image.ashx?id=2507335&use=l&cat=p&typeid=i","cat":293240},{"id":52961,"n":"Gnocchi Bio Village Bio - 300g","p":2.18,"u":"7,27 €/KG","img":"https://fd6-photos.leclercdrive.fr/image.ashx?id=2607960&use=l&cat=p&typeid=i","cat":333682},{"id":52962,"n":"Biscuits fourrés Prince Chocolat - 300g","p":1.35,"u":"4,50 €/KG","img":"https://fd6-photos.leclercdrive.fr/image.ashx?id=3014638&use=l&cat=p&typeid=i","cat":284488},{"id":52964,"n":"Essuie-tout blanc Mimosa Super absorbant - x4 compacts","p":4.95,"u":"1,24 €/P","img":"https://fd6-photos.leclercdrive.fr/image.ashx?id=2727398&use=l&cat=p&typeid=i","cat":284635},{"id":52979,"n":"Truite fumée de Bretagne NRT x4 - 120g","p":5.39,"u":"44,92 €/KG","img":"https://fd6-photos.leclercdrive.fr/image.ashx?id=2663851&use=l&cat=p&typeid=i","cat":285188},{"id":53003,"n":"Vin d'Espagne rouge Merlot Adrien Champaud - BIB 5L","p":9.99,"u":"2,00 €/L","img":"https://fd6-photos.leclercdrive.fr/image.ashx?id=2960496&use=l&cat=p&typeid=i","cat":289560},{"id":53004,"n":"Vin Espagne Cabernet Sauvignon rouge Adrien Champaud - BIB 5L","p":9.99,"u":"2,00 €/L","img":"https://fd6-photos.leclercdrive.fr/image.ashx?id=2959605&use=l&cat=p&typeid=i","cat":289556},{"id":53005,"n":"Vin Espagne Cabernet Sauvignon Rouge Adrien Champaud - BIB 10L","p":18.99,"u":"1,90 €/L","img":"https://fd6-photos.leclercdrive.fr/image.ashx?id=2959611&use=l&cat=p&typeid=i","cat":289560},{"id":53006,"n":"Vin d'Espagne Merlot rouge Adrien Champaud - BIB 10L","p":18.99,"u":"1,90 €/L","img":"https://fd6-photos.leclercdrive.fr/image.ashx?id=2959614&use=l&cat=p&typeid=i","cat":289560},{"id":53032,"n":"Essuie-tout décoré Mimosa x3 compacts","p":3.82,"u":"1,27 €/P","img":"https://fd6-photos.leclercdrive.fr/image.ashx?id=2764140&use=l&cat=p&typeid=i","cat":284635},{"id":53033,"n":"Essuie-tout décoré Mimosa x2 compacts","p":2.99,"u":"1,50 €/P","img":"https://fd6-photos.leclercdrive.fr/image.ashx?id=2791320&use=l&cat=p&typeid=i","cat":284635},{"id":53064,"n":"Eponges grattantes Mamison  Vaisselle délicate - x2","p":1.26,"u":"0,63 €/P","img":"https://fd6-photos.leclercdrive.fr/image.ashx?id=2202440&use=l&cat=p&typeid=i","cat":284667},{"id":53065,"n":"Eponges grattantes Mamison  Récurage difficile - x2","p":1.27,"u":"0,64 €/P","img":"https://fd6-photos.leclercdrive.fr/image.ashx?id=2207733&use=l&cat=p&typeid=i","cat":284667},{"id":53066,"n":"Diffuseur mini spray Bien Air Floral  - 15ml","p":1.69,"u":"112,67 €/L","img":"https://fd6-photos.leclercdrive.fr/image.ashx?id=2375699&use=l&cat=p&typeid=i","cat":311629},{"id":53067,"n":"Recharge désodorisant Bien Air  Floral - 15ml","p":1.55,"u":"103,33 €/L","img":"https://fd6-photos.leclercdrive.fr/image.ashx?id=2467655&use=l&cat=p&typeid=i","cat":311629},{"id":53069,"n":"Recharge désodorisant Bien Air  Muguet - 15ml","p":1.5,"u":"100,00 €/L","img":"https://fd6-photos.leclercdrive.fr/image.ashx?id=2467658&use=l&cat=p&typeid=i","cat":311629},{"id":53116,"n":"Rhum blanc agricole Damoiseau 50%vol - 1L","p":18.98,"u":"18,98 €/L","img":"https://fd6-photos.leclercdrive.fr/image.ashx?id=2021214&use=l&cat=p&typeid=i","cat":284550},{"id":53135,"n":"Crozets de Savoie NRT Nature - 400g","p":2.35,"u":"5,88 €/KG","img":"https://fd6-photos.leclercdrive.fr/image.ashx?id=2856226&use=l&cat=p&typeid=i","cat":284427},{"id":53147,"n":"Pur jus de pomme Tropicana Pomme Douce pink - 1L","p":2.02,"u":"2,02 €/L","img":"https://fd6-photos.leclercdrive.fr/image.ashx?id=2605662&use=l&cat=p&typeid=i","cat":284522},{"id":53150,"n":"Barquette chat Sheba  Volaille en sauce - 12x85g","p":7.11,"u":"6,97 €/KG","img":"https://fd6-photos.leclercdrive.fr/image.ashx?id=2759640&use=l&cat=p&typeid=i","cat":285286},{"id":53165,"n":"Lomo Saint Azay 100g","p":2.69,"u":"26,90 €/KG","img":"https://fd6-photos.leclercdrive.fr/image.ashx?id=2453192&use=l&cat=p&typeid=i","cat":316007},{"id":53167,"n":"Gaufres liégoise P'tit Déli Nappée chocolat - x7 - 402g","p":2.61,"u":"6,49 €/KG","img":"https://fd6-photos.leclercdrive.fr/image.ashx?id=1077913&use=l&cat=p&typeid=i","cat":294777},{"id":53168,"n":"Snacks chats Tous mes amis Hygiène dentaire mini - 40g","p":0.99,"u":"24,75 €/KG","img":"https://fd6-photos.leclercdrive.fr/image.ashx?id=1946868&use=l&cat=p&typeid=i","cat":285285},{"id":53170,"n":"Dés fromage de Brebis Herbes de Provence Les Croisés - 300g","p":2.83,"u":"9,43 €/KG","img":"https://fd6-photos.leclercdrive.fr/image.ashx?id=2900531&use=l&cat=p&typeid=i","cat":314027},{"id":53174,"n":"Chocolat noir Equador Caramel salé - 100g","p":1.39,"u":"13,90 €/KG","img":"https://fd6-photos.leclercdrive.fr/image.ashx?id=2553339&use=l&cat=p&typeid=i","cat":284956},{"id":53180,"n":"Panés au cabillaud Cap Océan 200g","p":3.02,"u":"15,10 €/KG","img":"https://fd6-photos.leclercdrive.fr/image.ashx?id=2543189&use=l&cat=p&typeid=i","cat":284344},{"id":53183,"n":"Tartinable Saumon Cap Océan Fromage ail fines herbes - 140g","p":1.88,"u":"13,43 €/KG","img":"https://fd6-photos.leclercdrive.fr/image.ashx?id=2406028&use=l&cat=p&typeid=i","cat":285191},{"id":53289,"n":"Gel Douche Cottage Monoi - 560ml","p":3.07,"u":"5,48 €/L","img":"https://fd6-photos.leclercdrive.fr/image.ashx?id=2063416&use=l&cat=p&typeid=i","cat":284594},{"id":53293,"n":"Gel douche Cottage Huile Argan - 560 ml","p":3.3,"u":"5,89 €/L","img":"https://fd6-photos.leclercdrive.fr/image.ashx?id=2315931&use=l&cat=p&typeid=i","cat":284594},{"id":53412,"n":"Activateur biologique Eparcyl  Fosse septique - 864g x24","p":7.27,"u":"8,41 €/KG","img":"https://fd6-photos.leclercdrive.fr/image.ashx?id=2890085&use=l&cat=p&typeid=i","cat":284908},{"id":53434,"n":"Salade d'Alaska Menu Fraîcheur 300g","p":2.59,"u":"8,63 €/KG","img":"https://fd6-photos.leclercdrive.fr/image.ashx?id=2727638&use=l&cat=p&typeid=i","cat":333657},{"id":53465,"n":"Biscuit petit beurre P'tit Déli Chocolat lait 48% - 125g","p":1.68,"u":"13,44 €/KG","img":"https://fd6-photos.leclercdrive.fr/image.ashx?id=2846520&use=l&cat=p&typeid=i","cat":284488},{"id":53479,"n":"AOP Côtes du Rhône rouge Vieille Vignes - 75cl","p":3.69,"u":"4,92 €/L","img":"https://fd6-photos.leclercdrive.fr/image.ashx?id=2722396&use=l&cat=p&typeid=i","cat":289556},{"id":53504,"n":"Sauce Bourgyburger Colona Tube grand modèle - 840g","p":3.79,"u":"4,51 €/KG","img":"https://fd6-photos.leclercdrive.fr/image.ashx?id=2187637&use=l&cat=p&typeid=i","cat":318431},{"id":53508,"n":"Fine chapelure de pain Tipiak 275g","p":0.6,"u":"2,18 €/KG","img":"https://fd6-photos.leclercdrive.fr/image.ashx?id=2594124&use=l&cat=p&typeid=i","cat":288382},{"id":53594,"n":"Pâte à tartiner L. Georgelin Noisette Cacao bio - 280g","p":3.76,"u":"13,43 €/KG","img":"https://fd6-photos.leclercdrive.fr/image.ashx?id=1609595&use=l&cat=p&typeid=i","cat":284481},{"id":53600,"n":"Recharge spray Bien Air Automatique japon - 250ml","p":2.39,"u":"9,56 €/L","img":"https://fd6-photos.leclercdrive.fr/image.ashx?id=2974963&use=l&cat=p&typeid=i","cat":311629},{"id":53601,"n":"Recharge spray Bien Air Vanille ambré automatique 250ml","p":2.39,"u":"9,56 €/L","img":"https://fd6-photos.leclercdrive.fr/image.ashx?id=2991136&use=l&cat=p&typeid=i","cat":311629},{"id":53606,"n":"Salade Mexicaine Côté Snack Au thon - 250g","p":1.9,"u":"7,60 €/KG","img":"https://fd6-photos.leclercdrive.fr/image.ashx?id=2884255&use=l&cat=p&typeid=i","cat":284437},{"id":53607,"n":"Salade Piémontaise Côté Snack Thon - 250g","p":1.9,"u":"7,60 €/KG","img":"https://fd6-photos.leclercdrive.fr/image.ashx?id=2868319&use=l&cat=p&typeid=i","cat":284437},{"id":53663,"n":"Dés d'épaule Fleury Michon - 2x75g","p":1.57,"u":"10,47 €/KG","img":"https://fd6-photos.leclercdrive.fr/image.ashx?id=2650429&use=l&cat=p&typeid=i","cat":316011},{"id":53669,"n":"Assortiment Justin Bridou  4 charcuteries - 260g","p":5.6,"u":"21,54 €/KG","img":"https://fd6-photos.leclercdrive.fr/image.ashx?id=2770783&use=l&cat=p&typeid=i","cat":316007},{"id":53679,"n":"Dissolvant Diadermine Douceur - 125ml","p":2.05,"u":"16,40 €/L","img":"https://fd6-photos.leclercdrive.fr/image.ashx?id=2334926&use=l&cat=p&typeid=i","cat":325347},{"id":53716,"n":"AOP Monbazillac vin blanc Or Extrême Barouillet - 75cl","p":6.05,"u":"8,07 €/L","img":"https://fd6-photos.leclercdrive.fr/image.ashx?id=2938752&use=l&cat=p&typeid=i","cat":289557},{"id":53776,"n":"Brioche tressée Pasquier Nature - 630g","p":2.73,"u":"4,33 €/KG","img":"https://fd6-photos.leclercdrive.fr/image.ashx?id=2850946&use=l&cat=p&typeid=i","cat":284478},{"id":53777,"n":"Brioche tressée Pasquier  Pépites - 630g","p":2.85,"u":"4,52 €/KG","img":"https://fd6-photos.leclercdrive.fr/image.ashx?id=2848809&use=l&cat=p&typeid=i","cat":284478},{"id":53783,"n":"Lait de coco Suzi Wan 200ml","p":1.26,"u":"6,30 €/L","img":"https://fd6-photos.leclercdrive.fr/image.ashx?id=3002177&use=l&cat=p&typeid=i","cat":288992},{"id":53820,"n":"Madeleines Armor Délices x13 - 430g","p":3.88,"u":"9,02 €/KG","img":"https://fd6-photos.leclercdrive.fr/image.ashx?id=2788688&use=l&cat=p&typeid=i","cat":284492},{"id":53839,"n":"Râpé 3 saveurs Président 200g","p":2.93,"u":"14,65 €/KG","img":"https://fd6-photos.leclercdrive.fr/image.ashx?id=2786006&use=l&cat=p&typeid=i","cat":314035},{"id":53899,"n":"Eau minérale gazeuse Perrier  Naturelle - 6x1L","p":3.84,"u":"0,64 €/L","img":"https://fd6-photos.leclercdrive.fr/image.ashx?id=2454463&use=l&cat=p&typeid=i","cat":284536},{"id":53902,"n":"Eau minérale gazeuse Perrier  Fines bulles - 6x1L","p":3.61,"u":"0,60 €/L","img":"https://fd6-photos.leclercdrive.fr/image.ashx?id=2830924&use=l&cat=p&typeid=i","cat":284536},{"id":53904,"n":"Barre de chocolat Toblerone Noir - 360g","p":9.68,"u":"26,89 €/KG","img":"https://fd6-photos.leclercdrive.fr/image.ashx?id=2428687&use=l&cat=p&typeid=i","cat":327595},{"id":53931,"n":"Fromage apéritif BoursinFromage Tomates et Basilic 20 roulés","p":3.72,"u":"37,20 €/KG","img":"https://fd6-photos.leclercdrive.fr/image.ashx?id=2918592&use=l&cat=p&typeid=i","cat":314027},{"id":53936,"n":"Dés de fromage salade Boursin Echalote ciboulette - 120g","p":2.45,"u":"20,42 €/KG","img":"https://fd6-photos.leclercdrive.fr/image.ashx?id=2865671&use=l&cat=p&typeid=i","cat":314027},{"id":53941,"n":"Fromage apéritif Boursin Echalote ciboulette 20 roulés","p":3.67,"u":"36,70 €/KG","img":"https://fd6-photos.leclercdrive.fr/image.ashx?id=2918595&use=l&cat=p&typeid=i","cat":314027},{"id":53946,"n":"Fromage à tartiner Boursin Echalote et ciboulette - 150g","p":2.29,"u":"15,27 €/KG","img":"https://fd6-photos.leclercdrive.fr/image.ashx?id=2962059&use=l&cat=p&typeid=i","cat":314029},{"id":54052,"n":"Herbe dépurative Ptit Ami 190g","p":1.98,"u":"10,42 €/KG","img":"https://fd6-photos.leclercdrive.fr/image.ashx?id=1009867&use=l&cat=p&typeid=i","cat":285286},{"id":54112,"n":"Absolut Vodka 40%vol - 1L","p":25.55,"u":"25,55 €/L","img":"https://fd6-photos.leclercdrive.fr/image.ashx?id=2550261&use=l&cat=p&typeid=i","cat":284550},{"id":54120,"n":"Vin effervescent d'Allemagne Fraise  Sans alcool - 75cl","p":3.64,"u":"4,85 €/L","img":"https://fd6-photos.leclercdrive.fr/image.ashx?id=2762540&use=l&cat=p&typeid=i","cat":289460},{"id":54172,"n":"Sauce aux 3 poivres  120g","p":1.69,"u":"14,08 €/KG","img":"https://fd6-photos.leclercdrive.fr/image.ashx?id=2636242&use=l&cat=p&typeid=i","cat":284382},{"id":54175,"n":"Pâte brisée sans gluten Chaque Jour Sans Gluten - 230g","p":1.99,"u":"8,65 €/KG","img":"https://fd6-photos.leclercdrive.fr/image.ashx?id=3002809&use=l&cat=p&typeid=i","cat":333681},{"id":54177,"n":"AOP Champagne Bio Canard Duchêne - Extra Brut - 75cl","p":27.56,"u":"36,75 €/L","img":"https://fd6-photos.leclercdrive.fr/image.ashx?id=2753611&use=l&cat=p&typeid=i","cat":284542},{"id":54184,"n":"Pétillant AOC Jaillance Clairette Bio, 7%vol - 75cl","p":6.9,"u":"9,20 €/L","img":"https://fd6-photos.leclercdrive.fr/image.ashx?id=2867455&use=l&cat=p&typeid=i","cat":284544},{"id":54296,"n":"Recharge mini spray Bien Air Marine - 15ml","p":1.5,"u":"100,00 €/L","img":"https://fd6-photos.leclercdrive.fr/image.ashx?id=2467646&use=l&cat=p&typeid=i","cat":311629},{"id":54297,"n":"Désodorisant Bien Air Mèches actives, lavande - 375ml","p":1.65,"u":"4,40 €/L","img":"https://fd6-photos.leclercdrive.fr/image.ashx?id=2934721&use=l&cat=p&typeid=i","cat":311628},{"id":54298,"n":"Désodorisant Bien Air Mèche active muguet - 375ml","p":1.65,"u":"4,40 €/L","img":"https://fd6-photos.leclercdrive.fr/image.ashx?id=2777803&use=l&cat=p&typeid=i","cat":311628},{"id":54299,"n":"Désodorisant Bien Air Mèche active Fruit rouge 375ml","p":1.65,"u":"4,40 €/L","img":"https://fd6-photos.leclercdrive.fr/image.ashx?id=2777806&use=l&cat=p&typeid=i","cat":311628},{"id":54300,"n":"Désodorisant Bien Air Mèche active agrume 375ml","p":1.65,"u":"4,40 €/L","img":"https://fd6-photos.leclercdrive.fr/image.ashx?id=2777809&use=l&cat=p&typeid=i","cat":311628},{"id":54301,"n":"Recharge mini spray Bien Air Agrume - 15ml","p":1.5,"u":"100,00 €/L","img":"https://fd6-photos.leclercdrive.fr/image.ashx?id=1496776&use=l&cat=p&typeid=i","cat":311629},{"id":54305,"n":"Crème Hydratante Nivea Men Visage Corps Mains - 150ml","p":3.06,"u":"20,40 €/L","img":"https://fd6-photos.leclercdrive.fr/image.ashx?id=3014596&use=l&cat=p&typeid=i","cat":284622},{"id":54311,"n":"Bière blonde Bio Jade 4.5%vol - 6x25cl","p":5.24,"u":"3,49 €/L","img":"https://fd6-photos.leclercdrive.fr/image.ashx?id=2511282&use=l&cat=p&typeid=i","cat":334873},{"id":54314,"n":"Pur Jus de tomates NRT Du Lot-et-Garonne - 1L","p":2.09,"u":"2,09 €/L","img":"https://fd6-photos.leclercdrive.fr/image.ashx?id=2590505&use=l&cat=p&typeid=i","cat":284523},{"id":54316,"n":"AOC Coteaux du Layon vin blanc Les Caractères - 75cl","p":6.99,"u":"9,32 €/L","img":"https://fd6-photos.leclercdrive.fr/image.ashx?id=2898762&use=l&cat=p&typeid=i","cat":289557},{"id":54344,"n":"Tablette chocolat Côte d'Or Chocolat lait/Amandes - 180g","p":4.06,"u":"22,56 €/KG","img":"https://fd6-photos.leclercdrive.fr/image.ashx?id=3009143&use=l&cat=p&typeid=i","cat":284497},{"id":54346,"n":"Barre Chocolatée KINDER Country  Céréales chocolat x10 - 235g","p":3.64,"u":"15,49 €/KG","img":"https://fd6-photos.leclercdrive.fr/image.ashx?id=2231942&use=l&cat=p&typeid=i","cat":284498},{"id":54351,"n":"Crème dessert Délisse Chocolat noisette - 4x125g","p":1.05,"u":"2,10 €/KG","img":"https://fd6-photos.leclercdrive.fr/image.ashx?id=2760810&use=l&cat=p&typeid=i","cat":285041},{"id":54385,"n":"Coupelles Ananas DDV Sirop léger - 4x70g","p":2.79,"u":"9,96 €/KG","img":"https://fd6-photos.leclercdrive.fr/image.ashx?id=2100793&use=l&cat=p&typeid=i","cat":284507},{"id":54386,"n":"Gâteau multicouche P'tit Déli Genoise fourré chocolat - 175g","p":1.27,"u":"7,26 €/KG","img":"https://fd6-photos.leclercdrive.fr/image.ashx?id=1756935&use=l&cat=p&typeid=i","cat":284495},{"id":54387,"n":"Pains Hot Dog Epi d'Or x4 - 250g","p":1.41,"u":"5,64 €/KG","img":"https://fd6-photos.leclercdrive.fr/image.ashx?id=2147414&use=l&cat=p&typeid=i","cat":284985},{"id":54393,"n":"Spécialité de saucisse St Azay Sèche - 200g","p":3.05,"u":"15,25 €/KG","img":"https://fd6-photos.leclercdrive.fr/image.ashx?id=2982622&use=l&cat=p&typeid=i","cat":316006},{"id":54394,"n":"Spécialité au soja Nat&Vie Citron fruits mixés - 4x100g","p":1.38,"u":"3,45 €/KG","img":"https://fd6-photos.leclercdrive.fr/image.ashx?id=2901464&use=l&cat=p&typeid=i","cat":316071},{"id":54396,"n":"Salade Catalane Côté Snack Thon à la catalane - 250g","p":2.17,"u":"8,68 €/KG","img":"https://fd6-photos.leclercdrive.fr/image.ashx?id=2910589&use=l&cat=p&typeid=i","cat":284437},{"id":54404,"n":"Sauce Tomacouli Panzani - 3X200G","p":1.6,"u":"2,67 €/KG","img":"https://fd6-photos.leclercdrive.fr/image.ashx?id=2744623&use=l&cat=p&typeid=i","cat":288384},{"id":54405,"n":"Sauce Tomacouli Panzani - 700G","p":1.59,"u":"2,27 €/KG","img":"https://fd6-photos.leclercdrive.fr/image.ashx?id=2744632&use=l&cat=p&typeid=i","cat":288384},{"id":54415,"n":"Bâtonnet à mâcher Dentalife  Petit chien - x21 - 345g","p":3.94,"u":"11,42 €/KG","img":"https://fd6-photos.leclercdrive.fr/image.ashx?id=2897339&use=l&cat=p&typeid=i","cat":294527},{"id":54416,"n":"Bâtonnet à macher Dentalife Chien moyen - 345g","p":3.88,"u":"11,25 €/KG","img":"https://fd6-photos.leclercdrive.fr/image.ashx?id=2896426&use=l&cat=p&typeid=i","cat":294527},{"id":54417,"n":"Barre chocolat lait P'tit Déli x5 - 130g","p":1.5,"u":"11,54 €/KG","img":"https://fd6-photos.leclercdrive.fr/image.ashx?id=2329179&use=l&cat=p&typeid=i","cat":284488},{"id":54418,"n":"Bâtonnet à mâche Dentalife Grand chien x12 - 426g","p":3.8,"u":"8,92 €/KG","img":"https://fd6-photos.leclercdrive.fr/image.ashx?id=2897342&use=l&cat=p&typeid=i","cat":294527},{"id":54420,"n":"Gel à raser Carré Homme Pour barbe difficile - 200ml","p":1.89,"u":"9,45 €/L","img":"https://fd6-photos.leclercdrive.fr/image.ashx?id=2704723&use=l&cat=p&typeid=i","cat":284617},{"id":54422,"n":"Spray automatique Bien Air + recharge - 250ml","p":5.98,"u":"23,92 €/L","img":"https://fd6-photos.leclercdrive.fr/image.ashx?id=2330493&use=l&cat=p&typeid=i","cat":311629},{"id":54423,"n":"Gel à raser Carré Homme Fraicheur - 200ml","p":1.69,"u":"8,45 €/L","img":"https://fd6-photos.leclercdrive.fr/image.ashx?id=2704726&use=l&cat=p&typeid=i","cat":284617},{"id":54425,"n":"Batônnets Surimi Pêche Océan MSC - x48 - 800g","p":4.34,"u":"5,43 €/KG","img":"https://fd6-photos.leclercdrive.fr/image.ashx?id=2999568&use=l&cat=p&typeid=i","cat":285189},{"id":54427,"n":"Croquettes Pom'Lisse Pomme de terre - 1kg","p":2.25,"u":"2,25 €/KG","img":"https://fd6-photos.leclercdrive.fr/image.ashx?id=2699696&use=l&cat=p&typeid=i","cat":319792},{"id":54429,"n":"Jambon cru fumé forêt noire  Saint Azay - 6 tranches - 100g","p":1.99,"u":"19,90 €/KG","img":"https://fd6-photos.leclercdrive.fr/image.ashx?id=1975243&use=l&cat=p&typeid=i","cat":316007},{"id":54430,"n":"Salade Italienne Côté Snack Au thon - 250g","p":2.18,"u":"8,72 €/KG","img":"https://fd6-photos.leclercdrive.fr/image.ashx?id=2927910&use=l&cat=p&typeid=i","cat":284437},{"id":54469,"n":"Sapin Nordmann Bûche sous filet Taille entre 150 et 175 cm","p":29.9,"img":"https://fd6-photos.leclercdrive.fr/image.ashx?id=1049178&use=l&cat=p&typeid=i","cat":335921},{"id":54471,"n":"Madeleines longues Le Ster Marbrées choco - 250g","p":1.79,"u":"7,16 €/KG","img":"https://fd6-photos.leclercdrive.fr/image.ashx?id=2962548&use=l&cat=p&typeid=i","cat":284492},{"id":54473,"n":"Madeleines longues Le Ster Nature  - 250g","p":1.59,"u":"6,36 €/KG","img":"https://fd6-photos.leclercdrive.fr/image.ashx?id=2962545&use=l&cat=p&typeid=i","cat":284492},{"id":54484,"n":"Lait croissance Mots D'Enfants  1L","p":1.34,"u":"1,34 €/L","img":"https://fd6-photos.leclercdrive.fr/image.ashx?id=2657211&use=l&cat=p&typeid=i","cat":284728},{"id":54492,"n":"Tortillas chips Bio village Bio Nature - 150g","p":1.75,"u":"11,67 €/KG","img":"https://fd6-photos.leclercdrive.fr/image.ashx?id=2538385&use=l&cat=p&typeid=i","cat":287899},{"id":54494,"n":"Biscuits Petit Ecolier LU Chocolat au lait - 2x150g","p":3.34,"u":"11,13 €/KG","img":"https://fd6-photos.leclercdrive.fr/image.ashx?id=3009122&use=l&cat=p&typeid=i","cat":284488},{"id":54496,"n":"Gâteaux fourrés Milka Chocolat - 175g","p":1.56,"u":"8,91 €/KG","img":"https://fd6-photos.leclercdrive.fr/image.ashx?id=3005338&use=l&cat=p&typeid=i","cat":284495},{"id":54497,"n":"Pâté aux sardines 4x22g","p":1.75,"u":"19,89 €/KG","img":"https://fd6-photos.leclercdrive.fr/image.ashx?id=2578517&use=l&cat=p&typeid=i","cat":289009},{"id":54513,"n":"Falafels Végé - 200g","p":1.99,"u":"9,95 €/KG","img":"https://fd6-photos.leclercdrive.fr/image.ashx?id=2865266&use=l&cat=p&typeid=i","cat":316036},{"id":54518,"n":"Couscous royale Côté Table 800g","p":4.79,"u":"5,99 €/KG","img":"https://fd6-photos.leclercdrive.fr/image.ashx?id=2607945&use=l&cat=p&typeid=i","cat":333666},{"id":54520,"n":"Pâte a pizza Tablier Blanc Rectangle - 385g","p":1.3,"u":"3,38 €/KG","img":"https://fd6-photos.leclercdrive.fr/image.ashx?id=2635925&use=l&cat=p&typeid=i","cat":333681},{"id":54522,"n":"Pâte feuilletée Tablier Blanc A dérouler - x2 - 460g","p":1.48,"u":"3,22 €/KG","img":"https://fd6-photos.leclercdrive.fr/image.ashx?id=2635928&use=l&cat=p&typeid=i","cat":333681},{"id":54523,"n":"Nuggets végétales Végé - 200g","p":1.52,"u":"7,60 €/KG","img":"https://fd6-photos.leclercdrive.fr/image.ashx?id=2865263&use=l&cat=p&typeid=i","cat":316036},{"id":54525,"n":"Paëlla Royale Côté Table 800g","p":5.78,"u":"7,23 €/KG","img":"https://fd6-photos.leclercdrive.fr/image.ashx?id=2614488&use=l&cat=p&typeid=i","cat":333666},{"id":54540,"n":"AOC Crémant Limoux Aguila Brut - 75cl","p":6.5,"pp":4.87,"u":"6,49 €/L","img":"https://fd6-photos.leclercdrive.fr/image.ashx?id=2792243&use=l&cat=p&typeid=i","cat":284544},{"id":54542,"n":"Boisson sans alcool D'Artigny Cassis - 75cl","p":3.46,"u":"4,61 €/L","img":"https://fd6-photos.leclercdrive.fr/image.ashx?id=2854399&use=l&cat=p&typeid=i","cat":289460},{"id":54603,"n":"Compote Charles & Alice Panachés P.Mangues - 12x100g","p":4.19,"u":"3,49 €/KG","img":"https://fd6-photos.leclercdrive.fr/image.ashx?id=2790651&use=l&cat=p&typeid=i","cat":284416},{"id":54612,"n":"Corn Flakes bio Bio Village Nature - 375g","p":2.4,"u":"6,40 €/KG","img":"https://fd6-photos.leclercdrive.fr/image.ashx?id=2835226&use=l&cat=p&typeid=i","cat":309513},{"id":54853,"n":"Mini choux Tokapi  Saumon/aneth - 60g","p":0.92,"u":"15,33 €/KG","img":"https://fd6-photos.leclercdrive.fr/image.ashx?id=2063338&use=l&cat=p&typeid=i","cat":297000},{"id":54856,"n":"Mini choux Tokapi  Bleu-/noix60g","p":1.36,"u":"22,67 €/KG","img":"https://fd6-photos.leclercdrive.fr/image.ashx?id=2068019&use=l&cat=p&typeid=i","cat":297000},{"id":54857,"n":"Polenta Turini  500g","p":1.19,"u":"2,38 €/KG","img":"https://fd6-photos.leclercdrive.fr/image.ashx?id=2682792&use=l&cat=p&typeid=i","cat":284431},{"id":54860,"n":"Mix apéritif Bio Village  Bio -  120g","p":2.74,"u":"22,83 €/KG","img":"https://fd6-photos.leclercdrive.fr/image.ashx?id=1944243&use=l&cat=p&typeid=i","cat":284448},{"id":54865,"n":"Tablette chocolat Villars Chocolat au Lait Suisse - 100g","p":2.4,"u":"24,00 €/KG","img":"https://fd6-photos.leclercdrive.fr/image.ashx?id=2464276&use=l&cat=p&typeid=i","cat":284497},{"id":54926,"n":"Mousse liégeoise Viennois  Café - 4x90g","p":1.81,"u":"5,03 €/KG","img":"https://fd6-photos.leclercdrive.fr/image.ashx?id=2729788&use=l&cat=p&typeid=i","cat":284417},{"id":54944,"n":"Cône Nestlé Extrême  Café intense - 6x71g","p":3.47,"u":"8,15 €/KG","img":"https://fd6-photos.leclercdrive.fr/image.ashx?id=3000435&use=l&cat=p&typeid=i","cat":284264},{"id":54956,"n":"Macarons Autour Du Dessert Assortiment - x12","p":4.82,"img":"https://fd6-photos.leclercdrive.fr/image.ashx?id=2987485&use=l&cat=p&typeid=i","cat":284267},{"id":54957,"n":"Cône Extrême Nestle Vanille Fraise - 6x71g","p":3.57,"u":"8,38 €/KG","img":"https://fd6-photos.leclercdrive.fr/image.ashx?id=2353113&use=l&cat=p&typeid=i","cat":284264},{"id":54958,"n":"Cône Extrême Nestle Menthe chocolat - 6x71g","p":3.65,"u":"8,57 €/KG","img":"https://fd6-photos.leclercdrive.fr/image.ashx?id=2737048&use=l&cat=p&typeid=i","cat":284264},{"id":54959,"n":"Cône Extrême Intense Nestle Pistache Chocolat - 6x71g","p":3.48,"u":"8,17 €/KG","img":"https://fd6-photos.leclercdrive.fr/image.ashx?id=2353116&use=l&cat=p&typeid=i","cat":284264},{"id":55033,"n":"Fromage à Tartiner Tartare Ail et Fines Herbes 16P - 250g","p":3.41,"u":"13,64 €/KG","img":"https://fd6-photos.leclercdrive.fr/image.ashx?id=2732887&use=l&cat=p&typeid=i","cat":314029},{"id":55065,"n":"AOP Champagne Tsarine Brut Cuvée Premium - 75cl","p":26.83,"u":"35,77 €/L","img":"https://fd6-photos.leclercdrive.fr/image.ashx?id=2757749&use=l&cat=p&typeid=i","cat":284542},{"id":55069,"n":"Bière La Rousse aux 3 malts 6.5%vol - 75cl","p":4.83,"u":"6,44 €/L","img":"https://fd6-photos.leclercdrive.fr/image.ashx?id=2432964&use=l&cat=p&typeid=i","cat":334872},{"id":55073,"n":"Bière La Blanche légère 4.7%vol - 75cl","p":4.9,"u":"6,53 €/L","img":"https://fd6-photos.leclercdrive.fr/image.ashx?id=2432961&use=l&cat=p&typeid=i","cat":334872},{"id":55085,"n":"Fine chapelure de pain Tipiak  500g","p":1.22,"u":"2,44 €/KG","img":"https://fd6-photos.leclercdrive.fr/image.ashx?id=2648277&use=l&cat=p&typeid=i","cat":288382},{"id":55090,"n":"AOP Bordeaux rouge Mouton Cadet - 75cl","p":6.95,"u":"9,27 €/L","img":"https://fd6-photos.leclercdrive.fr/image.ashx?id=2959940&use=l&cat=p&typeid=i","cat":289556},{"id":55097,"n":"Fil interdentaire Efiseptyl Antibactérien 40m","p":2.46,"img":"https://fd6-photos.leclercdrive.fr/image.ashx?id=2923477&use=l&cat=p&typeid=i","cat":285159},{"id":55099,"n":"AOC Bordeaux supérieur Rouge Château Laborie Granger - 75cl","p":3.92,"u":"5,23 €/L","img":"https://fd6-photos.leclercdrive.fr/image.ashx?id=2734468&use=l&cat=p&typeid=i","cat":289556},{"id":55101,"n":"AOP Médoc rouge Merrain - 75cl","p":6.99,"u":"9,32 €/L","img":"https://fd6-photos.leclercdrive.fr/image.ashx?id=2989282&use=l&cat=p&typeid=i","cat":289556},{"id":55102,"n":"Dentifrice expert Bionaïa Menthe Bio - 75ml","p":1.79,"u":"23,87 €/L","img":"https://fd6-photos.leclercdrive.fr/image.ashx?id=2529540&use=l&cat=p&typeid=i","cat":284612},{"id":55104,"n":"Recharge brosse à dents Dentamyl - Double zone - x2","p":6.99,"u":"3,50 €/P","img":"https://fd6-photos.leclercdrive.fr/image.ashx?id=2790988&use=l&cat=p&typeid=i","cat":297133},{"id":55109,"n":"Recharge brosse à dents Dentamyl Sensitive x2","p":6.99,"u":"3,50 €/P","img":"https://fd6-photos.leclercdrive.fr/image.ashx?id=2790991&use=l&cat=p&typeid=i","cat":297133},{"id":55111,"n":"AOC Côtes du Rhône rouge Celliers des Dauphins - 75cl","p":3.82,"u":"5,09 €/L","img":"https://fd6-photos.leclercdrive.fr/image.ashx?id=2830009&use=l&cat=p&typeid=i","cat":289556},{"id":55115,"n":"Lingettes Mots d'Enfants Pockets - x20","p":1.19,"u":"0,06 €/P","img":"https://fd6-photos.leclercdrive.fr/image.ashx?id=2856549&use=l&cat=p&typeid=i","cat":284738},{"id":55116,"n":"Plat à tarte Elembal  x3","p":2.05,"u":"0,68 €/P","img":"https://fd6-photos.leclercdrive.fr/image.ashx?id=2511123&use=l&cat=p&typeid=i","cat":334134},{"id":55145,"n":"Allumettes Fleury Michon Jambon cuit - 2x75g","p":1.23,"u":"8,20 €/KG","img":"https://fd6-photos.leclercdrive.fr/image.ashx?id=2651047&use=l&cat=p&typeid=i","cat":316011},{"id":55160,"n":"Brioche tréssée Pasquier Tranchée Pépite chocolat - 500g","p":2.82,"u":"5,64 €/KG","img":"https://fd6-photos.leclercdrive.fr/image.ashx?id=2971969&use=l&cat=p&typeid=i","cat":284478},{"id":55197,"n":"Plat bébé soir Blédiner 12 mois Macaroni ratatouille - 2x200g","p":2.4,"u":"6,00 €/KG","img":"https://fd6-photos.leclercdrive.fr/image.ashx?id=2845826&use=l&cat=p&typeid=i","cat":312239},{"id":55206,"n":"Plat bébé Blédina 12 mois Pâtes tomate jambon - 2x200g","p":2.67,"u":"6,68 €/KG","img":"https://fd6-photos.leclercdrive.fr/image.ashx?id=2975071&use=l&cat=p&typeid=i","cat":312237},{"id":55214,"n":"Plat bébé soir Blédiner 12 mois Boulghour potiron panais-2x200g","p":2.68,"u":"6,70 €/KG","img":"https://fd6-photos.leclercdrive.fr/image.ashx?id=2921064&use=l&cat=p&typeid=i","cat":312239},{"id":55233,"n":"Dosettes Café Carte Noire  Arabica Espresso n°8 x36 - 250g","p":6.21,"u":"24,84 €/KG","img":"https://fd6-photos.leclercdrive.fr/image.ashx?id=2908789&use=l&cat=p&typeid=i","cat":293238},{"id":55234,"n":"Dosettes Café Carte Noire  Arabica Corsé n°7 x36 - 250g","p":6.23,"u":"24,92 €/KG","img":"https://fd6-photos.leclercdrive.fr/image.ashx?id=2909236&use=l&cat=p&typeid=i","cat":293238},{"id":55235,"n":"Dosettes Café Carte Noire  Arabica Classique n5 x36 - 250g","p":6.23,"u":"24,92 €/KG","img":"https://fd6-photos.leclercdrive.fr/image.ashx?id=2908795&use=l&cat=p&typeid=i","cat":293238},{"id":55254,"n":"Gâche ronde La Fournée Dorée Levain et crème fraîche - 500g","p":3.03,"u":"6,06 €/KG","img":"https://fd6-photos.leclercdrive.fr/image.ashx?id=2424560&use=l&cat=p&typeid=i","cat":284478},{"id":55260,"n":"Rôti de porc supérieur L'Atelier Charcuterie x4 -180g","p":3.68,"u":"20,44 €/KG","img":"https://fd6-photos.leclercdrive.fr/image.ashx?id=2998856&use=l&cat=p&typeid=i","cat":316009},{"id":55261,"n":"Pâté de campagne Breton L'Atelier Charcuterie - 170g","p":2.39,"u":"14,06 €/KG","img":"https://fd6-photos.leclercdrive.fr/image.ashx?id=2970426&use=l&cat=p&typeid=i","cat":316008},{"id":55262,"n":"Pâté Campagne Supérieur L'Atelier Charcuterie - 170g","p":2.08,"u":"12,24 €/KG","img":"https://fd6-photos.leclercdrive.fr/image.ashx?id=2905862&use=l&cat=p&typeid=i","cat":316008},{"id":55264,"n":"Mousse de foie Supérieure L'Atelier Charcuterie - 170g","p":2.19,"u":"12,88 €/KG","img":"https://fd6-photos.leclercdrive.fr/image.ashx?id=2882289&use=l&cat=p&typeid=i","cat":316008},{"id":55271,"n":"AOC Bordeaux vin rouge Bernard Cordelier - 75 cl","p":1.99,"u":"2,65 €/L","img":"https://fd6-photos.leclercdrive.fr/image.ashx?id=2750123&use=l&cat=p&typeid=i","cat":289556},{"id":55272,"n":"AOC Bergerac vin rouge Bernard Cordelier - 75 cl","p":1.99,"u":"2,65 €/L","img":"https://fd6-photos.leclercdrive.fr/image.ashx?id=2920900&use=l&cat=p&typeid=i","cat":289556},{"id":55275,"n":"Bougie Bien Air Soirée d'hiver 30heures - x1","p":2.34,"img":"https://fd6-photos.leclercdrive.fr/image.ashx?id=2399755&use=l&cat=p&typeid=i","cat":284666},{"id":55276,"n":"Brosse adhésive  Mamison Textile 36 feuilles","p":2.29,"img":"https://fd6-photos.leclercdrive.fr/image.ashx?id=1063565&use=l&cat=p&typeid=i","cat":284669},{"id":55278,"n":"Café grains Bio Ethiquable  100% arabica Colombie - 500g","p":11.99,"u":"23,98 €/KG","img":"https://fd6-photos.leclercdrive.fr/image.ashx?id=2876848&use=l&cat=p&typeid=i","cat":293237},{"id":55281,"n":"Bougies d'anniversaire Ardence Bleues - x24","p":0.95,"u":"0,04 €/P","img":"https://fd6-photos.leclercdrive.fr/image.ashx?id=2980480&use=l&cat=p&typeid=i","cat":335913},{"id":55282,"n":"Bougies d'anniversaire Ardence Roses - x24","p":0.95,"u":"0,04 €/P","img":"https://fd6-photos.leclercdrive.fr/image.ashx?id=2980483&use=l&cat=p&typeid=i","cat":335913},{"id":55283,"n":"Bougies d'anniversaire Ardence Blanches  - x24","p":0.95,"u":"0,04 €/P","img":"https://fd6-photos.leclercdrive.fr/image.ashx?id=2980486&use=l&cat=p&typeid=i","cat":335913},{"id":55284,"n":"Bougies d'anniversaire Ardence  x8 avec chiffres et support","p":1.5,"img":"https://fd6-photos.leclercdrive.fr/image.ashx?id=2980489&use=l&cat=p&typeid=i","cat":335913},{"id":55343,"n":"Biscuits à thé Delacre Tea Time Assortiment Boîte Métal - 1kg","p":13.9,"u":"13,90 €/KG","img":"https://fd6-photos.leclercdrive.fr/image.ashx?id=2867969&use=l&cat=p&typeid=i","cat":284490},{"id":55351,"n":"Mousse Michel et Augustin Chocolat au lait - 245g","p":4.29,"pp":3.22,"u":"13,14 €/KG","img":"https://fd6-photos.leclercdrive.fr/image.ashx?id=2205637&use=l&cat=p&typeid=i","cat":284417},{"id":55364,"n":"Vin mousseux Kriter Demi-sec - 3x20cl","p":5.1,"u":"8,50 €/L","img":"https://fd6-photos.leclercdrive.fr/image.ashx?id=2538506&use=l&cat=p&typeid=i","cat":284544},{"id":55377,"n":"Bougie Bien Air Fruits rouges 30heures - x1","p":2.19,"img":"https://fd6-photos.leclercdrive.fr/image.ashx?id=2939073&use=l&cat=p&typeid=i","cat":284666},{"id":55381,"n":"Cacahuètes Tokapi  Grillées à sec - 120g","p":0.47,"u":"3,92 €/KG","img":"https://fd6-photos.leclercdrive.fr/image.ashx?id=2799778&use=l&cat=p&typeid=i","cat":284448},{"id":55415,"n":"Bougie Bien Air Anti-tabac 30h - x1","p":1.83,"img":"https://fd6-photos.leclercdrive.fr/image.ashx?id=2999613&use=l&cat=p&typeid=i","cat":284666},{"id":55416,"n":"Recharge adhésive Mamison  36 feuilles-  x2","p":2.22,"img":"https://fd6-photos.leclercdrive.fr/image.ashx?id=1066450&use=l&cat=p&typeid=i","cat":284669},{"id":55435,"n":"Sardines à l'huile d'olive  Connétable - 3x55g","p":3.93,"u":"23,82 €/KG","img":"https://fd6-photos.leclercdrive.fr/image.ashx?id=2139052&use=l&cat=p&typeid=i","cat":305146},{"id":55438,"n":"Confit de canard du Sud-Ouest Pomme de terre - NRT - 1065g","p":13.99,"u":"13,14 €/KG","img":"https://fd6-photos.leclercdrive.fr/image.ashx?id=2753535&use=l&cat=p&typeid=i","cat":284440},{"id":55439,"n":"Salade Niçoise Côté Snack Au thon - 250g","p":1.8,"u":"7,20 €/KG","img":"https://fd6-photos.leclercdrive.fr/image.ashx?id=2868316&use=l&cat=p&typeid=i","cat":284437},{"id":55442,"n":"Salade Parisienne Côté Snack Au thon - 250g","p":2.49,"u":"9,96 €/KG","img":"https://fd6-photos.leclercdrive.fr/image.ashx?id=2905919&use=l&cat=p&typeid=i","cat":284437},{"id":55472,"n":"Mix Pane Schar Sans gluten - 1kg","p":6.66,"u":"6,66 €/KG","img":"https://fd6-photos.leclercdrive.fr/image.ashx?id=2439947&use=l&cat=p&typeid=i","cat":318654},{"id":55527,"n":"Vin d'Espagne blanc François D'Aubigné - 150 cl","p":1.99,"u":"1,33 €/L","img":"https://fd6-photos.leclercdrive.fr/image.ashx?id=2751862&use=l&cat=p&typeid=i","cat":289557},{"id":55528,"n":"Vin d'Espagne rosé François D'Aubigné - 150 cl","p":1.99,"u":"1,33 €/L","img":"https://fd6-photos.leclercdrive.fr/image.ashx?id=2690937&use=l&cat=p&typeid=i","cat":289558},{"id":55529,"n":"Vin d'Espagne rouge François D'Aubigné - 150 cl","p":1.99,"u":"1,33 €/L","img":"https://fd6-photos.leclercdrive.fr/image.ashx?id=2677654&use=l&cat=p&typeid=i","cat":289556},{"id":55531,"n":"Vin d'Espagne rouge François D'Aubigné - BIB 5L","p":6.19,"u":"1,24 €/L","img":"https://fd6-photos.leclercdrive.fr/image.ashx?id=2754499&use=l&cat=p&typeid=i","cat":289560},{"id":55534,"n":"AOC Côtes de Bergerac vin blanc Bernard Cordelier - 75 cl","p":2.49,"u":"3,32 €/L","img":"https://fd6-photos.leclercdrive.fr/image.ashx?id=2886531&use=l&cat=p&typeid=i","cat":289557},{"id":55549,"n":"Boisson lactée Candy'UP Fraise - 6x1L","p":11.94,"u":"1,99 €/L","img":"https://fd6-photos.leclercdrive.fr/image.ashx?id=2482165&use=l&cat=p&typeid=i","cat":295246},{"id":55573,"n":"Soda Coca-Cola Original Bouteille - 1L","p":1.7,"u":"1,70 €/L","img":"https://fd6-photos.leclercdrive.fr/image.ashx?id=2194409&use=l&cat=p&typeid=i","cat":284530},{"id":55633,"n":"Patés au thon Pêche Ocean 4x22g","p":1.78,"u":"20,23 €/KG","img":"https://fd6-photos.leclercdrive.fr/image.ashx?id=2578514&use=l&cat=p&typeid=i","cat":289009},{"id":55639,"n":"Copies doubles Clairefontaine 21x29.7cm - x300","p":2.98,"img":"https://fd6-photos.leclercdrive.fr/image.ashx?id=2055963&use=l&cat=p&typeid=i","cat":284697},{"id":55640,"n":"Feuilles simples Clairefontaine 21x29.7cm","p":2.86,"img":"https://fd6-photos.leclercdrive.fr/image.ashx?id=2055966&use=l&cat=p&typeid=i","cat":284697},{"id":55642,"n":"Ramette Esquisse x500 - A4 - 100g - Ultra blanc","p":7.9,"img":"https://fd6-photos.leclercdrive.fr/image.ashx?id=2943250&use=l&cat=p&typeid=i","cat":284697},{"id":55651,"n":"Effaceurs réécriveurs Esquisse x6","p":1.95,"img":"https://fd6-photos.leclercdrive.fr/image.ashx?id=1678778&use=l&cat=p&typeid=i","cat":334133},{"id":55664,"n":"Mini ruban correcteur Esquisse Multicoloris","p":1.99,"img":"https://fd6-photos.leclercdrive.fr/image.ashx?id=1703851&use=l&cat=p&typeid=i","cat":334133},{"id":55669,"n":"Bâton de colle Esquisse 5x10g","p":2.39,"u":"47,80 €/KG","img":"https://fd6-photos.leclercdrive.fr/image.ashx?id=2943253&use=l&cat=p&typeid=i","cat":334133},{"id":55686,"n":"Intercalaires Esquisse  x12 - A4","p":1.35,"img":"https://fd6-photos.leclercdrive.fr/image.ashx?id=2943244&use=l&cat=p&typeid=i","cat":284745},{"id":55700,"n":"Haricots Verts Cassegrain Extra Fins Ceuillis main 110g","p":1.34,"u":"12,18 €/KG","img":"https://fd6-photos.leclercdrive.fr/image.ashx?id=2913034&use=l&cat=p&typeid=i","cat":312606},{"id":55766,"n":"AOP Crémant de Loire Brut - Lacheteau - 75cL","p":5.95,"u":"7,93 €/L","img":"https://fd6-photos.leclercdrive.fr/image.ashx?id=2431911&use=l&cat=p&typeid=i","cat":284545},{"id":55786,"n":"Crêpe fourrée Whaou Chocolat / Noisette x8 - 256g","p":2.34,"u":"9,14 €/KG","img":"https://fd6-photos.leclercdrive.fr/image.ashx?id=2962857&use=l&cat=p&typeid=i","cat":284494},{"id":55805,"n":"Merguez véritables Bio Village Bio x5 - 275g","p":5.99,"u":"21,78 €/KG","img":"https://fd6-photos.leclercdrive.fr/image.ashx?id=2886481&use=l&cat=p&typeid=i","cat":284334},{"id":55816,"n":"Lingettes désinfectantes 2en1 x10 lingettes","p":1.52,"img":"https://fd6-photos.leclercdrive.fr/image.ashx?id=2832981&use=l&cat=p&typeid=i","cat":284630},{"id":55887,"n":"Bougie Bien Air Vanille Caramel 30h - x1","p":1.8,"img":"https://fd6-photos.leclercdrive.fr/image.ashx?id=2399761&use=l&cat=p&typeid=i","cat":284666},{"id":55935,"n":"Lait écrémé Hauts de France 1L","p":1.09,"u":"1,09 €/L","img":"https://fd6-photos.leclercdrive.fr/image.ashx?id=1747004&use=l&cat=p&typeid=i","cat":284949},{"id":55936,"n":"Lait écrémé Hauts de France 6x1L","p":6.54,"u":"1,09 €/L","img":"https://fd6-photos.leclercdrive.fr/image.ashx?id=1747007&use=l&cat=p&typeid=i","cat":284949},{"id":55938,"n":"Lait Hauts de France Demi-écrémé - 1L","p":1.14,"u":"1,14 €/L","img":"https://fd6-photos.leclercdrive.fr/image.ashx?id=1747010&use=l&cat=p&typeid=i","cat":284377},{"id":55939,"n":"Lait Hauts de France Demi-écrémé - 6x1L","p":6.84,"u":"1,14 €/L","img":"https://fd6-photos.leclercdrive.fr/image.ashx?id=1747013&use=l&cat=p&typeid=i","cat":284377},{"id":55940,"n":"Lait entier Hauts de France 1L","p":1.39,"u":"1,39 €/L","img":"https://fd6-photos.leclercdrive.fr/image.ashx?id=1747016&use=l&cat=p&typeid=i","cat":285610},{"id":55941,"n":"Lait entier Hauts de France 6x1L","p":8.34,"u":"1,39 €/L","img":"https://fd6-photos.leclercdrive.fr/image.ashx?id=1747019&use=l&cat=p&typeid=i","cat":285610},{"id":55946,"n":"Lait entier Hauts de France 1L","p":1.28,"u":"1,28 €/L","img":"https://fd6-photos.leclercdrive.fr/image.ashx?id=1746998&use=l&cat=p&typeid=i","cat":285610},{"id":55947,"n":"Lait entier Hauts de France 6x1L","p":7.68,"u":"1,28 €/L","img":"https://fd6-photos.leclercdrive.fr/image.ashx?id=1747001&use=l&cat=p&typeid=i","cat":285610},{"id":56155,"n":"Jambon des Pyrénées NRT x4 - 100g","p":2.99,"u":"29,90 €/KG","img":"https://fd6-photos.leclercdrive.fr/image.ashx?id=2670452&use=l&cat=p&typeid=i","cat":316007},{"id":56157,"n":"Saucisse sèche des Pyrénées NRT 250g","p":4.49,"u":"17,96 €/KG","img":"https://fd6-photos.leclercdrive.fr/image.ashx?id=2917181&use=l&cat=p&typeid=i","cat":316006},{"id":56160,"n":"Assortiment de charcuteries Savoyardes - NRT - 200g","p":6.29,"u":"31,45 €/KG","img":"https://fd6-photos.leclercdrive.fr/image.ashx?id=2753529&use=l&cat=p&typeid=i","cat":316007},{"id":56162,"n":"Lait concentré sucré Nestlé 1kg","p":4.19,"u":"4,19 €/KG","img":"https://fd6-photos.leclercdrive.fr/image.ashx?id=2906067&use=l&cat=p&typeid=i","cat":299162},{"id":56228,"n":"Classeur 4 anneaux Esquisse Rouge - 21x29.7cm","p":2.49,"img":"https://fd6-photos.leclercdrive.fr/image.ashx?id=1703812&use=l&cat=p&typeid=i","cat":284745},{"id":56229,"n":"Classeur 4 anneaux Esquisse Bleu - 21x29.7cm","p":2.49,"img":"https://fd6-photos.leclercdrive.fr/image.ashx?id=1703815&use=l&cat=p&typeid=i","cat":284745},{"id":56230,"n":"Classeur 4 anneaux Esquisse Noir - 21x29.7cm","p":2.49,"img":"https://fd6-photos.leclercdrive.fr/image.ashx?id=1703818&use=l&cat=p&typeid=i","cat":284745},{"id":56232,"n":"Trieur Esquisse 3 rabats  Noir - 12 positions","p":3.89,"img":"https://fd6-photos.leclercdrive.fr/image.ashx?id=1691198&use=l&cat=p&typeid=i","cat":284745},{"id":56233,"n":"Trieur Esquisse 3 rabats  Turquoise - 12 positions","p":3.89,"img":"https://fd6-photos.leclercdrive.fr/image.ashx?id=1691201&use=l&cat=p&typeid=i","cat":284745},{"id":56246,"n":"Protège document A4 Esquisse Rouge 200 vues","p":4.29,"img":"https://fd6-photos.leclercdrive.fr/image.ashx?id=1186173&use=l&cat=p&typeid=i","cat":284745},{"id":56418,"n":"Vinaigre de cidre Bio Village Bio 75cl","p":2.09,"u":"2,79 €/L","img":"https://fd6-photos.leclercdrive.fr/image.ashx?id=1069902&use=l&cat=p&typeid=i","cat":298543},{"id":56435,"n":"Bouillon Kub Or Maggi  Déshydraté dégraissé - 128g","p":1.58,"u":"12,34 €/KG","img":"https://fd6-photos.leclercdrive.fr/image.ashx?id=2953977&use=l&cat=p&typeid=i","cat":288379},{"id":56440,"n":"Biscuit Citron Yuzu GERBLE  sans sucre 6 132g","p":1.89,"u":"14,32 €/KG","img":"https://fd6-photos.leclercdrive.fr/image.ashx?id=2664016&use=l&cat=p&typeid=i","cat":318653},{"id":56444,"n":"Biscuits chocolat amande GERBLE  - 4x4, 200g","p":1.8,"u":"9,00 €/KG","img":"https://fd6-photos.leclercdrive.fr/image.ashx?id=2967004&use=l&cat=p&typeid=i","cat":318651},{"id":56452,"n":"Cookie Cacao GERBLE  sans sucres - 130g","p":2.33,"u":"17,92 €/KG","img":"https://fd6-photos.leclercdrive.fr/image.ashx?id=2575057&use=l&cat=p&typeid=i","cat":318653},{"id":56456,"n":"Biscuit Coco GERBLE  sans sucre - 132g","p":1.93,"u":"14,62 €/KG","img":"https://fd6-photos.leclercdrive.fr/image.ashx?id=2662826&use=l&cat=p&typeid=i","cat":318653},{"id":56457,"n":"Biscuit Sésame Vanille GERBLE  sans sucres - 132g","p":1.96,"u":"14,85 €/KG","img":"https://fd6-photos.leclercdrive.fr/image.ashx?id=2664013&use=l&cat=p&typeid=i","cat":318653},{"id":56464,"n":"Biscuit fourré cacao GERBLE   sans sucre 6 185g","p":2.71,"u":"14,65 €/KG","img":"https://fd6-photos.leclercdrive.fr/image.ashx?id=2662832&use=l&cat=p&typeid=i","cat":318653},{"id":56468,"n":"Goûters 4S aux pommes Gerblé 360g","p":2.01,"u":"5,58 €/KG","img":"https://fd6-photos.leclercdrive.fr/image.ashx?id=2860907&use=l&cat=p&typeid=i","cat":318651},{"id":56510,"n":"Préfou de Vendée NRT A l'ail - 280g","p":3.99,"u":"14,25 €/KG","img":"https://fd6-photos.leclercdrive.fr/image.ashx?id=2743891&use=l&cat=p&typeid=i","cat":316003},{"id":56511,"n":"Galettes sarrasin Bretagne NRT x6 - 300g","p":1.89,"u":"6,30 €/KG","img":"https://fd6-photos.leclercdrive.fr/image.ashx?id=2770268&use=l&cat=p&typeid=i","cat":333672},{"id":56517,"n":"Eau minérale naturelle Contrex 6x1.5L","p":2.89,"u":"0,32 €/L","img":"https://fd6-photos.leclercdrive.fr/image.ashx?id=2758773&use=l&cat=p&typeid=i","cat":284535},{"id":56547,"n":"Flocons d'avoine bio Bio Village - 500g","p":1.48,"u":"2,96 €/KG","img":"https://fd6-photos.leclercdrive.fr/image.ashx?id=2688243&use=l&cat=p&typeid=i","cat":309512},{"id":56558,"n":"Croquettes chat Tous mes amis Boeuf/poulet/légumes - 7.5kg","p":10.46,"u":"1,39 €/KG","img":"https://fd6-photos.leclercdrive.fr/image.ashx?id=2319118&use=l&cat=p&typeid=i","cat":284680},{"id":56571,"n":"Tomates entières pelées bio Bio Village - 240g","p":1.04,"u":"4,33 €/KG","img":"https://fd6-photos.leclercdrive.fr/image.ashx?id=2302982&use=l&cat=p&typeid=i","cat":312608},{"id":56574,"n":"Sel Fin de Table Rustica Boîte verseuse 500g","p":0.46,"u":"0,92 €/KG","img":"https://fd6-photos.leclercdrive.fr/image.ashx?id=2050681&use=l&cat=p&typeid=i","cat":284457},{"id":56591,"n":"Box nugget Maître Coq 2 sauces, Crispy  - 585 g","p":8.87,"u":"15,16 €/KG","img":"https://fd6-photos.leclercdrive.fr/image.ashx?id=2642447&use=l&cat=p&typeid=i","cat":333684},{"id":56609,"n":"Fromage à tartiner Madame Loïk Fouetté Nature - 320g","p":3.21,"u":"10,03 €/KG","img":"https://fd6-photos.leclercdrive.fr/image.ashx?id=2967798&use=l&cat=p&typeid=i","cat":314029},{"id":56610,"n":"Fromage à tartiner Madame Loïk Fouetté Nature - 180g","p":1.96,"u":"10,89 €/KG","img":"https://fd6-photos.leclercdrive.fr/image.ashx?id=2948015&use=l&cat=p&typeid=i","cat":314029},{"id":56613,"n":"IGP Pays d'Oc rouge Merlot Grand Sud 13.5% vol - BIB 5L","p":17.36,"u":"3,47 €/L","img":"https://fd6-photos.leclercdrive.fr/image.ashx?id=2837457&use=l&cat=p&typeid=i","cat":289556},{"id":56683,"n":"Pur jus d'ananas Bio Village  Bio - 1L","p":3.81,"u":"3,81 €/L","img":"https://fd6-photos.leclercdrive.fr/image.ashx?id=2901539&use=l&cat=p&typeid=i","cat":284916},{"id":56741,"n":"Fromage raclette Entremont  Sans croûte - 350g","p":4.9,"u":"14,00 €/KG","img":"https://fd6-photos.leclercdrive.fr/image.ashx?id=2980902&use=l&cat=p&typeid=i","cat":314037},{"id":56744,"n":"Lait Matin Léger Bio de Lactel Sans lactose 1.2% mg - 6x50cl","p":9.17,"u":"3,06 €/L","img":"https://fd6-photos.leclercdrive.fr/image.ashx?id=2883540&use=l&cat=p&typeid=i","cat":317169},{"id":56763,"n":"Vinaigre de vin Rustica  25cl","p":0.89,"u":"3,56 €/L","img":"https://fd6-photos.leclercdrive.fr/image.ashx?id=1072903&use=l&cat=p&typeid=i","cat":298543},{"id":56765,"n":"Vinaigre de cidre Rustica 25cl","p":0.79,"u":"3,16 €/L","img":"https://fd6-photos.leclercdrive.fr/image.ashx?id=1072906&use=l&cat=p&typeid=i","cat":298543},{"id":56767,"n":"Vinaigre balsamique Rustica De Modène - 25cl","p":1.27,"u":"5,08 €/L","img":"https://fd6-photos.leclercdrive.fr/image.ashx?id=2777812&use=l&cat=p&typeid=i","cat":298543},{"id":56831,"n":"Nuggets de poulet Maître Coq Sachet - 1kg","p":5.79,"u":"5,79 €/KG","img":"https://fd6-photos.leclercdrive.fr/image.ashx?id=2936404&use=l&cat=p&typeid=i","cat":319780},{"id":56845,"n":"Bâtonnets de poisson Findus  Colin d'Alaska MSC x16 - 448g","p":4.41,"u":"9,84 €/KG","img":"https://fd6-photos.leclercdrive.fr/image.ashx?id=2650684&use=l&cat=p&typeid=i","cat":319788},{"id":56852,"n":"Tablette de chocolat Côte d'or Lait Noisette - 4x180g","p":12.52,"u":"17,39 €/KG","img":"https://fd6-photos.leclercdrive.fr/image.ashx?id=2168660&use=l&cat=p&typeid=i","cat":284497},{"id":56853,"n":"Tablette de chocolat Côte d'or Noir noisette - 4x180g","p":8.47,"u":"11,76 €/KG","img":"https://fd6-photos.leclercdrive.fr/image.ashx?id=2167696&use=l&cat=p&typeid=i","cat":284956},{"id":56860,"n":"Flûtes Tokapi Chèvre/romarin -  - 100g","p":1.59,"u":"15,90 €/KG","img":"https://fd6-photos.leclercdrive.fr/image.ashx?id=2374055&use=l&cat=p&typeid=i","cat":297000},{"id":56861,"n":"Mini-flûtes Tokapi Tomate/olive/origan - 100g","p":1.59,"u":"15,90 €/KG","img":"https://fd6-photos.leclercdrive.fr/image.ashx?id=2374058&use=l&cat=p&typeid=i","cat":297000},{"id":56862,"n":"Couscous Comptoir du Grain  Fin - 1kg","p":2.17,"u":"2,17 €/KG","img":"https://fd6-photos.leclercdrive.fr/image.ashx?id=3012854&use=l&cat=p&typeid=i","cat":284429},{"id":56872,"n":"Tartiflette Côté Table  350g","p":2.9,"u":"8,29 €/KG","img":"https://fd6-photos.leclercdrive.fr/image.ashx?id=2970456&use=l&cat=p&typeid=i","cat":284953},{"id":56873,"n":"Hachis parmentier Côté Table 350g","p":2.53,"u":"7,23 €/KG","img":"https://fd6-photos.leclercdrive.fr/image.ashx?id=2393893&use=l&cat=p&typeid=i","cat":284953},{"id":56874,"n":"Lasagnes bolognaise Côté Table Barquette - 350g","p":2.39,"u":"6,83 €/KG","img":"https://fd6-photos.leclercdrive.fr/image.ashx?id=2476164&use=l&cat=p&typeid=i","cat":284953},{"id":56883,"n":"Recharge essential mist AirWick Jasmin étoile - 20ml","p":5.13,"u":"256,50 €/L","img":"https://fd6-photos.leclercdrive.fr/image.ashx?id=1596122&use=l&cat=p&typeid=i","cat":311629},{"id":56885,"n":"Gel coiffant Vitanove Effet invisible - 300ml","p":1.96,"u":"6,53 €/L","img":"https://fd6-photos.leclercdrive.fr/image.ashx?id=2879940&use=l&cat=p&typeid=i","cat":284609},{"id":56886,"n":"Gel coiffant Vitanove Effet mouillé - 300ml","p":1.53,"u":"5,10 €/L","img":"https://fd6-photos.leclercdrive.fr/image.ashx?id=2273361&use=l&cat=p&typeid=i","cat":284609},{"id":56889,"n":"Gel soin visage charbon Garnier Anti-Points Noirs - 150ml","p":4.04,"u":"26,93 €/L","img":"https://fd6-photos.leclercdrive.fr/image.ashx?id=2634190&use=l&cat=p&typeid=i","cat":284603},{"id":56919,"n":"Bière blonde Pelforth 5.8%vol - 20x25cl","p":11.72,"u":"2,34 €/L","img":"https://fd6-photos.leclercdrive.fr/image.ashx?id=2764523&use=l&cat=p&typeid=i","cat":334873},{"id":56923,"n":"Camembert Lanquetot 250g + 10% offert","p":3.03,"u":"11,02 €/KG","img":"https://fd6-photos.leclercdrive.fr/image.ashx?id=1586640&use=l&cat=p&typeid=i","cat":314033},{"id":56935,"n":"Pâte à tartiner Nutella 400g","p":3.33,"u":"8,33 €/KG","img":"https://fd6-photos.leclercdrive.fr/image.ashx?id=2935645&use=l&cat=p&typeid=i","cat":284481},{"id":56952,"n":"Saucisses volaille Volandrie Aux herbes - 300g","p":3.49,"u":"11,63 €/KG","img":"https://fd6-photos.leclercdrive.fr/image.ashx?id=2707564&use=l&cat=p&typeid=i","cat":284716},{"id":56953,"n":"Cordons bleus Côté Croc Au poulet x2 - 200g","p":1.59,"u":"7,95 €/KG","img":"https://fd6-photos.leclercdrive.fr/image.ashx?id=2801046&use=l&cat=p&typeid=i","cat":333683},{"id":56967,"n":"Biscuits déli Matin P'tit Deli Pepites chocolat -  600g","p":3.31,"u":"5,52 €/KG","img":"https://fd6-photos.leclercdrive.fr/image.ashx?id=2999514&use=l&cat=p&typeid=i","cat":284491},{"id":56968,"n":"Rhum ambré Trois Rivières 40% vol - 70cl","p":15.31,"u":"21,87 €/L","img":"https://fd6-photos.leclercdrive.fr/image.ashx?id=2973670&use=l&cat=p&typeid=i","cat":284550},{"id":56975,"n":"Saucisson sec Saint-Azay Pur porc - 250g","p":4.09,"u":"16,36 €/KG","img":"https://fd6-photos.leclercdrive.fr/image.ashx?id=2043026&use=l&cat=p&typeid=i","cat":316006},{"id":56977,"n":"Yaourt Deli'light Delisse Citron, 0% mg -  4x125g","p":1.45,"u":"2,90 €/KG","img":"https://fd6-photos.leclercdrive.fr/image.ashx?id=2946457&use=l&cat=p&typeid=i","cat":286006},{"id":56980,"n":"Laque Vitanove  Maximum - 400ml","p":2.6,"u":"6,50 €/L","img":"https://fd6-photos.leclercdrive.fr/image.ashx?id=2994812&use=l&cat=p&typeid=i","cat":284609},{"id":56983,"n":"Laque Vitanove Ultra protect - 400ml","p":2.65,"u":"6,63 €/L","img":"https://fd6-photos.leclercdrive.fr/image.ashx?id=2490046&use=l&cat=p&typeid=i","cat":284609},{"id":56991,"n":"Eau de javel Clair Citron - 3x250ml","p":1.3,"u":"1,73 €/L","img":"https://fd6-photos.leclercdrive.fr/image.ashx?id=2558820&use=l&cat=p&typeid=i","cat":284661},{"id":56992,"n":"Sauce roquefort Ferial  120g","p":1.69,"u":"14,08 €/KG","img":"https://fd6-photos.leclercdrive.fr/image.ashx?id=2636245&use=l&cat=p&typeid=i","cat":284382},{"id":56994,"n":"Pancakes Epi d'or x6 - 200g","p":2.63,"u":"13,15 €/KG","img":"https://fd6-photos.leclercdrive.fr/image.ashx?id=1905500&use=l&cat=p&typeid=i","cat":288858},{"id":56995,"n":"Jus de fruit Jafaden  Grenade - 1L","p":2.71,"u":"2,71 €/L","img":"https://fd6-photos.leclercdrive.fr/image.ashx?id=2591412&use=l&cat=p&typeid=i","cat":284915},{"id":56996,"n":"Jus de fruit Jafaden  Pur jus multifruits - 2L","p":2.59,"u":"1,30 €/L","img":"https://fd6-photos.leclercdrive.fr/image.ashx?id=2920196&use=l&cat=p&typeid=i","cat":284917},{"id":57007,"n":"Fromage tartiflette Les Croisés 27%mg - 250g","p":2.88,"u":"11,52 €/KG","img":"https://fd6-photos.leclercdrive.fr/image.ashx?id=2793248&use=l&cat=p&typeid=i","cat":314037},{"id":57017,"n":"Friandises chat Catisfactions Poulet - 60g","p":1.1,"u":"18,33 €/KG","img":"https://fd6-photos.leclercdrive.fr/image.ashx?id=2914762&use=l&cat=p&typeid=i","cat":285285},{"id":57030,"n":"Fromage Morbier NRT AOP  250g","p":3.59,"u":"14,36 €/KG","img":"https://fd6-photos.leclercdrive.fr/image.ashx?id=2624034&use=l&cat=p&typeid=i","cat":329184},{"id":57040,"n":"Bière blanche 1664 Blanc 5° - 6x25cl","p":4.68,"u":"3,12 €/L","img":"https://fd6-photos.leclercdrive.fr/image.ashx?id=2886699&use=l&cat=p&typeid=i","cat":334878},{"id":57041,"n":"Bière blonde 1664 5,5° - 6x33cl canettes","p":4.99,"pp":3.29,"u":"1,66 €/L","img":"https://fd6-photos.leclercdrive.fr/image.ashx?id=2887566&use=l&cat=p&typeid=i","cat":334853},{"id":57045,"n":"Bière blonde Kronenbourg 4,2° - 6x33cl canettes","p":3.96,"u":"2,00 €/L","img":"https://fd6-photos.leclercdrive.fr/image.ashx?id=2212581&use=l&cat=p&typeid=i","cat":334853},{"id":57060,"n":"Choux de Bruxelles 500g","p":1.55,"u":"3,10 €/KG","img":"https://fd6-photos.leclercdrive.fr/image.ashx?id=598741&use=l&cat=p&typeid=i","cat":284352},{"id":57080,"n":"Fromage frais nature Bio Bio village - 4x100g","p":1.85,"u":"4,63 €/KG","img":"https://fd6-photos.leclercdrive.fr/image.ashx?id=2839947&use=l&cat=p&typeid=i","cat":284409},{"id":57100,"n":"Yaourts aux fruits Délisse Abricot - 4x125g","p":1.68,"u":"3,36 €/KG","img":"https://fd6-photos.leclercdrive.fr/image.ashx?id=2586025&use=l&cat=p&typeid=i","cat":284410},{"id":57119,"n":"Super décapant cuisine Briochin Ecocert - 1L","p":3.9,"u":"3,90 €/L","img":"https://fd6-photos.leclercdrive.fr/image.ashx?id=3011401&use=l&cat=p&typeid=i","cat":325357},{"id":57151,"n":"Mousse Délisse Chocolat au lait - 8x60g","p":2.25,"u":"4,69 €/KG","img":"https://fd6-photos.leclercdrive.fr/image.ashx?id=3009517&use=l&cat=p&typeid=i","cat":284417},{"id":57155,"n":"Yaourts à la Grecque Delisse Lit de miel - 4x150g","p":2.89,"u":"4,82 €/KG","img":"https://fd6-photos.leclercdrive.fr/image.ashx?id=2699702&use=l&cat=p&typeid=i","cat":314999},{"id":57189,"n":"Yaourt lait brebis Délisse Citron - 4x125g","p":2.39,"u":"4,78 €/KG","img":"https://fd6-photos.leclercdrive.fr/image.ashx?id=1889797&use=l&cat=p&typeid=i","cat":314998},{"id":57190,"n":"Yaourt brassé Bio Village Myrtille Bio - 4x115g","p":1.45,"u":"3,15 €/KG","img":"https://fd6-photos.leclercdrive.fr/image.ashx?id=2662175&use=l&cat=p&typeid=i","cat":284410},{"id":57229,"n":"AOP Cabernet d'Anjou rosé Michel Armand -  75cL","p":3.85,"u":"5,13 €/L","img":"https://fd6-photos.leclercdrive.fr/image.ashx?id=2338120&use=l&cat=p&typeid=i","cat":289558},{"id":57274,"n":"Boisson aux fruits Oasis Goût Pomme Cassis Framboise 1L","p":1.73,"u":"1,73 €/L","img":"https://fd6-photos.leclercdrive.fr/image.ashx?id=3011083&use=l&cat=p&typeid=i","cat":295018},{"id":57275,"n":"Boisson aux fruits Oasis Tropical - 1L","p":1.59,"u":"1,59 €/L","img":"https://fd6-photos.leclercdrive.fr/image.ashx?id=2666638&use=l&cat=p&typeid=i","cat":295018},{"id":57284,"n":"AOC Prosecco Riccadonna Extra Dry - 11° - 75cl","p":5.99,"u":"7,99 €/L","img":"https://fd6-photos.leclercdrive.fr/image.ashx?id=2666303&use=l&cat=p&typeid=i","cat":289461},{"id":57288,"n":"Jeunes pousses & roquettes  Bonduelle - 145g","p":2.09,"u":"14,41 €/KG","img":"https://fd6-photos.leclercdrive.fr/image.ashx?id=2862128&use=l&cat=p&typeid=i","cat":284353},{"id":57307,"n":"Pur jus Jafaden Orange, raisin, clémentine, pamplemousse - 1L","p":2.29,"u":"2,29 €/L","img":"https://fd6-photos.leclercdrive.fr/image.ashx?id=2869799&use=l&cat=p&typeid=i","cat":284917},{"id":57314,"n":"Risotto Fleury Michon Poulet et cèpes - 280g","p":3.25,"u":"11,61 €/KG","img":"https://fd6-photos.leclercdrive.fr/image.ashx?id=3003281&use=l&cat=p&typeid=i","cat":333665},{"id":57354,"n":"Duo de Sel & Poivre La Baleine Sel 50G - Poivre 18G","p":2.54,"u":"37,35 €/KG","img":"https://fd6-photos.leclercdrive.fr/image.ashx?id=1752097&use=l&cat=p&typeid=i","cat":284457},{"id":57391,"n":"Salade Garden Sodebo Caesar Poulet - 240g","p":3.92,"u":"16,33 €/KG","img":"https://fd6-photos.leclercdrive.fr/image.ashx?id=2939496&use=l&cat=p&typeid=i","cat":333657},{"id":57410,"n":"Croissants Croustipâte x4 - 240g","p":1.65,"u":"6,88 €/KG","img":"https://fd6-photos.leclercdrive.fr/image.ashx?id=2886100&use=l&cat=p&typeid=i","cat":333681},{"id":57518,"n":"Cervelas à l'alsacienne Iller x4 - 560g","p":7.24,"u":"12,93 €/KG","img":"https://fd6-photos.leclercdrive.fr/image.ashx?id=1730376&use=l&cat=p&typeid=i","cat":316012},{"id":57520,"n":"Vin mousseux de France Kriter  Rosé brut - 75cl","p":4.94,"u":"6,59 €/L","img":"https://fd6-photos.leclercdrive.fr/image.ashx?id=2875342&use=l&cat=p&typeid=i","cat":284544},{"id":57627,"n":"Bacon Bio Village 10 tranches bio 100g","p":2.29,"u":"22,90 €/KG","img":"https://fd6-photos.leclercdrive.fr/image.ashx?id=1921536&use=l&cat=p&typeid=i","cat":316007},{"id":57683,"n":"Lait éveil Lactel Nature 12 mois à 36 mois - 12x25cl","p":7.75,"u":"2,58 €/L","img":"https://fd6-photos.leclercdrive.fr/image.ashx?id=2741478&use=l&cat=p&typeid=i","cat":284728},{"id":57685,"n":"Pots bébé bio Babybio Légumes poulet - 6 mois - 400g","p":3.14,"u":"7,85 €/KG","img":"https://fd6-photos.leclercdrive.fr/image.ashx?id=2827422&use=l&cat=p&typeid=i","cat":312236},{"id":57688,"n":"Bols soir bébé bio Babybio Purée, courgette -8 mois-2x200g","p":2.99,"u":"7,48 €/KG","img":"https://fd6-photos.leclercdrive.fr/image.ashx?id=2859365&use=l&cat=p&typeid=i","cat":312239},{"id":57691,"n":"Gourde bébé Babybio Bio 6 mois Pomme/poire/pêche - 4x90g","p":3.38,"u":"9,39 €/KG","img":"https://fd6-photos.leclercdrive.fr/image.ashx?id=2733319&use=l&cat=p&typeid=i","cat":312393},{"id":57694,"n":"Crème dessert bébé bio Babybio  Semoule vanille -6 mois- 4x85g","p":3.81,"u":"11,21 €/KG","img":"https://fd6-photos.leclercdrive.fr/image.ashx?id=2834530&use=l&cat=p&typeid=i","cat":312393},{"id":57712,"n":"Vin de l'Union Européenne rosé Caves Vernaux Champlure - 75 cl","p":2.65,"u":"3,53 €/L","img":"https://fd6-photos.leclercdrive.fr/image.ashx?id=2964950&use=l&cat=p&typeid=i","cat":289558},{"id":57713,"n":"Vin Union européenne blanc Lichette Alouettes - 5L","p":12.95,"u":"2,59 €/L","img":"https://fd6-photos.leclercdrive.fr/image.ashx?id=2859194&use=l&cat=p&typeid=i","cat":289557},{"id":57714,"n":"Vin de l'Union Européenne rouge Cramoisay - 4x75 cl","p":10.09,"u":"3,36 €/L","img":"https://fd6-photos.leclercdrive.fr/image.ashx?id=1924724&use=l&cat=p&typeid=i","cat":289556},{"id":57760,"n":"Assiette bébé soir bio Babybio Aubergine pâtes -15 mois- 260g","p":1.97,"u":"7,58 €/KG","img":"https://fd6-photos.leclercdrive.fr/image.ashx?id=2855912&use=l&cat=p&typeid=i","cat":312239},{"id":57763,"n":"Pâtes Serpentini Panzani 3 Minutes - 500g","p":1.36,"u":"2,72 €/KG","img":"https://fd6-photos.leclercdrive.fr/image.ashx?id=2896078&use=l&cat=p&typeid=i","cat":284427},{"id":57772,"n":"Chocolat noir Lindt Création Menthe frappée - 150g","p":3.09,"u":"20,60 €/KG","img":"https://fd6-photos.leclercdrive.fr/image.ashx?id=2685817&use=l&cat=p&typeid=i","cat":284956},{"id":57779,"n":"Capsules café Plantation Espresso n°5 - x16 - 92g","p":2.69,"u":"29,24 €/KG","img":"https://fd6-photos.leclercdrive.fr/image.ashx?id=2649729&use=l&cat=p&typeid=i","cat":293239},{"id":57782,"n":"Capsules café Plantation Cappuccino - 2x8 - 166g","p":3.45,"u":"20,78 €/KG","img":"https://fd6-photos.leclercdrive.fr/image.ashx?id=2856558&use=l&cat=p&typeid=i","cat":293239},{"id":57783,"n":"Capsules café Plantation Espresso forte n°7 - x16 - 105g","p":2.99,"u":"28,48 €/KG","img":"https://fd6-photos.leclercdrive.fr/image.ashx?id=2649732&use=l&cat=p&typeid=i","cat":293239},{"id":57785,"n":"Capsules café Plantation Lungo n°6 - x16 - 99.2g","p":2.69,"u":"27,17 €/KG","img":"https://fd6-photos.leclercdrive.fr/image.ashx?id=2649735&use=l&cat=p&typeid=i","cat":293239},{"id":57786,"n":"Capsules café Plantation Gigante n°5 - x16 - 112g","p":2.99,"u":"26,70 €/KG","img":"https://fd6-photos.leclercdrive.fr/image.ashx?id=2649738&use=l&cat=p&typeid=i","cat":293239},{"id":57796,"n":"Bonbons KINDER Schoko-Bons Chocolat au lait - 300G","p":5.0,"u":"16,67 €/KG","img":"https://fd6-photos.leclercdrive.fr/image.ashx?id=2439692&use=l&cat=p&typeid=i","cat":304238},{"id":57804,"n":"Tomato Ketchup Heinz - 570g","p":2.25,"u":"3,95 €/KG","img":"https://fd6-photos.leclercdrive.fr/image.ashx?id=2924944&use=l&cat=p&typeid=i","cat":284455},{"id":57812,"n":"Petits pots bébé P'TITE RECETTE Couscous 8M+ - 2x200g","p":1.79,"u":"4,48 €/KG","img":"https://fd6-photos.leclercdrive.fr/image.ashx?id=2525696&use=l&cat=p&typeid=i","cat":312236},{"id":57813,"n":"Petits pots bébé P'TITE RECETTE Poulet Basquais 15M+ - 2 x 200g","p":2.2,"u":"5,50 €/KG","img":"https://fd6-photos.leclercdrive.fr/image.ashx?id=2737042&use=l&cat=p&typeid=i","cat":312238},{"id":57814,"n":"Petits pots bébé P'TITE RECETTE Hachis Parmentier 8M+ - 2x200g","p":1.86,"u":"4,65 €/KG","img":"https://fd6-photos.leclercdrive.fr/image.ashx?id=2629689&use=l&cat=p&typeid=i","cat":312236},{"id":57815,"n":"Petits pots bébé P'TITE RECETTE Spaghetti bolognaise 8m -2x200g","p":1.84,"u":"4,60 €/KG","img":"https://fd6-photos.leclercdrive.fr/image.ashx?id=2629683&use=l&cat=p&typeid=i","cat":312236},{"id":57816,"n":"Petits pots bébé P'TITE RECETTE Pot au feu 8M+ - 2x200g","p":2.19,"u":"5,48 €/KG","img":"https://fd6-photos.leclercdrive.fr/image.ashx?id=2518415&use=l&cat=p&typeid=i","cat":312236},{"id":57821,"n":"Petits pots bébé PTIT SOUPER pâtes courgettes 6M+ - 2x200g","p":2.05,"u":"5,13 €/KG","img":"https://fd6-photos.leclercdrive.fr/image.ashx?id=2526523&use=l&cat=p&typeid=i","cat":312239},{"id":57823,"n":"Petits pots bébé P'TIT SOUPER Carottes semoule 6M+ - 2x200g","p":1.88,"u":"4,70 €/KG","img":"https://fd6-photos.leclercdrive.fr/image.ashx?id=2527109&use=l&cat=p&typeid=i","cat":312239},{"id":57824,"n":"Petits pots bébé P'TIT SOUPER Risotto carottes 12M+ - 2x200g","p":2.09,"u":"5,23 €/KG","img":"https://fd6-photos.leclercdrive.fr/image.ashx?id=2526526&use=l&cat=p&typeid=i","cat":312239},{"id":57883,"n":"Petits pots bébé P'TITE RECETTE  riz dinde 12M+ - 2x200g","p":1.84,"u":"4,60 €/KG","img":"https://fd6-photos.leclercdrive.fr/image.ashx?id=2629686&use=l&cat=p&typeid=i","cat":312237},{"id":57953,"n":"Papier cuisson Albal x16 feuilles","p":2.66,"img":"https://fd6-photos.leclercdrive.fr/image.ashx?id=2551447&use=l&cat=p&typeid=i","cat":334134},{"id":57956,"n":"Serviettes fuites urinaires  TENA Discreet - Mini - x20","p":3.58,"u":"0,18 €/P","img":"https://fd6-photos.leclercdrive.fr/image.ashx?id=2597241&use=l&cat=p&typeid=i","cat":284628},{"id":57957,"n":"Serviette Tena Lady Discreet - Normal - x12","p":3.58,"u":"0,30 €/P","img":"https://fd6-photos.leclercdrive.fr/image.ashx?id=2597235&use=l&cat=p&typeid=i","cat":284628},{"id":57958,"n":"Eau de toilette Alix De Faure Nature de feu - 100ml","p":4.55,"u":"45,50 €/L","img":"https://fd6-photos.leclercdrive.fr/image.ashx?id=2741300&use=l&cat=p&typeid=i","cat":287740},{"id":57959,"n":"Eau de toilette Alix de Faure Nature boisée - 100ml","p":4.55,"u":"45,50 €/L","img":"https://fd6-photos.leclercdrive.fr/image.ashx?id=2741297&use=l&cat=p&typeid=i","cat":287740},{"id":57961,"n":"Eau de toilette Alix de Faure Nature sport - 100ml","p":4.55,"u":"45,50 €/L","img":"https://fd6-photos.leclercdrive.fr/image.ashx?id=2741294&use=l&cat=p&typeid=i","cat":287740},{"id":57963,"n":"Eau de toilette Alix de Faure Budapest - 100ml","p":4.4,"u":"44,00 €/L","img":"https://fd6-photos.leclercdrive.fr/image.ashx?id=2251531&use=l&cat=p&typeid=i","cat":291525},{"id":57983,"n":"Râpe Électrique Velvet Smooth Exfoliante et Contour des Pieds","p":23.9,"u":"Dont 0,17 € d'éco-part.","img":"https://fd6-photos.leclercdrive.fr/image.ashx?id=2465143&use=l&cat=p&typeid=i","cat":325354},{"id":58119,"n":"Madeleines longue pépites sucre Le Ster x20 - 250g","p":1.66,"u":"6,64 €/KG","img":"https://fd6-photos.leclercdrive.fr/image.ashx?id=2962566&use=l&cat=p&typeid=i","cat":284492},{"id":58122,"n":"Colin d'Alaska Findus Façon meuniere - x2 - 250g","p":3.0,"u":"12,00 €/KG","img":"https://fd6-photos.leclercdrive.fr/image.ashx?id=2654914&use=l&cat=p&typeid=i","cat":319788},{"id":58125,"n":"flan dany chocolat 4x100g","p":1.5,"u":"3,75 €/KG","img":"https://fd6-photos.leclercdrive.fr/image.ashx?id=2132316&use=l&cat=p&typeid=i","cat":284414},{"id":58141,"n":"Lentilles corail Bio Village Bio - 450g","p":1.97,"u":"4,38 €/KG","img":"https://fd6-photos.leclercdrive.fr/image.ashx?id=3002665&use=l&cat=p&typeid=i","cat":284430},{"id":58142,"n":"Confiture extra bio Bio Village Cassis - 370g","p":2.59,"u":"7,00 €/KG","img":"https://fd6-photos.leclercdrive.fr/image.ashx?id=2459587&use=l&cat=p&typeid=i","cat":284480},{"id":58143,"n":"Soin de jour L'Oréal Paris Age Perfect anti-âge - 50ml","p":11.97,"pp":7.9,"u":"158,00 €/L","img":"https://fd6-photos.leclercdrive.fr/image.ashx?id=2769744&use=l&cat=p&typeid=i","cat":325345},{"id":58156,"n":"Manche acier Elephant  Anti-glisse - x1","p":3.6,"img":"https://fd6-photos.leclercdrive.fr/image.ashx?id=2571476&use=l&cat=p&typeid=i","cat":284669},{"id":58157,"n":"Balai Elephant  Anti-chocs, ultra-protect - x1","p":7.65,"img":"https://fd6-photos.leclercdrive.fr/image.ashx?id=2571482&use=l&cat=p&typeid=i","cat":284669},{"id":58164,"n":"Pelle-balayette Elephant Grande capacité - x1","p":4.99,"img":"https://fd6-photos.leclercdrive.fr/image.ashx?id=2571488&use=l&cat=p&typeid=i","cat":284669},{"id":58174,"n":"Ensemble WC Elephant Sanitized -x 1","p":9.8,"img":"https://fd6-photos.leclercdrive.fr/image.ashx?id=2575549&use=l&cat=p&typeid=i","cat":284669},{"id":58191,"n":"Lait croissance Éveil Lactel Nature - 8x1L","p":10.76,"u":"1,35 €/L","img":"https://fd6-photos.leclercdrive.fr/image.ashx?id=2628872&use=l&cat=p&typeid=i","cat":284728},{"id":58201,"n":"Désodorisant Bien Air  Senteur muguet - 300ml","p":1.09,"u":"3,63 €/L","img":"https://fd6-photos.leclercdrive.fr/image.ashx?id=2607942&use=l&cat=p&typeid=i","cat":311626},{"id":58202,"n":"Désodorisant Bien Air Floral - 300ml","p":1.09,"u":"3,63 €/L","img":"https://fd6-photos.leclercdrive.fr/image.ashx?id=2614573&use=l&cat=p&typeid=i","cat":311626},{"id":58203,"n":"Désodorisant Bien Air  Fruits rouges - 300ml","p":1.35,"u":"4,50 €/L","img":"https://fd6-photos.leclercdrive.fr/image.ashx?id=2613723&use=l&cat=p&typeid=i","cat":311626},{"id":58205,"n":"Désodorisant Bien Air Vanille - 300ml","p":1.09,"u":"3,63 €/L","img":"https://fd6-photos.leclercdrive.fr/image.ashx?id=2613726&use=l&cat=p&typeid=i","cat":311626},{"id":58206,"n":"Désodorisant Bien Air Agrume, anti-tabac - 300ml","p":1.15,"u":"3,83 €/L","img":"https://fd6-photos.leclercdrive.fr/image.ashx?id=2613729&use=l&cat=p&typeid=i","cat":311626},{"id":58210,"n":"Galettes de céréales Céréal Bio Sarrasin & Comté Bio - 200g","p":2.52,"u":"12,60 €/KG","img":"https://fd6-photos.leclercdrive.fr/image.ashx?id=2624281&use=l&cat=p&typeid=i","cat":316036},{"id":58214,"n":"Carré gourmand Garden Gourmet Tomates et mozzarella 160g","p":2.35,"u":"14,69 €/KG","img":"https://fd6-photos.leclercdrive.fr/image.ashx?id=3009107&use=l&cat=p&typeid=i","cat":316036},{"id":58218,"n":"Croissants Côté Table Jambon emmental - 2x170g","p":2.92,"u":"8,59 €/KG","img":"https://fd6-photos.leclercdrive.fr/image.ashx?id=2885128&use=l&cat=p&typeid=i","cat":333671},{"id":58222,"n":"Nuggets Côté Croc Fromage - 180g","p":1.84,"u":"10,22 €/KG","img":"https://fd6-photos.leclercdrive.fr/image.ashx?id=2462260&use=l&cat=p&typeid=i","cat":333684},{"id":58232,"n":"Pâte feuilletée Tablier Blanc Rectangulaire - 230g","p":1.14,"u":"4,96 €/KG","img":"https://fd6-photos.leclercdrive.fr/image.ashx?id=2635931&use=l&cat=p&typeid=i","cat":333681},{"id":58283,"n":"Cake au jambon et olives  Guyader - 260g","p":4.94,"u":"19,00 €/KG","img":"https://fd6-photos.leclercdrive.fr/image.ashx?id=2491502&use=l&cat=p&typeid=i","cat":316003},{"id":58365,"n":"Tartelettes Chocolat P'tit Déli Fourrées au lait - 225g","p":1.39,"u":"6,18 €/KG","img":"https://fd6-photos.leclercdrive.fr/image.ashx?id=2523715&use=l&cat=p&typeid=i","cat":284488},{"id":58428,"n":"Sachet fraicheur chat Sheba Boeuf poulet en sauce - 6x50g","p":2.59,"u":"8,63 €/KG","img":"https://fd6-photos.leclercdrive.fr/image.ashx?id=2895927&use=l&cat=p&typeid=i","cat":285286},{"id":58444,"n":"Cacahuètes Benenuts-Twinuts Nature format familial - 260g","p":1.92,"u":"7,38 €/KG","img":"https://fd6-photos.leclercdrive.fr/image.ashx?id=2967744&use=l&cat=p&typeid=i","cat":284448},{"id":58449,"n":"Tomates pelées entières D'aucy 238g","p":1.02,"u":"4,29 €/KG","img":"https://fd6-photos.leclercdrive.fr/image.ashx?id=2503425&use=l&cat=p&typeid=i","cat":312608},{"id":58450,"n":"Tomates pelées entières D'aucy 476g","p":1.64,"u":"3,45 €/KG","img":"https://fd6-photos.leclercdrive.fr/image.ashx?id=2751996&use=l&cat=p&typeid=i","cat":312608},{"id":58451,"n":"Sachets repas chats Gourmet Mon Petit - Poisson - 6x50g","p":2.48,"u":"8,27 €/KG","img":"https://fd6-photos.leclercdrive.fr/image.ashx?id=2899686&use=l&cat=p&typeid=i","cat":285286},{"id":58457,"n":"Sachet repas chats Gourmet 12x85g","p":6.68,"u":"6,55 €/KG","img":"https://fd6-photos.leclercdrive.fr/image.ashx?id=2901124&use=l&cat=p&typeid=i","cat":285286},{"id":58459,"n":"Croquettes chat Purina One Adulte - Boeuf/Céréales - 1.5Kg","p":6.76,"u":"4,51 €/KG","img":"https://fd6-photos.leclercdrive.fr/image.ashx?id=2433548&use=l&cat=p&typeid=i","cat":284680},{"id":58460,"n":"Croquettes chat Purina One Boules de poils - Poulet -1.5Kg","p":8.22,"u":"5,48 €/KG","img":"https://fd6-photos.leclercdrive.fr/image.ashx?id=2868527&use=l&cat=p&typeid=i","cat":284680},{"id":58463,"n":"Gâche tranchée La Fournée Dorée 500g","p":2.17,"u":"4,34 €/KG","img":"https://fd6-photos.leclercdrive.fr/image.ashx?id=2277956&use=l&cat=p&typeid=i","cat":284478},{"id":58464,"n":"Cake au chorizo et poivron  rouge Guyader - 260g","p":4.94,"u":"19,00 €/KG","img":"https://fd6-photos.leclercdrive.fr/image.ashx?id=2491499&use=l&cat=p&typeid=i","cat":316003},{"id":58488,"n":"Boîte chat Whiskas Sauce carte du boucher - 4x400g","p":5.36,"u":"3,35 €/KG","img":"https://fd6-photos.leclercdrive.fr/image.ashx?id=2619986&use=l&cat=p&typeid=i","cat":285601},{"id":58496,"n":"Bière blonde Heineken 6x33cl","p":7.34,"u":"3,71 €/L","img":"https://fd6-photos.leclercdrive.fr/image.ashx?id=3008107&use=l&cat=p&typeid=i","cat":334873},{"id":58502,"n":"Croquettes chat Purina One Stérilisé Adulte-Dinde/Blé -3kg","p":14.6,"u":"4,87 €/KG","img":"https://fd6-photos.leclercdrive.fr/image.ashx?id=2488055&use=l&cat=p&typeid=i","cat":284680},{"id":58505,"n":"Bière blonde Heineken Sans alcool - 6x25cl","p":4.29,"u":"2,86 €/L","img":"https://fd6-photos.leclercdrive.fr/image.ashx?id=2948528&use=l&cat=p&typeid=i","cat":334877},{"id":58510,"n":"Jambon cru fumé Eco+ 14 tranches - 200g","p":1.96,"u":"9,80 €/KG","img":"https://fd6-photos.leclercdrive.fr/image.ashx?id=2779172&use=l&cat=p&typeid=i","cat":316007},{"id":58512,"n":"Quiche Lorraine Eco+ 400g","p":1.79,"u":"4,48 €/KG","img":"https://fd6-photos.leclercdrive.fr/image.ashx?id=2843575&use=l&cat=p&typeid=i","cat":333680},{"id":58518,"n":"Tortellini à la viande Eco+ 500g","p":1.74,"u":"3,48 €/KG","img":"https://fd6-photos.leclercdrive.fr/image.ashx?id=2606795&use=l&cat=p&typeid=i","cat":333682},{"id":58529,"n":"Pâte à tartiner L.Georgelin Cacao noisettes - 400g","p":4.56,"u":"11,40 €/KG","img":"https://fd6-photos.leclercdrive.fr/image.ashx?id=1557088&use=l&cat=p&typeid=i","cat":284481},{"id":58530,"n":"Pâte à tartiner L. Georgelin Bio Noisettes cacao  400g","p":5.17,"u":"12,93 €/KG","img":"https://fd6-photos.leclercdrive.fr/image.ashx?id=1580439&use=l&cat=p&typeid=i","cat":284481},{"id":58547,"n":"Duo de raisins moelleux Couleurs Vives - 250g","p":2.25,"u":"9,00 €/KG","img":"https://fd6-photos.leclercdrive.fr/image.ashx?id=2290715&use=l&cat=p&typeid=i","cat":284357},{"id":58548,"n":"Sachets repas chats Purina One Sauce boeuf poulet x4 - 340g","p":2.01,"u":"5,91 €/KG","img":"https://fd6-photos.leclercdrive.fr/image.ashx?id=2468239&use=l&cat=p&typeid=i","cat":285286},{"id":58570,"n":"Friandises chien Pedigree  Récompense bœuf volaille - 155g","p":1.45,"u":"9,35 €/KG","img":"https://fd6-photos.leclercdrive.fr/image.ashx?id=2924779&use=l&cat=p&typeid=i","cat":294527},{"id":58577,"n":"Dessert bébé lacté Blédina 6m Abricot - 6x55g","p":2.27,"u":"6,88 €/KG","img":"https://fd6-photos.leclercdrive.fr/image.ashx?id=2952448&use=l&cat=p&typeid=i","cat":312392},{"id":58578,"n":"Dessert bébé lacté Blédina 6m Fraise - 6x55g","p":2.23,"u":"6,76 €/KG","img":"https://fd6-photos.leclercdrive.fr/image.ashx?id=2952451&use=l&cat=p&typeid=i","cat":312392},{"id":58602,"n":"Haricots verts Rochefontaine Extra fins, bio - 180g","p":2.85,"u":"15,83 €/KG","img":"https://fd6-photos.leclercdrive.fr/image.ashx?id=2343588&use=l&cat=p&typeid=i","cat":312606},{"id":58603,"n":"Boudin blanc de Rethel NRT IGP - 350g","p":5.5,"u":"15,71 €/KG","img":"https://fd6-photos.leclercdrive.fr/image.ashx?id=1096123&use=l&cat=p&typeid=i","cat":316012},{"id":58613,"n":"Haricots verts Gillet  Extra fins, bocal - 345g","p":3.47,"u":"10,06 €/KG","img":"https://fd6-photos.leclercdrive.fr/image.ashx?id=1867183&use=l&cat=p&typeid=i","cat":312606},{"id":58625,"n":"Cœurs de palmiers Géant Vert - 220g","p":3.56,"u":"16,18 €/KG","img":"https://fd6-photos.leclercdrive.fr/image.ashx?id=2840560&use=l&cat=p&typeid=i","cat":312611},{"id":58626,"n":"Coeurs d'artichauts Géant Vert - 240g","p":2.93,"u":"12,21 €/KG","img":"https://fd6-photos.leclercdrive.fr/image.ashx?id=2840566&use=l&cat=p&typeid=i","cat":312611},{"id":58634,"n":"Soupe 12 légumes Knorr Fromage frais  - 1L","p":2.83,"u":"2,83 €/L","img":"https://fd6-photos.leclercdrive.fr/image.ashx?id=2656249&use=l&cat=p&typeid=i","cat":284462},{"id":58635,"n":"Soupe Douceur automne Knorr Crème fraîche - 1L","p":2.37,"u":"2,37 €/L","img":"https://fd6-photos.leclercdrive.fr/image.ashx?id=2212824&use=l&cat=p&typeid=i","cat":284462},{"id":58648,"n":"Comté AOP  15 mois - 200g","p":4.95,"u":"24,75 €/KG","img":"https://fd6-photos.leclercdrive.fr/image.ashx?id=2692575&use=l&cat=p&typeid=i","cat":314034},{"id":58650,"n":"Pizza Merveillosa Turini 4 fromages - 340g","p":2.11,"u":"6,21 €/KG","img":"https://fd6-photos.leclercdrive.fr/image.ashx?id=3010428&use=l&cat=p&typeid=i","cat":284256},{"id":58651,"n":"Pizza bords fourrés au fromage  Turini 3 fromages - 450g","p":4.15,"u":"9,22 €/KG","img":"https://fd6-photos.leclercdrive.fr/image.ashx?id=2816582&use=l&cat=p&typeid=i","cat":284256},{"id":58652,"n":"Pizza à partager Turini 3 fromages - 500g","p":2.79,"u":"5,58 €/KG","img":"https://fd6-photos.leclercdrive.fr/image.ashx?id=2816588&use=l&cat=p&typeid=i","cat":284256},{"id":58655,"n":"Poêlée fermière Notre Jardin 750g","p":2.89,"u":"3,85 €/KG","img":"https://fd6-photos.leclercdrive.fr/image.ashx?id=2878597&use=l&cat=p&typeid=i","cat":319823},{"id":58676,"n":"Saucisses fumées Férial x4 - 360g","p":3.99,"u":"11,08 €/KG","img":"https://fd6-photos.leclercdrive.fr/image.ashx?id=2693156&use=l&cat=p&typeid=i","cat":316012},{"id":58682,"n":"Myrtilles Fruistar 650g","p":5.99,"u":"9,22 €/KG","img":"https://fd6-photos.leclercdrive.fr/image.ashx?id=2072620&use=l&cat=p&typeid=i","cat":284268},{"id":58685,"n":"Jambon Speck Saint Azay 100g","p":2.39,"u":"23,90 €/KG","img":"https://fd6-photos.leclercdrive.fr/image.ashx?id=2856739&use=l&cat=p&typeid=i","cat":316007},{"id":58693,"n":"Galettes de pommes de terre NRT à l'Alsacienne - 670g","p":2.99,"u":"4,46 €/KG","img":"https://fd6-photos.leclercdrive.fr/image.ashx?id=2699822&use=l&cat=p&typeid=i","cat":319792},{"id":58704,"n":"Haché à cuisiner Charal Pur Bœuf 15%MG - 400g","p":6.49,"u":"16,23 €/KG","img":"https://fd6-photos.leclercdrive.fr/image.ashx?id=2741934&use=l&cat=p&typeid=i","cat":319779},{"id":58715,"n":"Mini croque monsieur Côté Table x20 - 240g","p":4.64,"u":"19,33 €/KG","img":"https://fd6-photos.leclercdrive.fr/image.ashx?id=2217167&use=l&cat=p&typeid=i","cat":319774},{"id":58716,"n":"Duo de Courgettes Notre Jardin Tomates - 900g","p":2.45,"u":"2,72 €/KG","img":"https://fd6-photos.leclercdrive.fr/image.ashx?id=2404290&use=l&cat=p&typeid=i","cat":319823},{"id":58740,"n":"Haché à cuisiner Charal Happy Family - 600g","p":7.48,"u":"12,47 €/KG","img":"https://fd6-photos.leclercdrive.fr/image.ashx?id=2977330&use=l&cat=p&typeid=i","cat":319779},{"id":58826,"n":"Viande hachée 5% MG Férial 500g","p":8.09,"u":"16,18 €/KG","img":"https://fd6-photos.leclercdrive.fr/image.ashx?id=2903995&use=l&cat=p&typeid=i","cat":284332},{"id":58939,"n":"Yaourt à boire Actimel fraise - 12x100g","p":4.02,"u":"3,35 €/KG","img":"https://fd6-photos.leclercdrive.fr/image.ashx?id=2996458&use=l&cat=p&typeid=i","cat":284415},{"id":58944,"n":"Yaourts à boire Actimel Nature - 12x100g","p":4.01,"u":"3,34 €/KG","img":"https://fd6-photos.leclercdrive.fr/image.ashx?id=2996461&use=l&cat=p&typeid=i","cat":284415},{"id":58946,"n":"Yaourts à boire Actimel Multifruits - 8x100g","p":3.34,"u":"4,18 €/KG","img":"https://fd6-photos.leclercdrive.fr/image.ashx?id=2996464&use=l&cat=p&typeid=i","cat":284415},{"id":58950,"n":"Yaourts à boire Actimel nature 0%mg - 8x100g","p":3.5,"u":"4,38 €/KG","img":"https://fd6-photos.leclercdrive.fr/image.ashx?id=2996470&use=l&cat=p&typeid=i","cat":284415},{"id":58952,"n":"Yaourts à boire Actimel framboise fruit rouge - 12x100g","p":4.89,"u":"4,08 €/KG","img":"https://fd6-photos.leclercdrive.fr/image.ashx?id=2996476&use=l&cat=p&typeid=i","cat":284415},{"id":58966,"n":"Allume-feu Flam'Up x72 + 24 offerts","p":2.5,"u":"0,03 €/P","img":"https://fd6-photos.leclercdrive.fr/image.ashx?id=2086915&use=l&cat=p&typeid=i","cat":300578},{"id":58987,"n":"Salade César Mix Buffet 250g","p":3.61,"u":"14,44 €/KG","img":"https://fd6-photos.leclercdrive.fr/image.ashx?id=2735569&use=l&cat=p&typeid=i","cat":333657},{"id":59025,"n":"Pur beurre cacahuète Jardin Bio Bio - 350g","p":3.88,"u":"11,09 €/KG","img":"https://fd6-photos.leclercdrive.fr/image.ashx?id=3000312&use=l&cat=p&typeid=i","cat":284481},{"id":59027,"n":"Dessert fruitier bio Jardin Bio Pomme nature - 680g","p":2.56,"u":"3,76 €/KG","img":"https://fd6-photos.leclercdrive.fr/image.ashx?id=2999297&use=l&cat=p&typeid=i","cat":284508},{"id":59038,"n":"Café moulu L'Or Intense 100% Arabica - 2x250g","p":8.67,"u":"17,34 €/KG","img":"https://fd6-photos.leclercdrive.fr/image.ashx?id=2020062&use=l&cat=p&typeid=i","cat":284750},{"id":59039,"n":"Café Moulu Carte Noire  Arabica Douceur Intense 2x250g","p":9.67,"u":"19,34 €/KG","img":"https://fd6-photos.leclercdrive.fr/image.ashx?id=2869233&use=l&cat=p&typeid=i","cat":284750},{"id":59041,"n":"Céréales Extra Kellogg's Chocolat au lait - 800g","p":4.88,"u":"6,10 €/KG","img":"https://fd6-photos.leclercdrive.fr/image.ashx?id=2694941&use=l&cat=p&typeid=i","cat":309512},{"id":59091,"n":"Gousse vanille Vahiné Papouasie - 3g","p":4.73,"img":"https://fd6-photos.leclercdrive.fr/image.ashx?id=2559877&use=l&cat=p&typeid=i","cat":284504},{"id":59213,"n":"Dosettes Café Carte Noire  Arabica Classique n5 x60 - 420g","p":9.4,"u":"22,38 €/KG","img":"https://fd6-photos.leclercdrive.fr/image.ashx?id=2922191&use=l&cat=p&typeid=i","cat":293238},{"id":59235,"n":"Café dosettes Tassimo L'Or Café Long Classique x24","p":6.64,"u":"42,56 €/KG","img":"https://fd6-photos.leclercdrive.fr/image.ashx?id=2100356&use=l&cat=p&typeid=i","cat":293240},{"id":59242,"n":"Gourde bébé Babybio Bio 6 mois Abricot/banane/pomme - 360g","p":3.34,"u":"9,28 €/KG","img":"https://fd6-photos.leclercdrive.fr/image.ashx?id=2850548&use=l&cat=p&typeid=i","cat":312393},{"id":59246,"n":"Sirop d'agave Jardin Bio  Bio - 180g","p":3.42,"u":"19,00 €/KG","img":"https://fd6-photos.leclercdrive.fr/image.ashx?id=2841493&use=l&cat=p&typeid=i","cat":287643},{"id":59251,"n":"Ravioli Jardin Bio  Bio légumes - 250g","p":2.54,"u":"10,16 €/KG","img":"https://fd6-photos.leclercdrive.fr/image.ashx?id=2535568&use=l&cat=p&typeid=i","cat":287600},{"id":59252,"n":"Café dosettes Tassimo Maxwell House - caramel x8","p":6.0,"u":"22,39 €/KG","img":"https://fd6-photos.leclercdrive.fr/image.ashx?id=2100254&use=l&cat=p&typeid=i","cat":293240},{"id":59253,"n":"Café dosettes Tassimo L'Or Petit Déjeuner Classique x24","p":7.39,"u":"37,14 €/KG","img":"https://fd6-photos.leclercdrive.fr/image.ashx?id=2100365&use=l&cat=p&typeid=i","cat":293240},{"id":59257,"n":"Café dosettes Tassimo Grand-mère - petit déjeuner x16","p":3.51,"u":"26,39 €/KG","img":"https://fd6-photos.leclercdrive.fr/image.ashx?id=2100359&use=l&cat=p&typeid=i","cat":293240},{"id":59271,"n":"Sauce tomate cuisinée Panzani Ail et oignon - 500g","p":1.64,"u":"3,28 €/KG","img":"https://fd6-photos.leclercdrive.fr/image.ashx?id=2884303&use=l&cat=p&typeid=i","cat":288384},{"id":59277,"n":"Bonbons acidulés têtes brûlées Fraise/framboise-kitache-135g","p":1.94,"u":"14,37 €/KG","img":"https://fd6-photos.leclercdrive.fr/image.ashx?id=3008650&use=l&cat=p&typeid=i","cat":304250},{"id":59284,"n":"Maoam Mixx Haribo Sachet bonbons - 250g","p":1.88,"u":"7,52 €/KG","img":"https://fd6-photos.leclercdrive.fr/image.ashx?id=2876956&use=l&cat=p&typeid=i","cat":304250},{"id":59287,"n":"Cornichons Rustica 6 épices - 360g","p":2.31,"u":"6,42 €/KG","img":"https://fd6-photos.leclercdrive.fr/image.ashx?id=2916710&use=l&cat=p&typeid=i","cat":284458},{"id":59291,"n":"Sauce bolognaise Bio Village  Bio - 350g","p":1.69,"u":"4,83 €/KG","img":"https://fd6-photos.leclercdrive.fr/image.ashx?id=2753381&use=l&cat=p&typeid=i","cat":287599},{"id":59292,"n":"Œufs au plat Haribo Sachet bonbons - 300g","p":1.58,"u":"5,27 €/KG","img":"https://fd6-photos.leclercdrive.fr/image.ashx?id=2984892&use=l&cat=p&typeid=i","cat":304250},{"id":59293,"n":"Sauce provençale Bio Village  Bio - 350g","p":1.63,"u":"4,66 €/KG","img":"https://fd6-photos.leclercdrive.fr/image.ashx?id=2712995&use=l&cat=p&typeid=i","cat":287599},{"id":59296,"n":"Sauce tomate Bio Village  Basilic bio - 350g","p":1.63,"u":"4,66 €/KG","img":"https://fd6-photos.leclercdrive.fr/image.ashx?id=2696289&use=l&cat=p&typeid=i","cat":287599},{"id":59299,"n":"Bonbons KINDER Schoko-Bons Chocolat au lait - 225G","p":3.77,"u":"16,76 €/KG","img":"https://fd6-photos.leclercdrive.fr/image.ashx?id=2679633&use=l&cat=p&typeid=i","cat":304238},{"id":59305,"n":"Sauce American Burger Heinz - 230g","p":1.74,"u":"7,57 €/KG","img":"https://fd6-photos.leclercdrive.fr/image.ashx?id=2973354&use=l&cat=p&typeid=i","cat":318431},{"id":59307,"n":"Miami Pik Haribo Sachet bonbons acidulés - 200g","p":1.48,"u":"7,40 €/KG","img":"https://fd6-photos.leclercdrive.fr/image.ashx?id=2984895&use=l&cat=p&typeid=i","cat":304250},{"id":59311,"n":"Olives Apéro Tramier  À l'Ail 150g","p":2.51,"u":"16,73 €/KG","img":"https://fd6-photos.leclercdrive.fr/image.ashx?id=2639299&use=l&cat=p&typeid=i","cat":284458},{"id":59314,"n":"Huile d'Olive Tramier  Vierge Extra Biologique 75cl","p":8.99,"u":"11,99 €/L","img":"https://fd6-photos.leclercdrive.fr/image.ashx?id=2803916&use=l&cat=p&typeid=i","cat":284453},{"id":59336,"n":"Barquette chien Cesar Terrine poulet - 300g","p":1.63,"u":"5,43 €/KG","img":"https://fd6-photos.leclercdrive.fr/image.ashx?id=2091323&use=l&cat=p&typeid=i","cat":284673},{"id":59339,"n":"Barquette chien sénior Cesar Terrine en gelée - 4x150g","p":3.96,"u":"6,60 €/KG","img":"https://fd6-photos.leclercdrive.fr/image.ashx?id=2091320&use=l&cat=p&typeid=i","cat":284673},{"id":59340,"n":"Barquette chien Cesar Terrine cœur légumes - 4x150g","p":3.98,"u":"6,63 €/KG","img":"https://fd6-photos.leclercdrive.fr/image.ashx?id=2091317&use=l&cat=p&typeid=i","cat":284673},{"id":59341,"n":"Barquette chien Cesar Terrine du jardin - 4x150g","p":3.64,"u":"6,07 €/KG","img":"https://fd6-photos.leclercdrive.fr/image.ashx?id=2091314&use=l&cat=p&typeid=i","cat":284673},{"id":59344,"n":"Barquette chien Cesar Terrine du jardin - 4x300g","p":6.64,"u":"5,53 €/KG","img":"https://fd6-photos.leclercdrive.fr/image.ashx?id=2091308&use=l&cat=p&typeid=i","cat":284673},{"id":59382,"n":"Grissini Grangrissi 300g","p":2.61,"u":"8,70 €/KG","img":"https://fd6-photos.leclercdrive.fr/image.ashx?id=2743927&use=l&cat=p&typeid=i","cat":297000},{"id":59397,"n":"Captain Morgan Original Spiced Boisson à base de rhum- 1,5L","p":26.95,"pp":23.95,"u":"15,97 €/L","img":"https://fd6-photos.leclercdrive.fr/image.ashx?id=2586486&use=l&cat=p&typeid=i","cat":284551},{"id":59426,"n":"Biscuits petit déjeuner Belvita Chocolat noisettes - 253g","p":2.3,"u":"9,09 €/KG","img":"https://fd6-photos.leclercdrive.fr/image.ashx?id=2346681&use=l&cat=p&typeid=i","cat":284491},{"id":59497,"n":"Bière Paix Dieu Blonde - 75cl","p":5.76,"u":"7,68 €/L","img":"https://fd6-photos.leclercdrive.fr/image.ashx?id=1554802&use=l&cat=p&typeid=i","cat":334872},{"id":59501,"n":"Bière Chimay Grande Réserve 75cl","p":4.89,"u":"6,52 €/L","img":"https://fd6-photos.leclercdrive.fr/image.ashx?id=1758852&use=l&cat=p&typeid=i","cat":334872},{"id":59539,"n":"Pêches Douceur du Verger Sirop léger - 230 g","p":1.26,"u":"5,48 €/KG","img":"https://fd6-photos.leclercdrive.fr/image.ashx?id=2666468&use=l&cat=p&typeid=i","cat":284507},{"id":59553,"n":"Croustilles  Belin  Emmental - 138g","p":1.23,"u":"8,91 €/KG","img":"https://fd6-photos.leclercdrive.fr/image.ashx?id=3002267&use=l&cat=p&typeid=i","cat":284449},{"id":59556,"n":"Croustilles Belin Cacahuète - 138g","p":1.34,"u":"9,71 €/KG","img":"https://fd6-photos.leclercdrive.fr/image.ashx?id=3002270&use=l&cat=p&typeid=i","cat":284449},{"id":59563,"n":"Galette de maïs GERBLE Chocolat au lait - 124g","p":1.71,"u":"13,79 €/KG","img":"https://fd6-photos.leclercdrive.fr/image.ashx?id=2664034&use=l&cat=p&typeid=i","cat":318651},{"id":59564,"n":"Galette riz chocolat Gerblé   Chocolat noir - 130,4g","p":1.7,"u":"13,08 €/KG","img":"https://fd6-photos.leclercdrive.fr/image.ashx?id=2664037&use=l&cat=p&typeid=i","cat":318651},{"id":59565,"n":"Pâte à tartiner Nustikao 1kg","p":4.25,"u":"4,25 €/KG","img":"https://fd6-photos.leclercdrive.fr/image.ashx?id=3012860&use=l&cat=p&typeid=i","cat":284481},{"id":59589,"n":"Boisson base vodka Eristoff Red 18° - 70cl","p":12.9,"u":"18,43 €/L","img":"https://fd6-photos.leclercdrive.fr/image.ashx?id=2858258&use=l&cat=p&typeid=i","cat":284550},{"id":59591,"n":"Boisson base vodka Eristoff Black 18° - 70cl","p":12.9,"u":"18,43 €/L","img":"https://fd6-photos.leclercdrive.fr/image.ashx?id=2842882&use=l&cat=p&typeid=i","cat":284550},{"id":59601,"n":"Bière blonde 3 Monts 6x33cl","p":7.35,"u":"3,71 €/L","img":"https://fd6-photos.leclercdrive.fr/image.ashx?id=2548189&use=l&cat=p&typeid=i","cat":334852},{"id":59655,"n":"Dentifrice Email Diamant Rouge - 75ml","p":3.83,"u":"51,07 €/L","img":"https://fd6-photos.leclercdrive.fr/image.ashx?id=1781297&use=l&cat=p&typeid=i","cat":284612},{"id":59676,"n":"Biscuits Mini BN  Goûter à la fraise - 350g","p":2.62,"u":"7,49 €/KG","img":"https://fd6-photos.leclercdrive.fr/image.ashx?id=2748215&use=l&cat=p&typeid=i","cat":284489},{"id":59685,"n":"Salade Saupiquet Les Saladières Parisiennes-220g","p":2.7,"u":"12,27 €/KG","img":"https://fd6-photos.leclercdrive.fr/image.ashx?id=2907578&use=l&cat=p&typeid=i","cat":284437},{"id":59687,"n":"Sardines Connetable Olive/citron - 135g","p":2.82,"u":"20,89 €/KG","img":"https://fd6-photos.leclercdrive.fr/image.ashx?id=2618951&use=l&cat=p&typeid=i","cat":305146},{"id":59695,"n":"Yaourt à la grecque YAOS Vanille - 4x125g","p":2.72,"u":"5,44 €/KG","img":"https://fd6-photos.leclercdrive.fr/image.ashx?id=3007972&use=l&cat=p&typeid=i","cat":314999},{"id":59713,"n":"Gros cornichons Rustica  Aigre doux - 850g","p":2.69,"u":"3,16 €/KG","img":"https://fd6-photos.leclercdrive.fr/image.ashx?id=2916707&use=l&cat=p&typeid=i","cat":284458},{"id":59714,"n":"Cacahuètes Tokapi  Grillées à sec - 200g","p":0.78,"u":"3,90 €/KG","img":"https://fd6-photos.leclercdrive.fr/image.ashx?id=2799781&use=l&cat=p&typeid=i","cat":284448},{"id":59715,"n":"Double concentré de tomates Tube - 200g","p":1.35,"u":"6,75 €/KG","img":"https://fd6-photos.leclercdrive.fr/image.ashx?id=2072728&use=l&cat=p&typeid=i","cat":288384},{"id":59717,"n":"Saucisse grillée Purée pomme de terre La Cuisine d'Océane 300g","p":2.84,"u":"9,47 €/KG","img":"https://fd6-photos.leclercdrive.fr/image.ashx?id=2962338&use=l&cat=p&typeid=i","cat":284953},{"id":59718,"n":"Saumon tagliatelles D'Aucy Micro-ondes - 300g","p":2.83,"u":"9,43 €/KG","img":"https://fd6-photos.leclercdrive.fr/image.ashx?id=2117168&use=l&cat=p&typeid=i","cat":284953},{"id":59722,"n":"Crème légère semi-épaisse  Bridélice 18%mg - 3x20cl","p":2.44,"u":"4,07 €/L","img":"https://fd6-photos.leclercdrive.fr/image.ashx?id=2904733&use=l&cat=p&typeid=i","cat":284381},{"id":59725,"n":"Bâtonnets Surimi Saveur Coraya  x12 - 180g","p":2.04,"u":"11,33 €/KG","img":"https://fd6-photos.leclercdrive.fr/image.ashx?id=2962677&use=l&cat=p&typeid=i","cat":285189},{"id":59730,"n":"Blinis Cocktail Blini  x16 - 135g","p":1.35,"u":"10,00 €/KG","img":"https://fd6-photos.leclercdrive.fr/image.ashx?id=2971020&use=l&cat=p&typeid=i","cat":285191},{"id":59751,"n":"Rollmops au vinaigre  MSC Ronde des mers - 400g","p":2.29,"u":"5,73 €/KG","img":"https://fd6-photos.leclercdrive.fr/image.ashx?id=2686470&use=l&cat=p&typeid=i","cat":285190},{"id":59760,"n":"Lingettes liniment Biolane Oleo calcaire - x64","p":3.41,"img":"https://fd6-photos.leclercdrive.fr/image.ashx?id=2875378&use=l&cat=p&typeid=i","cat":284738},{"id":59761,"n":"Lingettes Lotus Baby Peau nette - x64","p":1.91,"u":"0,03 €/P","img":"https://fd6-photos.leclercdrive.fr/image.ashx?id=2904431&use=l&cat=p&typeid=i","cat":284738},{"id":59774,"n":"Sérum physiologique Biolane 30x5ml","p":3.66,"u":"24,40 €/L","img":"https://fd6-photos.leclercdrive.fr/image.ashx?id=2733232&use=l&cat=p&typeid=i","cat":284741},{"id":59779,"n":"Tablette chocolat Côte d'Or Chocolat noir/pistaches - 180g","p":3.98,"u":"22,11 €/KG","img":"https://fd6-photos.leclercdrive.fr/image.ashx?id=1885680&use=l&cat=p&typeid=i","cat":284497},{"id":59832,"n":"Secret de crème Président Semi-épaisse 25%mg - 3x20cl","p":4.12,"u":"6,87 €/L","img":"https://fd6-photos.leclercdrive.fr/image.ashx?id=2699861&use=l&cat=p&typeid=i","cat":284381},{"id":59952,"n":"Cocotte ovale Pyrex  En verre - 5.8L","p":23.9,"img":"https://fd6-photos.leclercdrive.fr/image.ashx?id=2576910&use=l&cat=p&typeid=i","cat":298490},{"id":59992,"n":"Huile Solaire Hawaiian Tropic FPS20 Spray - 200ml","p":8.21,"u":"41,05 €/L","img":"https://fd6-photos.leclercdrive.fr/image.ashx?id=2736712&use=l&cat=p&typeid=i","cat":325355},{"id":60000,"n":"Biscuits Karelea Palmier - 100g","p":2.5,"u":"25,00 €/KG","img":"https://fd6-photos.leclercdrive.fr/image.ashx?id=2896357&use=l&cat=p&typeid=i","cat":284487},{"id":60015,"n":"Pancakes Pasquier x10 - 350g","p":1.92,"u":"5,49 €/KG","img":"https://fd6-photos.leclercdrive.fr/image.ashx?id=2688878&use=l&cat=p&typeid=i","cat":284495},{"id":60029,"n":"Brioche Harrys Mini Tressée Nature au sucre perlé - 210g","p":2.0,"u":"9,52 €/KG","img":"https://fd6-photos.leclercdrive.fr/image.ashx?id=2667742&use=l&cat=p&typeid=i","cat":284478},{"id":60051,"n":"Gâteaux Lulu L'Ourson Fraise - 150g","p":1.44,"u":"9,60 €/KG","img":"https://fd6-photos.leclercdrive.fr/image.ashx?id=3008050&use=l&cat=p&typeid=i","cat":284495},{"id":60053,"n":"Végétal Falafels Garden Gourmet Pois chiches 190g","p":3.41,"u":"17,95 €/KG","img":"https://fd6-photos.leclercdrive.fr/image.ashx?id=2988686&use=l&cat=p&typeid=i","cat":316036},{"id":60068,"n":"Pavé Gourmand Garden Gourmet Courgettes Fromage 180g","p":3.27,"u":"18,17 €/KG","img":"https://fd6-photos.leclercdrive.fr/image.ashx?id=2973294&use=l&cat=p&typeid=i","cat":316036},{"id":60124,"n":"Compotes Pom'Potes Gourdes  Pomme Nature - 4x90g","p":1.7,"u":"4,72 €/KG","img":"https://fd6-photos.leclercdrive.fr/image.ashx?id=2983003&use=l&cat=p&typeid=i","cat":284508},{"id":60128,"n":"Crème dessert bio les 2 vaches fondant chocolat - 4x125g","p":2.33,"u":"4,66 €/KG","img":"https://fd6-photos.leclercdrive.fr/image.ashx?id=2774012&use=l&cat=p&typeid=i","cat":285041},{"id":60138,"n":"Bûche de chèvre Bio Soignon 180g","p":3.12,"u":"17,33 €/KG","img":"https://fd6-photos.leclercdrive.fr/image.ashx?id=2676741&use=l&cat=p&typeid=i","cat":314031},{"id":60140,"n":"Falafels Céréal Bio  Pois chiches épinards Bio- 180g","p":2.82,"u":"15,67 €/KG","img":"https://fd6-photos.leclercdrive.fr/image.ashx?id=2657430&use=l&cat=p&typeid=i","cat":316036},{"id":60165,"n":"Boisson végétale Alpro noisette - 1l","p":2.2,"u":"2,20 €/L","img":"https://fd6-photos.leclercdrive.fr/image.ashx?id=2849602&use=l&cat=p&typeid=i","cat":316067},{"id":60168,"n":"fromage blanc jockey Nature 3%MG - 8x100g","p":2.55,"u":"3,19 €/KG","img":"https://fd6-photos.leclercdrive.fr/image.ashx?id=2230369&use=l&cat=p&typeid=i","cat":284409},{"id":60171,"n":"boisson végétale lait d'amande grillée alpro -1l","p":2.16,"u":"2,16 €/L","img":"https://fd6-photos.leclercdrive.fr/image.ashx?id=2988671&use=l&cat=p&typeid=i","cat":316067},{"id":60174,"n":"Madeleine Bonne Maman  Chocolat au lait x10 - 300g","p":3.38,"u":"11,27 €/KG","img":"https://fd6-photos.leclercdrive.fr/image.ashx?id=2949940&use=l&cat=p&typeid=i","cat":284492},{"id":60175,"n":"Madeleines St Michel  Oeuf en plein air - 1kg","p":3.93,"u":"3,93 €/KG","img":"https://fd6-photos.leclercdrive.fr/image.ashx?id=2936194&use=l&cat=p&typeid=i","cat":284492},{"id":60192,"n":"Pancakes Le Ster  x8 - 280g","p":2.26,"u":"8,07 €/KG","img":"https://fd6-photos.leclercdrive.fr/image.ashx?id=2827215&use=l&cat=p&typeid=i","cat":284495},{"id":60204,"n":"Crêpes de landerneau Le Ster Le pâtissier x12 - 300g","p":2.12,"u":"7,07 €/KG","img":"https://fd6-photos.leclercdrive.fr/image.ashx?id=2962860&use=l&cat=p&typeid=i","cat":284494},{"id":60248,"n":"Limonade nature  La Gosse 75cl","p":2.49,"u":"3,32 €/L","img":"https://fd6-photos.leclercdrive.fr/image.ashx?id=2471310&use=l&cat=p&typeid=i","cat":284531},{"id":60258,"n":"AOP Côteaux Varois en Provence Rosé Estandon Lumière - 75cl","p":7.31,"u":"9,75 €/L","img":"https://fd6-photos.leclercdrive.fr/image.ashx?id=2889460&use=l&cat=p&typeid=i","cat":289558},{"id":60382,"n":"Soin de jour L'Oréal Paris Age Perfect anti-rides - 50ml","p":11.97,"pp":7.9,"u":"158,00 €/L","img":"https://fd6-photos.leclercdrive.fr/image.ashx?id=2860355&use=l&cat=p&typeid=i","cat":325345},{"id":60428,"n":"Jambon blanc supérieur x4 BBC Eleveurs des Hauts de France","p":3.89,"u":"19,45 €/KG","img":"https://fd6-photos.leclercdrive.fr/image.ashx?id=1903688&use=l&cat=p&typeid=i","cat":316009},{"id":60429,"n":"Jambon fumé supérieur x4 BBC eleveurs de hauts de France","p":4.1,"u":"20,50 €/KG","img":"https://fd6-photos.leclercdrive.fr/image.ashx?id=1903691&use=l&cat=p&typeid=i","cat":316009},{"id":60537,"n":"Purée surgelé  Bonduelle 4 saveurs  - 780g","p":3.23,"u":"4,14 €/KG","img":"https://fd6-photos.leclercdrive.fr/image.ashx?id=2996518&use=l&cat=p&typeid=i","cat":319805},{"id":60538,"n":"Purée Délice Bonduelle Duo douceur - 780g","p":3.34,"u":"4,28 €/KG","img":"https://fd6-photos.leclercdrive.fr/image.ashx?id=2996521&use=l&cat=p&typeid=i","cat":319805},{"id":60539,"n":"Purée delice Bonduelle  Courgette Céleri Brocoli - 780g","p":3.34,"u":"4,28 €/KG","img":"https://fd6-photos.leclercdrive.fr/image.ashx?id=2910043&use=l&cat=p&typeid=i","cat":319805},{"id":60587,"n":"Bûche de chèvre Président 180g","p":2.01,"u":"11,17 €/KG","img":"https://fd6-photos.leclercdrive.fr/image.ashx?id=2454088&use=l&cat=p&typeid=i","cat":314031},{"id":60588,"n":"Emmental Président 250g","p":2.81,"u":"11,24 €/KG","img":"https://fd6-photos.leclercdrive.fr/image.ashx?id=2752942&use=l&cat=p&typeid=i","cat":314034},{"id":60637,"n":"Matière grasse St Hubert 41 à tartiner - 38% MG - 500g","p":2.78,"u":"5,56 €/KG","img":"https://fd6-photos.leclercdrive.fr/image.ashx?id=2734147&use=l&cat=p&typeid=i","cat":315229},{"id":60692,"n":"Bêtises de Cambrai NRT  200g","p":2.49,"u":"12,45 €/KG","img":"https://fd6-photos.leclercdrive.fr/image.ashx?id=2771414&use=l&cat=p&typeid=i","cat":304250},{"id":60693,"n":"Chocolat au lait Alter Eco Caramel beurre salé bio - 100g","p":2.82,"u":"28,20 €/KG","img":"https://fd6-photos.leclercdrive.fr/image.ashx?id=2923016&use=l&cat=p&typeid=i","cat":284497},{"id":60774,"n":"Bière blonde Leffe 6,6% - 6x25cl","p":4.91,"u":"3,27 €/L","img":"https://fd6-photos.leclercdrive.fr/image.ashx?id=2995421&use=l&cat=p&typeid=i","cat":334852},{"id":60775,"n":"Dés de jambon Herta  2x75g","p":2.13,"u":"14,20 €/KG","img":"https://fd6-photos.leclercdrive.fr/image.ashx?id=2877133&use=l&cat=p&typeid=i","cat":316011},{"id":60777,"n":"Brique de brebis Lou Pérac Fromage de brebis - 150g","p":2.86,"u":"19,07 €/KG","img":"https://fd6-photos.leclercdrive.fr/image.ashx?id=2785154&use=l&cat=p&typeid=i","cat":314031},{"id":60778,"n":"Tranche Salakis Fromage de brebis - 200g","p":2.59,"u":"12,95 €/KG","img":"https://fd6-photos.leclercdrive.fr/image.ashx?id=2729710&use=l&cat=p&typeid=i","cat":314026},{"id":60890,"n":"Chaussée aux moines 340g","p":2.89,"u":"8,50 €/KG","img":"https://fd6-photos.leclercdrive.fr/image.ashx?id=2830030&use=l&cat=p&typeid=i","cat":329184},{"id":60891,"n":"Camembert Président 250g","p":1.78,"u":"7,12 €/KG","img":"https://fd6-photos.leclercdrive.fr/image.ashx?id=2878873&use=l&cat=p&typeid=i","cat":314033},{"id":60892,"n":"Emmental râpé fondant Président 200g","p":2.03,"u":"10,15 €/KG","img":"https://fd6-photos.leclercdrive.fr/image.ashx?id=2488455&use=l&cat=p&typeid=i","cat":314035},{"id":60893,"n":"Brique fondante Président Fondante - 200g","p":2.43,"u":"12,15 €/KG","img":"https://fd6-photos.leclercdrive.fr/image.ashx?id=2652840&use=l&cat=p&typeid=i","cat":314033},{"id":60930,"n":"Thé Earl Grey Twinings x25 sachets - 50g","p":2.07,"u":"41,40 €/KG","img":"https://fd6-photos.leclercdrive.fr/image.ashx?id=2889817&use=l&cat=p&typeid=i","cat":293233},{"id":60931,"n":"Thé Ceylan Scotland Twinings x20 - 40g","p":2.51,"u":"62,75 €/KG","img":"https://fd6-photos.leclercdrive.fr/image.ashx?id=2893024&use=l&cat=p&typeid=i","cat":293233},{"id":60953,"n":"Kit turbo Vileda Easy/wring/clean - x1","p":38.5,"img":"https://fd6-photos.leclercdrive.fr/image.ashx?id=2587779&use=l&cat=p&typeid=i","cat":284669},{"id":60957,"n":"Boisson énergisante Red Bull Goût Myrtille, 250ml","p":1.15,"u":"4,60 €/L","img":"https://fd6-photos.leclercdrive.fr/image.ashx?id=2174528&use=l&cat=p&typeid=i","cat":284533},{"id":60974,"n":"Pur jus Tropicana Orange Pure Premium Sans pulpe - 1L","p":2.16,"u":"2,16 €/L","img":"https://fd6-photos.leclercdrive.fr/image.ashx?id=2586186&use=l&cat=p&typeid=i","cat":284521},{"id":60978,"n":"Roquefort AOP Société Fromage de brebis - 150g","p":2.92,"u":"19,47 €/KG","img":"https://fd6-photos.leclercdrive.fr/image.ashx?id=2729713&use=l&cat=p&typeid=i","cat":314032},{"id":61021,"n":"Risotto champignon poulet Marie 900g","p":4.56,"u":"5,07 €/KG","img":"https://fd6-photos.leclercdrive.fr/image.ashx?id=2996755&use=l&cat=p&typeid=i","cat":284254},{"id":61022,"n":"Tranches panés Findus Cabillaud MSC - x20 - 1.020kg","p":14.17,"u":"13,89 €/KG","img":"https://fd6-photos.leclercdrive.fr/image.ashx?id=2865860&use=l&cat=p&typeid=i","cat":319788},{"id":61142,"n":"Rouleau Râpe Velvet Smooth Extra Exfoliant - x2","p":13.99,"img":"https://fd6-photos.leclercdrive.fr/image.ashx?id=2226487&use=l&cat=p&typeid=i","cat":325354},{"id":61167,"n":"Crème légère épaisse Bridélice 15%mg - 497g","p":1.9,"u":"3,82 €/KG","img":"https://fd6-photos.leclercdrive.fr/image.ashx?id=2996578&use=l&cat=p&typeid=i","cat":284381},{"id":61169,"n":"Petit suisse NESQUIK Chocolat 6x60g","p":1.56,"u":"4,33 €/KG","img":"https://fd6-photos.leclercdrive.fr/image.ashx?id=3007933&use=l&cat=p&typeid=i","cat":284414},{"id":61172,"n":"Yaourts à la Grecque Délisse Citron - 4x150g","p":2.38,"u":"3,97 €/KG","img":"https://fd6-photos.leclercdrive.fr/image.ashx?id=2699714&use=l&cat=p&typeid=i","cat":314999},{"id":61293,"n":"Boisson Jafaden Orange carotte citron - 1L","p":1.89,"u":"1,89 €/L","img":"https://fd6-photos.leclercdrive.fr/image.ashx?id=2956753&use=l&cat=p&typeid=i","cat":284917},{"id":61594,"n":"Tomato Ketchup Heinz - 910g","p":2.92,"u":"3,21 €/KG","img":"https://fd6-photos.leclercdrive.fr/image.ashx?id=2923420&use=l&cat=p&typeid=i","cat":284455},{"id":61596,"n":"Sauce au poivre Rustica Pot - 245g","p":1.13,"u":"4,61 €/KG","img":"https://fd6-photos.leclercdrive.fr/image.ashx?id=2954373&use=l&cat=p&typeid=i","cat":318430},{"id":61597,"n":"Sauce bourguignonne Rustica Pot - 250g","p":1.01,"u":"4,04 €/KG","img":"https://fd6-photos.leclercdrive.fr/image.ashx?id=2954376&use=l&cat=p&typeid=i","cat":318430},{"id":61605,"n":"Sauce barbecue Rustica Flacon souple - 280g","p":1.39,"u":"4,96 €/KG","img":"https://fd6-photos.leclercdrive.fr/image.ashx?id=2559704&use=l&cat=p&typeid=i","cat":318431},{"id":61607,"n":"Sauce andalousie Rustica Flacon souple - 249g","p":1.68,"u":"6,75 €/KG","img":"https://fd6-photos.leclercdrive.fr/image.ashx?id=2459153&use=l&cat=p&typeid=i","cat":318431},{"id":61609,"n":"Sauce Aïoli Bénédicta - 260g","p":1.45,"u":"5,58 €/KG","img":"https://fd6-photos.leclercdrive.fr/image.ashx?id=2689934&use=l&cat=p&typeid=i","cat":318430},{"id":61613,"n":"Sauce Pommes frites  Amora 448g","p":2.41,"u":"5,38 €/KG","img":"https://fd6-photos.leclercdrive.fr/image.ashx?id=2738227&use=l&cat=p&typeid=i","cat":318431},{"id":61626,"n":"Cocktail Douceur du Verger 4 fruits - Sirop léger - 250 g","p":1.5,"u":"6,00 €/KG","img":"https://fd6-photos.leclercdrive.fr/image.ashx?id=2531301&use=l&cat=p&typeid=i","cat":284507},{"id":61628,"n":"Fruits au sirop St Mamet Pêches - 245g","p":1.86,"u":"7,59 €/KG","img":"https://fd6-photos.leclercdrive.fr/image.ashx?id=2628428&use=l&cat=p&typeid=i","cat":284507},{"id":61634,"n":"Poires Douceur du Verger Sirop léger - 455 g","p":1.95,"u":"4,29 €/KG","img":"https://fd6-photos.leclercdrive.fr/image.ashx?id=2783020&use=l&cat=p&typeid=i","cat":284507},{"id":61638,"n":"Lentilles Préparées Cassegrain Tendres et Fondantes 460g","p":2.35,"u":"5,11 €/KG","img":"https://fd6-photos.leclercdrive.fr/image.ashx?id=3011047&use=l&cat=p&typeid=i","cat":312609},{"id":61697,"n":"Eponges Spontex Multicolore - x3","p":1.36,"u":"0,45 €/P","img":"https://fd6-photos.leclercdrive.fr/image.ashx?id=2972847&use=l&cat=p&typeid=i","cat":284667},{"id":61706,"n":"Beurre Grand Fermage Demi-sel - 80% MG - 500g","p":5.21,"u":"10,42 €/KG","img":"https://fd6-photos.leclercdrive.fr/image.ashx?id=2916171&use=l&cat=p&typeid=i","cat":284379},{"id":61874,"n":"Gel shampooing douche Fa Men Perfect wave flacon - 250ml","p":1.7,"u":"6,80 €/L","img":"https://fd6-photos.leclercdrive.fr/image.ashx?id=2995091&use=l&cat=p&typeid=i","cat":284619},{"id":61983,"n":"Sachet repas Gourmet  Terrine coffret - 4x85g","p":1.99,"u":"5,85 €/KG","img":"https://fd6-photos.leclercdrive.fr/image.ashx?id=2901118&use=l&cat=p&typeid=i","cat":285286},{"id":62004,"n":"Cornichons Maille  Mini classique - 370g","p":3.84,"u":"10,38 €/KG","img":"https://fd6-photos.leclercdrive.fr/image.ashx?id=2916567&use=l&cat=p&typeid=i","cat":284458},{"id":62007,"n":"Sardines Huile Olive PARMENTIER Vierge Extra - 135g","p":1.53,"u":"11,33 €/KG","img":"https://fd6-photos.leclercdrive.fr/image.ashx?id=3014410&use=l&cat=p&typeid=i","cat":305146},{"id":62042,"n":"Haricots rouges D'aucy  500g","p":2.02,"u":"4,04 €/KG","img":"https://fd6-photos.leclercdrive.fr/image.ashx?id=2491190&use=l&cat=p&typeid=i","cat":312606},{"id":62043,"n":"Lentilles préparées D'aucy  265g","p":0.99,"u":"3,74 €/KG","img":"https://fd6-photos.leclercdrive.fr/image.ashx?id=2560600&use=l&cat=p&typeid=i","cat":312609},{"id":62045,"n":"Haricots verts Jardin Bio étic Bio sans sel - 345g","p":3.9,"u":"11,30 €/KG","img":"https://fd6-photos.leclercdrive.fr/image.ashx?id=2535010&use=l&cat=p&typeid=i","cat":312606},{"id":62050,"n":"Macédoine déjà égouttée D'aucy 265g","p":1.36,"u":"5,13 €/KG","img":"https://fd6-photos.leclercdrive.fr/image.ashx?id=2511601&use=l&cat=p&typeid=i","cat":312612},{"id":62053,"n":"Haricots Coco Cuisinés Cassegrain Tomate, Laurier 435g","p":1.78,"u":"7,12 €/KG","img":"https://fd6-photos.leclercdrive.fr/image.ashx?id=2952466&use=l&cat=p&typeid=i","cat":312606},{"id":62054,"n":"Courgettes Cuisinées Cassegrain à la Provençale 185g","p":2.19,"u":"11,84 €/KG","img":"https://fd6-photos.leclercdrive.fr/image.ashx?id=2913022&use=l&cat=p&typeid=i","cat":312612},{"id":62055,"n":"Aubergines Cuisinées Cassegrain à la Provençale 185g","p":2.33,"u":"12,59 €/KG","img":"https://fd6-photos.leclercdrive.fr/image.ashx?id=2913019&use=l&cat=p&typeid=i","cat":312612},{"id":62057,"n":"Champignons Eco+ Entiers - 230g","p":1.11,"u":"4,83 €/KG","img":"https://fd6-photos.leclercdrive.fr/image.ashx?id=2782999&use=l&cat=p&typeid=i","cat":312610},{"id":62066,"n":"Lentilles cuisinées façon Sud-Ouest Cassegrain 410g","p":2.18,"u":"5,32 €/KG","img":"https://fd6-photos.leclercdrive.fr/image.ashx?id=2862131&use=l&cat=p&typeid=i","cat":312609},{"id":62067,"n":"Flageolets Préparés Cassegrain Extra Fins 130g","p":1.07,"u":"8,23 €/KG","img":"https://fd6-photos.leclercdrive.fr/image.ashx?id=2912980&use=l&cat=p&typeid=i","cat":312606},{"id":62083,"n":"Soda Schweppes Saveur Agrumes - 1L","p":1.59,"u":"1,59 €/L","img":"https://fd6-photos.leclercdrive.fr/image.ashx?id=2852414&use=l&cat=p&typeid=i","cat":284532},{"id":62094,"n":"Sauce fajitas Old El Paso à cuisiner doux - 395g","p":2.23,"u":"5,65 €/KG","img":"https://fd6-photos.leclercdrive.fr/image.ashx?id=2950852&use=l&cat=p&typeid=i","cat":288993},{"id":62095,"n":"Chips Tortilla Old El Paso Fajita - 185g","p":2.29,"u":"12,38 €/KG","img":"https://fd6-photos.leclercdrive.fr/image.ashx?id=2444522&use=l&cat=p&typeid=i","cat":288993},{"id":62098,"n":"Miel et gélée royale Lune de miel - 250g","p":6.4,"u":"25,60 €/KG","img":"https://fd6-photos.leclercdrive.fr/image.ashx?id=2327755&use=l&cat=p&typeid=i","cat":287643},{"id":62101,"n":"Miel l'Apiculteur liquide   et savoureux - 500g","p":6.93,"u":"13,86 €/KG","img":"https://fd6-photos.leclercdrive.fr/image.ashx?id=3008077&use=l&cat=p&typeid=i","cat":287643},{"id":62110,"n":"Compotes Andros Pommes et morceaux - 740g","p":2.31,"u":"3,12 €/KG","img":"https://fd6-photos.leclercdrive.fr/image.ashx?id=2396111&use=l&cat=p&typeid=i","cat":284508},{"id":62112,"n":"Compotes Pom'Potes Gourdes  Pomme Nature - 12x90g","p":4.9,"u":"4,54 €/KG","img":"https://fd6-photos.leclercdrive.fr/image.ashx?id=3010927&use=l&cat=p&typeid=i","cat":284508},{"id":62128,"n":"Biscuits fourrés Prince Tout chocolat - 300g","p":1.48,"u":"4,93 €/KG","img":"https://fd6-photos.leclercdrive.fr/image.ashx?id=2528801&use=l&cat=p&typeid=i","cat":284488},{"id":62130,"n":"Cookies extra moelleux Granola Pépites de chocolat - 312g","p":3.47,"u":"11,12 €/KG","img":"https://fd6-photos.leclercdrive.fr/image.ashx?id=2306723&use=l&cat=p&typeid=i","cat":325066},{"id":62142,"n":"Biscottes Braisor Heudebert  Nature - 500g","p":3.32,"u":"6,64 €/KG","img":"https://fd6-photos.leclercdrive.fr/image.ashx?id=2680176&use=l&cat=p&typeid=i","cat":284479},{"id":62146,"n":"Brioche La Fournée Dorée Tranchée crème fraiche - 500g","p":2.27,"u":"4,54 €/KG","img":"https://fd6-photos.leclercdrive.fr/image.ashx?id=2415365&use=l&cat=p&typeid=i","cat":284478},{"id":62148,"n":"Brioch'burger La fournée Dorée x4 - 250g","p":1.65,"u":"6,60 €/KG","img":"https://fd6-photos.leclercdrive.fr/image.ashx?id=2765261&use=l&cat=p&typeid=i","cat":325067},{"id":62152,"n":"Graines de chia bio Happy Bio   250g","p":5.68,"u":"22,72 €/KG","img":"https://fd6-photos.leclercdrive.fr/image.ashx?id=2970990&use=l&cat=p&typeid=i","cat":318651},{"id":62162,"n":"Donuts Curly 100g","p":1.13,"u":"11,30 €/KG","img":"https://fd6-photos.leclercdrive.fr/image.ashx?id=2446836&use=l&cat=p&typeid=i","cat":284449},{"id":62169,"n":"Croquettes chiens Purina One Minis chiens - 1.5kg","p":5.59,"u":"3,73 €/KG","img":"https://fd6-photos.leclercdrive.fr/image.ashx?id=2899677&use=l&cat=p&typeid=i","cat":294526},{"id":62173,"n":"Friandises chat Catisfactions  Canard - 60g","p":1.2,"u":"20,00 €/KG","img":"https://fd6-photos.leclercdrive.fr/image.ashx?id=2912611&use=l&cat=p&typeid=i","cat":285285},{"id":62226,"n":"Soda Coca-Cola Sans Sucres Bouteille - 1L","p":1.34,"u":"1,34 €/L","img":"https://fd6-photos.leclercdrive.fr/image.ashx?id=2194418&use=l&cat=p&typeid=i","cat":284530},{"id":62238,"n":"Bière blonde Grimbergen Triple d'Abbaye -8° - 6x25cl","p":5.59,"u":"3,73 €/L","img":"https://fd6-photos.leclercdrive.fr/image.ashx?id=2317363&use=l&cat=p&typeid=i","cat":334852},{"id":62246,"n":"Soda au cola Pepsi La bouteille de 1.5L","p":1.17,"u":"0,78 €/L","img":"https://fd6-photos.leclercdrive.fr/image.ashx?id=2896318&use=l&cat=p&typeid=i","cat":284530},{"id":62303,"n":"yaourt fruits bio les 2 vaches brassé framboise - 4x115g","p":1.99,"u":"4,33 €/KG","img":"https://fd6-photos.leclercdrive.fr/image.ashx?id=2571533&use=l&cat=p&typeid=i","cat":284410},{"id":62305,"n":"Yaourt nature Bio village Bio Sucre de canne - 4x125g","p":1.58,"u":"3,16 €/KG","img":"https://fd6-photos.leclercdrive.fr/image.ashx?id=1946889&use=l&cat=p&typeid=i","cat":284409},{"id":62333,"n":"Yaourt brassé Bio les 2 vaches Citron - 4x115g","p":1.97,"u":"4,28 €/KG","img":"https://fd6-photos.leclercdrive.fr/image.ashx?id=2571536&use=l&cat=p&typeid=i","cat":284410},{"id":62335,"n":"yaourt fruits bio les 2 vaches brassé myrtille - 4x115g","p":1.97,"u":"4,28 €/KG","img":"https://fd6-photos.leclercdrive.fr/image.ashx?id=2571530&use=l&cat=p&typeid=i","cat":284410},{"id":62357,"n":"Faisselle Rians Coulis framboise - 240g","p":1.94,"u":"8,08 €/KG","img":"https://fd6-photos.leclercdrive.fr/image.ashx?id=2522776&use=l&cat=p&typeid=i","cat":284410},{"id":62417,"n":"Jus de pamplemousse rose pressé Andros - 1L","p":3.2,"u":"3,20 €/L","img":"https://fd6-photos.leclercdrive.fr/image.ashx?id=2928423&use=l&cat=p&typeid=i","cat":285435},{"id":62429,"n":"Gazpacho Alvalle Tomate Pastèque Menthe - 1L","p":3.89,"u":"3,89 €/L","img":"https://fd6-photos.leclercdrive.fr/image.ashx?id=2673319&use=l&cat=p&typeid=i","cat":284355},{"id":62475,"n":"Sauce ail/ciboulette Florette 175g","p":2.51,"u":"14,34 €/L","img":"https://fd6-photos.leclercdrive.fr/image.ashx?id=2634061&use=l&cat=p&typeid=i","cat":284382},{"id":62481,"n":"Coton disque Bio Bionaïa x70","p":0.97,"u":"0,01 €/P","img":"https://fd6-photos.leclercdrive.fr/image.ashx?id=2434942&use=l&cat=p&typeid=i","cat":285593},{"id":62486,"n":"Quiche lorraine 400g","p":1.99,"u":"4,98 €/KG","img":"https://fd6-photos.leclercdrive.fr/image.ashx?id=2798421&use=l&cat=p&typeid=i","cat":333680},{"id":62496,"n":"Biscuit bébé Blédina 12 mois Petit beurre - 133g","p":2.04,"u":"15,34 €/KG","img":"https://fd6-photos.leclercdrive.fr/image.ashx?id=2974288&use=l&cat=p&typeid=i","cat":312227},{"id":62497,"n":"Biscuit bébé Blédina 12 mois  Petit beurre pépites choco-133g","p":2.16,"u":"16,24 €/KG","img":"https://fd6-photos.leclercdrive.fr/image.ashx?id=2639344&use=l&cat=p&typeid=i","cat":312227},{"id":62561,"n":"Rasoirs jetables Carré Homme 3 lames - x8","p":2.66,"u":"0,33 €/P","img":"https://fd6-photos.leclercdrive.fr/image.ashx?id=2869859&use=l&cat=p&typeid=i","cat":284616},{"id":62567,"n":"Papier toilette Mimosa Humide x50","p":1.29,"u":"0,03 €/P","img":"https://fd6-photos.leclercdrive.fr/image.ashx?id=2064603&use=l&cat=p&typeid=i","cat":284634},{"id":62568,"n":"Papier toilette Mimosa Humide douceur x50","p":1.29,"u":"0,03 €/P","img":"https://fd6-photos.leclercdrive.fr/image.ashx?id=2064606&use=l&cat=p&typeid=i","cat":284634},{"id":62571,"n":"Soda à l'orange Orangina 1L","p":1.72,"u":"1,72 €/L","img":"https://fd6-photos.leclercdrive.fr/image.ashx?id=2668413&use=l&cat=p&typeid=i","cat":284532},{"id":62572,"n":"Lime soda Sprink's Citron zero - 1.5L","p":1.08,"u":"0,72 €/L","img":"https://fd6-photos.leclercdrive.fr/image.ashx?id=2913742&use=l&cat=p&typeid=i","cat":284531},{"id":62573,"n":"Tonic soda Sprink's Zero - 1.5L","p":0.89,"u":"0,59 €/L","img":"https://fd6-photos.leclercdrive.fr/image.ashx?id=2913745&use=l&cat=p&typeid=i","cat":284531},{"id":62574,"n":"Bière ambrée Grimbergen 6,5° - 6x25cl","p":5.81,"u":"3,87 €/L","img":"https://fd6-photos.leclercdrive.fr/image.ashx?id=2293483&use=l&cat=p&typeid=i","cat":334852},{"id":62575,"n":"Coton disque Inell Rond confort x70","p":0.61,"u":"0,01 €/P","img":"https://fd6-photos.leclercdrive.fr/image.ashx?id=2169171&use=l&cat=p&typeid=i","cat":285593},{"id":62576,"n":"Bière blanche Grimbergen 6° - 6x25cl","p":5.16,"u":"3,44 €/L","img":"https://fd6-photos.leclercdrive.fr/image.ashx?id=2294375&use=l&cat=p&typeid=i","cat":334878},{"id":62579,"n":"Bière blonde Leffe Triple 8,5% - 6x25cl","p":6.08,"u":"24,32 €/L","img":"https://fd6-photos.leclercdrive.fr/image.ashx?id=2548282&use=l&cat=p&typeid=i","cat":334852},{"id":62581,"n":"Bière aromatisée Grimbergen Cerise 5,5° - 6x25cl","p":5.81,"u":"3,87 €/L","img":"https://fd6-photos.leclercdrive.fr/image.ashx?id=2312798&use=l&cat=p&typeid=i","cat":334878},{"id":62614,"n":"Pâte à tartiner Ovomaltine Crunchy - 360g","p":3.15,"u":"8,75 €/KG","img":"https://fd6-photos.leclercdrive.fr/image.ashx?id=2428645&use=l&cat=p&typeid=i","cat":284481},{"id":62619,"n":"Biscuits nappés Pépito Chocolat au lait - 2x192g","p":2.66,"u":"6,93 €/KG","img":"https://fd6-photos.leclercdrive.fr/image.ashx?id=2989444&use=l&cat=p&typeid=i","cat":284488},{"id":62668,"n":"Brosse à dents Sensodyne Extra souple x1","p":2.07,"pp":1.45,"img":"https://fd6-photos.leclercdrive.fr/image.ashx?id=2923633&use=l&cat=p&typeid=i","cat":284614},{"id":62676,"n":"Gel douche bio So Bio Etic  Karité sans sulfate - 650ml","p":5.61,"u":"8,63 €/L","img":"https://fd6-photos.leclercdrive.fr/image.ashx?id=2850593&use=l&cat=p&typeid=i","cat":284594},{"id":62677,"n":"Gel douche bio So Bio Etic Aloe vera sans sulfate 650ml","p":5.67,"u":"8,72 €/L","img":"https://fd6-photos.leclercdrive.fr/image.ashx?id=2850596&use=l&cat=p&typeid=i","cat":284594},{"id":62678,"n":"Crème douche bio So Bio Etic Lait d'anesse - 650ml","p":5.7,"u":"8,77 €/L","img":"https://fd6-photos.leclercdrive.fr/image.ashx?id=2862515&use=l&cat=p&typeid=i","cat":284594},{"id":62681,"n":"Eau de javel Clair Parfum citron - 2L","p":0.98,"u":"0,49 €/L","img":"https://fd6-photos.leclercdrive.fr/image.ashx?id=2623013&use=l&cat=p&typeid=i","cat":284661},{"id":62682,"n":"Javel en gel Clair  Citron vert - 750ml","p":1.18,"u":"1,57 €/L","img":"https://fd6-photos.leclercdrive.fr/image.ashx?id=2843881&use=l&cat=p&typeid=i","cat":284661},{"id":62687,"n":"Spray nasal Primoplast 100% eau de mer - 150ml","p":4.45,"u":"29,67 €/L","img":"https://fd6-photos.leclercdrive.fr/image.ashx?id=2955758&use=l&cat=p&typeid=i","cat":284630},{"id":62697,"n":"Nappe damassée Homeside Blanche - 8m","p":1.61,"img":"https://fd6-photos.leclercdrive.fr/image.ashx?id=1659708&use=l&cat=p&typeid=i","cat":334134},{"id":62709,"n":"Pâte à tartiner Cacao noisettes Lucien Georgelin 280g","p":3.6,"u":"12,86 €/KG","img":"https://fd6-photos.leclercdrive.fr/image.ashx?id=1638886&use=l&cat=p&typeid=i","cat":284481},{"id":62722,"n":"Biscuits fourrés Prince Chocolat lait - 300g","p":1.47,"u":"4,90 €/KG","img":"https://fd6-photos.leclercdrive.fr/image.ashx?id=2349070&use=l&cat=p&typeid=i","cat":284488},{"id":62723,"n":"Biscuits fourrés Prince Multi céréales - 293g","p":1.52,"u":"5,19 €/KG","img":"https://fd6-photos.leclercdrive.fr/image.ashx?id=2350993&use=l&cat=p&typeid=i","cat":284488},{"id":62726,"n":"Compote bio Bio Village Bocal pomme - 625g","p":2.07,"u":"3,31 €/KG","img":"https://fd6-photos.leclercdrive.fr/image.ashx?id=1948042&use=l&cat=p&typeid=i","cat":284508},{"id":62730,"n":"Fruits au sirop St Mamet Poires williams - 235g","p":1.94,"u":"8,26 €/KG","img":"https://fd6-photos.leclercdrive.fr/image.ashx?id=2630220&use=l&cat=p&typeid=i","cat":284507},{"id":62731,"n":"Abricots Douceur du Verger Sirop léger - 475 g","p":2.42,"u":"5,09 €/KG","img":"https://fd6-photos.leclercdrive.fr/image.ashx?id=2618235&use=l&cat=p&typeid=i","cat":284507},{"id":62740,"n":"Lait de coco Suzi Wan  Allégé - 200ml","p":1.62,"u":"8,10 €/L","img":"https://fd6-photos.leclercdrive.fr/image.ashx?id=2892922&use=l&cat=p&typeid=i","cat":288992},{"id":62742,"n":"Gressins sésames bio Bio Village - 125g","p":1.52,"u":"12,16 €/KG","img":"https://fd6-photos.leclercdrive.fr/image.ashx?id=1944640&use=l&cat=p&typeid=i","cat":297000},{"id":62753,"n":"Noix de cajou Bio Village  Bio Grillées - 100g","p":2.1,"u":"21,00 €/KG","img":"https://fd6-photos.leclercdrive.fr/image.ashx?id=2664590&use=l&cat=p&typeid=i","cat":284448},{"id":62858,"n":"Biscuit Nature GERBLE  sans sucres ajoutés - 132g","p":2.07,"u":"15,68 €/KG","img":"https://fd6-photos.leclercdrive.fr/image.ashx?id=2662835&use=l&cat=p&typeid=i","cat":318653},{"id":62880,"n":"Moelleux Citron GERBLE   sans sucre - 196g","p":3.22,"u":"16,43 €/KG","img":"https://fd6-photos.leclercdrive.fr/image.ashx?id=2575087&use=l&cat=p&typeid=i","cat":318653},{"id":62937,"n":"Thon mariné Petit Navire Tomate séchée - 2x110g","p":3.66,"u":"16,64 €/KG","img":"https://fd6-photos.leclercdrive.fr/image.ashx?id=2522560&use=l&cat=p&typeid=i","cat":303867},{"id":63248,"n":"Biscuits fourrés Prince Maxi Chocolat - 2X250g","p":3.36,"u":"6,72 €/KG","img":"https://fd6-photos.leclercdrive.fr/image.ashx?id=2347308&use=l&cat=p&typeid=i","cat":284488},{"id":63284,"n":"AOP Champagne Canard Duchêne Charles VII Brut - 75cl","p":29.5,"pp":26.55,"u":"35,40 €/L","img":"https://fd6-photos.leclercdrive.fr/image.ashx?id=2174390&use=l&cat=p&typeid=i","cat":284542},{"id":63287,"n":"AOP Crémant de Bordeaux Malesan brut - 75cl","p":6.9,"pp":4.55,"u":"6,07 €/L","img":"https://fd6-photos.leclercdrive.fr/image.ashx?id=2497193&use=l&cat=p&typeid=i","cat":284545},{"id":63304,"n":"Pizza Crust Sodebo Classic Jambon Emmental - 600g","p":4.86,"u":"8,10 €/KG","img":"https://fd6-photos.leclercdrive.fr/image.ashx?id=3008254&use=l&cat=p&typeid=i","cat":333679},{"id":63306,"n":"Pizza Crust Sodebo Buffalo boeuf poivrons - 600g","p":5.78,"u":"9,63 €/KG","img":"https://fd6-photos.leclercdrive.fr/image.ashx?id=3011197&use=l&cat=p&typeid=i","cat":333679},{"id":63320,"n":"Rhum Vieux Agricole AOC  Martinique 40%vol - 70cl","p":19.22,"u":"27,46 €/L","img":"https://fd6-photos.leclercdrive.fr/image.ashx?id=2731075&use=l&cat=p&typeid=i","cat":284550},{"id":63503,"n":"Fromage Pavé d'Affinois Mini Mix 3 variétés - 160g","p":2.95,"u":"18,44 €/KG","img":"https://fd6-photos.leclercdrive.fr/image.ashx?id=3002066&use=l&cat=p&typeid=i","cat":314030},{"id":63520,"n":"Pizza crust Sodebo Cheesy 4 fromages - 580g","p":4.82,"u":"8,31 €/KG","img":"https://fd6-photos.leclercdrive.fr/image.ashx?id=2912098&use=l&cat=p&typeid=i","cat":333679},{"id":63521,"n":"Penne au saumon Marie Crème d'épinard - 280g","p":3.16,"u":"11,29 €/KG","img":"https://fd6-photos.leclercdrive.fr/image.ashx?id=2317519&use=l&cat=p&typeid=i","cat":333665},{"id":63528,"n":"Boisson énergisante Crazy Tiger Canette - 50cl","p":0.99,"u":"1,98 €/L","img":"https://fd6-photos.leclercdrive.fr/image.ashx?id=2859641&use=l&cat=p&typeid=i","cat":284533},{"id":63540,"n":"Sauce barbecue Rustica 280g","p":1.38,"u":"4,93 €/KG","img":"https://fd6-photos.leclercdrive.fr/image.ashx?id=2954370&use=l&cat=p&typeid=i","cat":318431},{"id":63541,"n":"Sauce barbecue Rustica 560g","p":1.78,"u":"3,18 €/KG","img":"https://fd6-photos.leclercdrive.fr/image.ashx?id=2092948&use=l&cat=p&typeid=i","cat":318431},{"id":63570,"n":"Diffuseur sticks Aura Linge frais - 40ml","p":4.3,"u":"107,50 €/L","img":"https://fd6-photos.leclercdrive.fr/image.ashx?id=2271897&use=l&cat=p&typeid=i","cat":311627},{"id":63571,"n":"Diffuseur Cristal Aura Douceur - 40ml","p":4.3,"u":"107,50 €/L","img":"https://fd6-photos.leclercdrive.fr/image.ashx?id=2271900&use=l&cat=p&typeid=i","cat":311627},{"id":63622,"n":"Sandwich XXL Daunat Pain suédois - jambon/cheddar","p":2.67,"u":"11,61 €/KG","img":"https://fd6-photos.leclercdrive.fr/image.ashx?id=2857383&use=l&cat=p&typeid=i","cat":333658},{"id":63631,"n":"Tartinade tomates confites  à l'origan Sud & Sol - 150g","p":2.39,"pp":1.58,"u":"10,53 €/KG","img":"https://fd6-photos.leclercdrive.fr/image.ashx?id=2937307&use=l&cat=p&typeid=i","cat":315999},{"id":63633,"n":"Tartinade d'olives noires  Sud & Sol - 150g","p":2.39,"pp":1.58,"u":"10,53 €/KG","img":"https://fd6-photos.leclercdrive.fr/image.ashx?id=2937316&use=l&cat=p&typeid=i","cat":315999},{"id":63712,"n":"AOC Martinique Rhum blanc  Agricole HSE 40° - 1L","p":13.97,"u":"13,97 €/L","img":"https://fd6-photos.leclercdrive.fr/image.ashx?id=2902019&use=l&cat=p&typeid=i","cat":284550},{"id":63718,"n":"Rhum Vieux agricole HSE 40° - 70cl","p":24.12,"u":"34,46 €/L","img":"https://fd6-photos.leclercdrive.fr/image.ashx?id=2475753&use=l&cat=p&typeid=i","cat":284550},{"id":63722,"n":"Liqueur Herbes Jagermeister 35° - 70cl","p":18.97,"u":"27,10 €/L","img":"https://fd6-photos.leclercdrive.fr/image.ashx?id=2474740&use=l&cat=p&typeid=i","cat":286032},{"id":63756,"n":"Pur jus Tropicana Orange Pure Premium Avec pulpe - 1L","p":2.16,"u":"2,16 €/L","img":"https://fd6-photos.leclercdrive.fr/image.ashx?id=2605668&use=l&cat=p&typeid=i","cat":284521},{"id":63759,"n":"Pur Jus Jafaden Mutlifruits - 2L","p":2.75,"u":"1,38 €/L","img":"https://fd6-photos.leclercdrive.fr/image.ashx?id=2762955&use=l&cat=p&typeid=i","cat":284917},{"id":63762,"n":"Boisson aux fruits Oasis Tropical - 6x33cl","p":3.57,"u":"1,80 €/L","img":"https://fd6-photos.leclercdrive.fr/image.ashx?id=2900812&use=l&cat=p&typeid=i","cat":295018},{"id":63765,"n":"Boisson aux fruits Oasis Orange - 6x33cl","p":4.07,"u":"2,06 €/L","img":"https://fd6-photos.leclercdrive.fr/image.ashx?id=2681718&use=l&cat=p&typeid=i","cat":295018},{"id":63768,"n":"Boisson aux fruits Oasis Pomme Cassis Framboise - 6x33cl","p":4.01,"u":"2,03 €/L","img":"https://fd6-photos.leclercdrive.fr/image.ashx?id=3014449&use=l&cat=p&typeid=i","cat":295018},{"id":63776,"n":"Sirop Moulin de Valdonne Fraise des bois - 70cl","p":3.62,"u":"5,17 €/L","img":"https://fd6-photos.leclercdrive.fr/image.ashx?id=2170589&use=l&cat=p&typeid=i","cat":295020},{"id":63794,"n":"Soda Schweppes Saveur Citron - 6x33cl","p":3.67,"u":"1,85 €/L","img":"https://fd6-photos.leclercdrive.fr/image.ashx?id=2852743&use=l&cat=p&typeid=i","cat":284532},{"id":63795,"n":"Soda Schweppes Indian Tonic - 6x33cl","p":3.65,"u":"1,84 €/L","img":"https://fd6-photos.leclercdrive.fr/image.ashx?id=2852423&use=l&cat=p&typeid=i","cat":284531},{"id":63797,"n":"Soda Schweppes Saveur Agrumes - 6x33cl","p":3.29,"u":"1,66 €/L","img":"https://fd6-photos.leclercdrive.fr/image.ashx?id=2852737&use=l&cat=p&typeid=i","cat":284532},{"id":63798,"n":"Soda Schweppes Saveur Agrumes Zero - 6x33cl","p":3.08,"u":"1,56 €/L","img":"https://fd6-photos.leclercdrive.fr/image.ashx?id=2852740&use=l&cat=p&typeid=i","cat":284532},{"id":63802,"n":"Pastis Casanis 45%Vol 1L","p":20.72,"u":"20,72 €/L","img":"https://fd6-photos.leclercdrive.fr/image.ashx?id=2803724&use=l&cat=p&typeid=i","cat":284548},{"id":63814,"n":"Pur jus Tropicana Orange Pure Premium avec pulpe - 2x1L","p":5.14,"u":"2,57 €/L","img":"https://fd6-photos.leclercdrive.fr/image.ashx?id=2592690&use=l&cat=p&typeid=i","cat":284521},{"id":63824,"n":"Soda Coca-Cola Zéro Sans caféine - 1.25L","p":1.52,"u":"1,22 €/L","img":"https://fd6-photos.leclercdrive.fr/image.ashx?id=3009059&use=l&cat=p&typeid=i","cat":284530},{"id":63828,"n":"Concentré à diluer Pulco Citron Vert Menthe - 70cl","p":2.73,"u":"3,90 €/L","img":"https://fd6-photos.leclercdrive.fr/image.ashx?id=2687791&use=l&cat=p&typeid=i","cat":295020},{"id":63837,"n":"Champignons Eco+ Pieds et morceaux - 230g","p":0.82,"u":"3,57 €/KG","img":"https://fd6-photos.leclercdrive.fr/image.ashx?id=2783002&use=l&cat=p&typeid=i","cat":312610},{"id":63892,"n":"Capsules café L'Or Espresso Forza N°9 x10","p":3.14,"u":"60,38 €/KG","img":"https://fd6-photos.leclercdrive.fr/image.ashx?id=2393753&use=l&cat=p&typeid=i","cat":284749},{"id":63959,"n":"Burger le Charolais Côté Snack 180g","p":2.49,"u":"13,83 €/KG","img":"https://fd6-photos.leclercdrive.fr/image.ashx?id=2776292&use=l&cat=p&typeid=i","cat":333671},{"id":63971,"n":"Escalope cordon bleu Père dodu Poulet x4 - 400g - Familial","p":4.1,"u":"10,25 €/KG","img":"https://fd6-photos.leclercdrive.fr/image.ashx?id=2957173&use=l&cat=p&typeid=i","cat":333683},{"id":63973,"n":"Cordon Bleu Père Dodu  Poulet x8 - 800g - Maxi Format","p":7.54,"u":"9,43 €/KG","img":"https://fd6-photos.leclercdrive.fr/image.ashx?id=2957176&use=l&cat=p&typeid=i","cat":333683},{"id":63989,"n":"Mascarpone Bio Village Bio - 250g","p":2.98,"u":"11,92 €/KG","img":"https://fd6-photos.leclercdrive.fr/image.ashx?id=1211724&use=l&cat=p&typeid=i","cat":314026},{"id":63990,"n":"Fromage Cantal jeune râpé NRT  AOP - 150g","p":2.39,"u":"15,93 €/KG","img":"https://fd6-photos.leclercdrive.fr/image.ashx?id=2494172&use=l&cat=p&typeid=i","cat":314035},{"id":63993,"n":"Crème glacée Eskiss  Douceur de vanille - 500g","p":3.91,"u":"7,82 €/KG","img":"https://fd6-photos.leclercdrive.fr/image.ashx?id=2982634&use=l&cat=p&typeid=i","cat":284263},{"id":63996,"n":"Glace gourmande Eskiss  Coco passion - 488g","p":3.16,"u":"6,48 €/KG","img":"https://fd6-photos.leclercdrive.fr/image.ashx?id=3002623&use=l&cat=p&typeid=i","cat":284263},{"id":63998,"n":"Nectar d'abricot Pays d'Oc NRT 1L","p":3.09,"u":"3,09 €/L","img":"https://fd6-photos.leclercdrive.fr/image.ashx?id=2988144&use=l&cat=p&typeid=i","cat":284915},{"id":63999,"n":"Nectar de Goyave NRT De Martinique - 1L","p":2.85,"u":"2,85 €/L","img":"https://fd6-photos.leclercdrive.fr/image.ashx?id=2849656&use=l&cat=p&typeid=i","cat":284916},{"id":64000,"n":"Nectar de poire Williams NRT Du Roussillon - 1L","p":3.05,"u":"3,05 €/L","img":"https://fd6-photos.leclercdrive.fr/image.ashx?id=2988150&use=l&cat=p&typeid=i","cat":284915},{"id":64020,"n":"Soda pomme cerise Sprink's 1.5L","p":1.67,"u":"1,11 €/L","img":"https://fd6-photos.leclercdrive.fr/image.ashx?id=2913754&use=l&cat=p&typeid=i","cat":284532},{"id":64023,"n":"Soda cerise Sprink's 1.5L","p":1.69,"u":"1,13 €/L","img":"https://fd6-photos.leclercdrive.fr/image.ashx?id=2913751&use=l&cat=p&typeid=i","cat":284532},{"id":64024,"n":"Soda pomme Sprink's 1.5L","p":1.48,"u":"0,99 €/L","img":"https://fd6-photos.leclercdrive.fr/image.ashx?id=2913748&use=l&cat=p&typeid=i","cat":284532},{"id":64029,"n":"Boisson au thé vert Fresh Tea Menthe - 1.5L","p":1.82,"u":"1,21 €/L","img":"https://fd6-photos.leclercdrive.fr/image.ashx?id=2622269&use=l&cat=p&typeid=i","cat":295019},{"id":64032,"n":"Pur jus d'orange Tropicana Sans pulpe - 2x1L","p":4.9,"u":"2,45 €/L","img":"https://fd6-photos.leclercdrive.fr/image.ashx?id=2605671&use=l&cat=p&typeid=i","cat":284521},{"id":64052,"n":"Bière blonde Castelain Grand cru 8.5% - 75cl","p":4.34,"u":"5,79 €/L","img":"https://fd6-photos.leclercdrive.fr/image.ashx?id=2139097&use=l&cat=p&typeid=i","cat":334872},{"id":64057,"n":"Bière Desperados Red 12x33cl","p":17.78,"u":"4,49 €/L","img":"https://fd6-photos.leclercdrive.fr/image.ashx?id=2651074&use=l&cat=p&typeid=i","cat":334878},{"id":64108,"n":"Fromage à Tartiner Carré Frais  Nature 8 Portions - 200g","p":2.16,"u":"10,80 €/KG","img":"https://fd6-photos.leclercdrive.fr/image.ashx?id=2452209&use=l&cat=p&typeid=i","cat":314029},{"id":64109,"n":"Fromage blanc Délisse 3.2%mg 12x100g","p":2.69,"u":"2,24 €/KG","img":"https://fd6-photos.leclercdrive.fr/image.ashx?id=3012848&use=l&cat=p&typeid=i","cat":284409},{"id":64170,"n":"Surimi Petits Coraya Sauce mayonnaise  x21 - 210g","p":2.38,"u":"11,33 €/KG","img":"https://fd6-photos.leclercdrive.fr/image.ashx?id=2968880&use=l&cat=p&typeid=i","cat":285189},{"id":64191,"n":"Tomates cerises allongées Panier du Primeur - 250g","p":1.59,"u":"6,36 €/KG","img":"https://fd6-photos.leclercdrive.fr/image.ashx?id=2988099&use=l&cat=p&typeid=i","cat":284352},{"id":64278,"n":"Matière grasse St Hubert 41 Demi-sel - 38%MG - 500g","p":2.78,"u":"5,56 €/KG","img":"https://fd6-photos.leclercdrive.fr/image.ashx?id=2734150&use=l&cat=p&typeid=i","cat":315229},{"id":64493,"n":"Liquide vaisselle Rainett Citron vert - 750ml","p":1.94,"u":"2,59 €/L","img":"https://fd6-photos.leclercdrive.fr/image.ashx?id=2293096&use=l&cat=p&typeid=i","cat":284655},{"id":64666,"n":"Gâteaux moelleux Kinder Délice Coeur lait enrobé Cacao - x10","p":3.3,"u":"8,46 €/KG","img":"https://fd6-photos.leclercdrive.fr/image.ashx?id=2832476&use=l&cat=p&typeid=i","cat":284495},{"id":64680,"n":"Soupe liquide Liebig Potiron Kiri Brique - 2x30cl","p":2.38,"u":"3,97 €/L","img":"https://fd6-photos.leclercdrive.fr/image.ashx?id=2892136&use=l&cat=p&typeid=i","cat":284462},{"id":64684,"n":"Soupe liquide brique Liebig  Légumes façon Poêlée - 2x30cl","p":2.4,"u":"4,00 €/L","img":"https://fd6-photos.leclercdrive.fr/image.ashx?id=2598073&use=l&cat=p&typeid=i","cat":284462},{"id":64685,"n":"Soupe liquide Liebig  Potiron - 2x30cl","p":2.07,"u":"3,45 €/L","img":"https://fd6-photos.leclercdrive.fr/image.ashx?id=2369915&use=l&cat=p&typeid=i","cat":284462},{"id":64686,"n":"Soupe liquide brique Liebig  Velouté légumes soleil - 2x30cl","p":1.9,"u":"3,17 €/L","img":"https://fd6-photos.leclercdrive.fr/image.ashx?id=2203382&use=l&cat=p&typeid=i","cat":284462},{"id":64692,"n":"Chocolat Pâtissier Nestlé Dessert - Noir corsé - 200g","p":3.18,"u":"15,90 €/KG","img":"https://fd6-photos.leclercdrive.fr/image.ashx?id=2889895&use=l&cat=p&typeid=i","cat":285562},{"id":64890,"n":"Bouchée Grillée Garden Gourmet Soja et Blé 175g","p":2.9,"u":"16,57 €/KG","img":"https://fd6-photos.leclercdrive.fr/image.ashx?id=2971392&use=l&cat=p&typeid=i","cat":316036},{"id":64897,"n":"Tortellini à poêler Lustucru Jambon emmental - 300g","p":2.18,"u":"7,27 €/KG","img":"https://fd6-photos.leclercdrive.fr/image.ashx?id=2792393&use=l&cat=p&typeid=i","cat":333682},{"id":64964,"n":"Eau minérale gazeuse Quezac 6x1.15L","p":2.69,"u":"0,39 €/L","img":"https://fd6-photos.leclercdrive.fr/image.ashx?id=2975341&use=l&cat=p&typeid=i","cat":284536},{"id":64980,"n":"Parmentier de canard  Maison Tino - 750g","p":7.48,"u":"9,97 €/KG","img":"https://fd6-photos.leclercdrive.fr/image.ashx?id=2554656&use=l&cat=p&typeid=i","cat":333666},{"id":64983,"n":"Parmentier de boeuf Maison Tino -  750g","p":7.74,"u":"10,32 €/KG","img":"https://fd6-photos.leclercdrive.fr/image.ashx?id=2554650&use=l&cat=p&typeid=i","cat":333666},{"id":64984,"n":"Lasagne de Boeuf  Maison Tino - 900g","p":7.48,"u":"8,31 €/KG","img":"https://fd6-photos.leclercdrive.fr/image.ashx?id=2681829&use=l&cat=p&typeid=i","cat":333666},{"id":65013,"n":"AIRWICK Spray Désodorisant  Pure Rafraichissant - 250ml","p":4.04,"u":"16,16 €/L","img":"https://fd6-photos.leclercdrive.fr/image.ashx?id=2962011&use=l&cat=p&typeid=i","cat":311626},{"id":65033,"n":"Dosettes Café Carte Noire  Arabica Corsé n°7 - x60 - 420g","p":9.3,"u":"22,14 €/KG","img":"https://fd6-photos.leclercdrive.fr/image.ashx?id=2922176&use=l&cat=p&typeid=i","cat":293238},{"id":65044,"n":"Biscuits petit déjeuner Belvita Miel & pépites chocolat - 435g","p":2.7,"u":"6,21 €/KG","img":"https://fd6-photos.leclercdrive.fr/image.ashx?id=2989441&use=l&cat=p&typeid=i","cat":284491},{"id":65048,"n":"Barres céréales Grany Fraises framboises - 108g","p":1.95,"u":"18,06 €/KG","img":"https://fd6-photos.leclercdrive.fr/image.ashx?id=2834350&use=l&cat=p&typeid=i","cat":285869},{"id":65061,"n":"Eau aromatisée Volvic zest  citron vert citron - 1,5L","p":1.09,"u":"0,73 €/L","img":"https://fd6-photos.leclercdrive.fr/image.ashx?id=2730259&use=l&cat=p&typeid=i","cat":284537},{"id":65336,"n":"Café dosettes Tassimo L'Or Espresso Splendente x16","p":4.88,"u":"43,57 €/KG","img":"https://fd6-photos.leclercdrive.fr/image.ashx?id=2853404&use=l&cat=p&typeid=i","cat":293240},{"id":65337,"n":"Epices pour fajitas Old El Paso doux - 30g","p":1.07,"u":"35,67 €/KG","img":"https://fd6-photos.leclercdrive.fr/image.ashx?id=2737702&use=l&cat=p&typeid=i","cat":288993},{"id":65341,"n":"Bonbons LUTTI Koala Guimauve Chocolat - 185g","p":1.61,"u":"8,70 €/KG","img":"https://fd6-photos.leclercdrive.fr/image.ashx?id=2806147&use=l&cat=p&typeid=i","cat":304250},{"id":65342,"n":"Bonbons LUTTI Surffizz Piquants Fruits - 200g","p":1.17,"u":"5,85 €/KG","img":"https://fd6-photos.leclercdrive.fr/image.ashx?id=2806144&use=l&cat=p&typeid=i","cat":304250},{"id":65358,"n":"AOP Bordeaux Vin Rosé Mouton Cadet - 14% vol. - 1.5L","p":13.5,"u":"9,00 €/L","img":"https://fd6-photos.leclercdrive.fr/image.ashx?id=2645522&use=l&cat=p&typeid=i","cat":289558},{"id":65366,"n":"Bière blonde Affligem Pack 6.7% vol. - 20x25cl","p":15.6,"u":"3,12 €/L","img":"https://fd6-photos.leclercdrive.fr/image.ashx?id=2774274&use=l&cat=p&typeid=i","cat":334852},{"id":65424,"n":"Olives entières Croc Frais A la provençale - 550g","p":4.99,"u":"9,07 €/KG","img":"https://fd6-photos.leclercdrive.fr/image.ashx?id=2589425&use=l&cat=p&typeid=i","cat":316002},{"id":65426,"n":"Olives dénoyautées Croc Frais Méditerranéenne - 500g","p":4.34,"u":"8,68 €/KG","img":"https://fd6-photos.leclercdrive.fr/image.ashx?id=2589416&use=l&cat=p&typeid=i","cat":316002},{"id":65904,"n":"Liniment Mots d'Enfants 500ml","p":3.9,"u":"7,80 €/L","img":"https://fd6-photos.leclercdrive.fr/image.ashx?id=2290721&use=l&cat=p&typeid=i","cat":284741},{"id":65926,"n":"Guacamole Extra l'Atelier Blini 175g","p":3.5,"u":"20,00 €/KG","img":"https://fd6-photos.leclercdrive.fr/image.ashx?id=2852504&use=l&cat=p&typeid=i","cat":315999},{"id":65932,"n":"Pizza Dolce Sodebo Capri chèvre coppa - 380g","p":3.65,"u":"9,61 €/KG","img":"https://fd6-photos.leclercdrive.fr/image.ashx?id=2889412&use=l&cat=p&typeid=i","cat":333679},{"id":65950,"n":"Gel toilette intime Doulys 200ml","p":2.47,"u":"12,35 €/L","img":"https://fd6-photos.leclercdrive.fr/image.ashx?id=1703245&use=l&cat=p&typeid=i","cat":284627},{"id":65970,"n":"Crème légère fluide Bridélice 12%MG - 3x20cl","p":2.45,"u":"4,08 €/L","img":"https://fd6-photos.leclercdrive.fr/image.ashx?id=2904736&use=l&cat=p&typeid=i","cat":284381},{"id":65972,"n":"Poires Douceur du Verger Sirop léger - 225 g","p":1.32,"u":"5,87 €/KG","img":"https://fd6-photos.leclercdrive.fr/image.ashx?id=2531292&use=l&cat=p&typeid=i","cat":284507},{"id":65973,"n":"Abricots Douceur du Verger Sirop léger - 235 g","p":1.44,"u":"6,13 €/KG","img":"https://fd6-photos.leclercdrive.fr/image.ashx?id=2622891&use=l&cat=p&typeid=i","cat":284507},{"id":65977,"n":"Bière aromatisée Mûre Myrtille  4,5°- 6x25cl","p":4.79,"u":"3,19 €/L","img":"https://fd6-photos.leclercdrive.fr/image.ashx?id=2164213&use=l&cat=p&typeid=i","cat":334878},{"id":66076,"n":"Bière ambrée Bio Jade  4.5%vol - 6x25cl","p":5.36,"u":"3,57 €/L","img":"https://fd6-photos.leclercdrive.fr/image.ashx?id=2518154&use=l&cat=p&typeid=i","cat":334852},{"id":66245,"n":"Bougies d'anniversaire Vahiné Roses - blister de 16 bougies","p":1.47,"u":"0,09 €/P","img":"https://fd6-photos.leclercdrive.fr/image.ashx?id=1209488&use=l&cat=p&typeid=i","cat":284504},{"id":66266,"n":"Brioche tranchée Pasquier Tranches gourmandes - 450g","p":2.18,"u":"4,84 €/KG","img":"https://fd6-photos.leclercdrive.fr/image.ashx?id=2850940&use=l&cat=p&typeid=i","cat":284478},{"id":66279,"n":"Roquefort AOP Les croisés - 32%mg - 100g","p":2.15,"u":"21,50 €/KG","img":"https://fd6-photos.leclercdrive.fr/image.ashx?id=2562885&use=l&cat=p&typeid=i","cat":314032},{"id":66282,"n":"Bresaola Saint-Azay 7 tranches - 70g","p":2.99,"u":"42,71 €/KG","img":"https://fd6-photos.leclercdrive.fr/image.ashx?id=2946460&use=l&cat=p&typeid=i","cat":316007},{"id":66289,"n":"Barre Chocolat Noisettes Nuts x6 barres - 252g","p":3.46,"u":"13,73 €/KG","img":"https://fd6-photos.leclercdrive.fr/image.ashx?id=2991006&use=l&cat=p&typeid=i","cat":284498},{"id":66293,"n":"Eau aromatisée Volvic juicy jus de fraise - 6x50cl","p":3.73,"u":"1,24 €/L","img":"https://fd6-photos.leclercdrive.fr/image.ashx?id=2961996&use=l&cat=p&typeid=i","cat":284537},{"id":66343,"n":"Mini cakes Traiteur x16 - 240g","p":7.7,"u":"32,08 €/KG","img":"https://fd6-photos.leclercdrive.fr/image.ashx?id=2544416&use=l&cat=p&typeid=i","cat":316003},{"id":66356,"n":"Café Soluble Nescafé  Cappuccino Classique - 280g","p":4.3,"u":"15,36 €/KG","img":"https://fd6-photos.leclercdrive.fr/image.ashx?id=2918044&use=l&cat=p&typeid=i","cat":284843},{"id":66366,"n":"Déodorant compressé Sanex  Zéro % Extra control - 100ml","p":3.5,"u":"35,00 €/L","img":"https://fd6-photos.leclercdrive.fr/image.ashx?id=2664274&use=l&cat=p&typeid=i","cat":284618},{"id":66369,"n":"Déodorant Nivea Fresh natural - 150ml","p":2.48,"u":"16,53 €/L","img":"https://fd6-photos.leclercdrive.fr/image.ashx?id=3005221&use=l&cat=p&typeid=i","cat":284618},{"id":66386,"n":"Sabots clipsables Philips Oneblade QP2520/20  x3","p":28.62,"u":"Dont 0,10 € d'éco-part.","img":"https://fd6-photos.leclercdrive.fr/image.ashx?id=2058034&use=l&cat=p&typeid=i","cat":284616},{"id":66527,"n":"Fromage Le Vieux Pané Finement typé - 200g","p":3.26,"u":"16,30 €/KG","img":"https://fd6-photos.leclercdrive.fr/image.ashx?id=2770380&use=l&cat=p&typeid=i","cat":329558},{"id":66555,"n":"Café moulu Bio Village Bio Ethiopie - 250g","p":4.35,"u":"17,40 €/KG","img":"https://fd6-photos.leclercdrive.fr/image.ashx?id=2468876&use=l&cat=p&typeid=i","cat":284750},{"id":66603,"n":"Nectar Douceur Cidou Multifruits - 1.75L","p":2.51,"u":"1,43 €/L","img":"https://fd6-photos.leclercdrive.fr/image.ashx?id=2342502&use=l&cat=p&typeid=i","cat":284917},{"id":66651,"n":"Doonuts nappés St Michel 180g","p":1.76,"u":"9,78 €/KG","img":"https://fd6-photos.leclercdrive.fr/image.ashx?id=2928495&use=l&cat=p&typeid=i","cat":284495},{"id":66652,"n":"Doonuts marbrés St Michel 180g","p":1.82,"u":"10,11 €/KG","img":"https://fd6-photos.leclercdrive.fr/image.ashx?id=2962299&use=l&cat=p&typeid=i","cat":284495},{"id":66740,"n":"P'tite Recette Nestlé Lentilles Vertes Jambon 12 mois - 2x200g","p":2.21,"u":"5,53 €/KG","img":"https://fd6-photos.leclercdrive.fr/image.ashx?id=2525690&use=l&cat=p&typeid=i","cat":312237},{"id":66746,"n":"Tomme de brebis Lou Pérac Fromage de brebis - 200g","p":4.12,"u":"20,60 €/KG","img":"https://fd6-photos.leclercdrive.fr/image.ashx?id=2758840&use=l&cat=p&typeid=i","cat":329184},{"id":66747,"n":"Ma Crème anglaise Bridélice UHT - 50cl","p":1.84,"u":"3,68 €/L","img":"https://fd6-photos.leclercdrive.fr/image.ashx?id=2643086&use=l&cat=p&typeid=i","cat":284382},{"id":66751,"n":"Boisson à l'amande Végé 1L Végé - 200g","p":1.85,"u":"1,85 €/L","img":"https://fd6-photos.leclercdrive.fr/image.ashx?id=2874699&use=l&cat=p&typeid=i","cat":316067},{"id":66752,"n":"Boisson au riz Végé 1L Végé - 200g","p":1.55,"u":"1,55 €/L","img":"https://fd6-photos.leclercdrive.fr/image.ashx?id=2896030&use=l&cat=p&typeid=i","cat":316067},{"id":66754,"n":"Boisson a l'avoine Végé 1L Végé - 200g","p":1.47,"u":"1,47 €/L","img":"https://fd6-photos.leclercdrive.fr/image.ashx?id=2869501&use=l&cat=p&typeid=i","cat":316067},{"id":66755,"n":"Boisson à la noisette Végé 1L Végé - 200g","p":1.79,"u":"1,79 €/L","img":"https://fd6-photos.leclercdrive.fr/image.ashx?id=2869504&use=l&cat=p&typeid=i","cat":316067},{"id":66757,"n":"Soja cuisine Bio Bio Village Végétal - 25cl","p":0.95,"u":"3,80 €/L","img":"https://fd6-photos.leclercdrive.fr/image.ashx?id=2791060&use=l&cat=p&typeid=i","cat":316069},{"id":66767,"n":"Olives Couleurs Vives A la provençal - 150g","p":1.99,"u":"13,27 €/KG","img":"https://fd6-photos.leclercdrive.fr/image.ashx?id=2601292&use=l&cat=p&typeid=i","cat":316002},{"id":66776,"n":"Poulet blanc fermier  Haut de France - 1.5kg","p":12.9,"u":"8,60 €/KG","img":"https://fd6-photos.leclercdrive.fr/image.ashx?id=2657472&use=l&cat=p&typeid=i","cat":284336},{"id":66778,"n":"Filet de poulet Label Rouge Blanc - Hauts de France - 320g","p":6.96,"u":"21,75 €/KG","img":"https://fd6-photos.leclercdrive.fr/image.ashx?id=2778311&use=l&cat=p&typeid=i","cat":284336},{"id":66780,"n":"Oeufs Bio gros Sans OGM x6 - Elev. des Hauts de France","p":2.4,"u":"0,40 €/P","img":"https://fd6-photos.leclercdrive.fr/image.ashx?id=2224862&use=l&cat=p&typeid=i","cat":284378},{"id":66781,"n":"Oeufs Bio moyen Sans OGM x10 - Elev. des Hauts de France","p":3.91,"u":"0,39 €/P","img":"https://fd6-photos.leclercdrive.fr/image.ashx?id=2222071&use=l&cat=p&typeid=i","cat":284378},{"id":66782,"n":"Oeufs Elev. des Hauts de France Plein air - Moyen - x6","p":1.56,"u":"0,26 €/P","img":"https://fd6-photos.leclercdrive.fr/image.ashx?id=2224865&use=l&cat=p&typeid=i","cat":284378},{"id":66783,"n":"Oeufs Elev. des Hauts de France Plein air - Moyen - x12","p":2.99,"u":"0,25 €/P","img":"https://fd6-photos.leclercdrive.fr/image.ashx?id=2224868&use=l&cat=p&typeid=i","cat":284378},{"id":66784,"n":"Oeufs Elev. de Hauts de France Moyen - Plein air - x20","p":4.79,"u":"0,24 €/P","img":"https://fd6-photos.leclercdrive.fr/image.ashx?id=1576038&use=l&cat=p&typeid=i","cat":284378},{"id":66785,"n":"Biscuits Nat&Vie Soja/figue 200g","p":1.26,"u":"6,30 €/KG","img":"https://fd6-photos.leclercdrive.fr/image.ashx?id=1199042&use=l&cat=p&typeid=i","cat":318651},{"id":66789,"n":"Cheddar tranché Mac Cambell  Mature - 140g","p":2.15,"u":"15,36 €/KG","img":"https://fd6-photos.leclercdrive.fr/image.ashx?id=1574459&use=l&cat=p&typeid=i","cat":314028},{"id":66791,"n":"Cossettes mozzarella  Délices d'Amélie - 400g","p":5.09,"u":"12,73 €/KG","img":"https://fd6-photos.leclercdrive.fr/image.ashx?id=2855085&use=l&cat=p&typeid=i","cat":314035},{"id":66794,"n":"Biscuits Nat&Vie Soja/orange - 200g","p":0.96,"u":"4,80 €/KG","img":"https://fd6-photos.leclercdrive.fr/image.ashx?id=2460613&use=l&cat=p&typeid=i","cat":318651},{"id":66803,"n":"Biscuits Nutella B-ready Cacao noisettes - 330g","p":3.98,"u":"12,06 €/KG","img":"https://fd6-photos.leclercdrive.fr/image.ashx?id=2770599&use=l&cat=p&typeid=i","cat":284488},{"id":66804,"n":"Biscuits Nutella B-ready Cacao Noisettes - 220g","p":2.8,"u":"12,73 €/KG","img":"https://fd6-photos.leclercdrive.fr/image.ashx?id=2630784&use=l&cat=p&typeid=i","cat":284488},{"id":66809,"n":"Gousses vanille Vahiné  3g","p":4.25,"img":"https://fd6-photos.leclercdrive.fr/image.ashx?id=2524314&use=l&cat=p&typeid=i","cat":284504},{"id":66811,"n":"Tablette de chocolat Côte d'Or Lait Noisettes - 2x180g","p":6.85,"u":"19,03 €/KG","img":"https://fd6-photos.leclercdrive.fr/image.ashx?id=2850231&use=l&cat=p&typeid=i","cat":284497},{"id":66823,"n":"Biscuits petit déjeuner Belvita Miel & pépites chocolat - 650g","p":3.85,"u":"5,92 €/KG","img":"https://fd6-photos.leclercdrive.fr/image.ashx?id=2345487&use=l&cat=p&typeid=i","cat":284491},{"id":66834,"n":"Gel coiffant Vitanove Fixation extrême - 250ml","p":1.62,"u":"6,48 €/L","img":"https://fd6-photos.leclercdrive.fr/image.ashx?id=2824704&use=l&cat=p&typeid=i","cat":284609},{"id":66837,"n":"Gel coiffant Vitanove  Fixation extra forte - 250ml","p":1.29,"u":"5,16 €/L","img":"https://fd6-photos.leclercdrive.fr/image.ashx?id=2836325&use=l&cat=p&typeid=i","cat":284609},{"id":66838,"n":"Gel coiffant Vitanove  Fixation béton - 250ml","p":1.61,"u":"6,44 €/L","img":"https://fd6-photos.leclercdrive.fr/image.ashx?id=2823087&use=l&cat=p&typeid=i","cat":284609},{"id":66841,"n":"Déodorant bille Manava Grenade - 50ml","p":0.99,"u":"19,80 €/L","img":"https://fd6-photos.leclercdrive.fr/image.ashx?id=2481234&use=l&cat=p&typeid=i","cat":284595},{"id":66843,"n":"Bandes de cire froide Siliss Visage - x32","p":2.19,"u":"0,07 €/P","img":"https://fd6-photos.leclercdrive.fr/image.ashx?id=2699708&use=l&cat=p&typeid=i","cat":325351},{"id":66844,"n":"Bandes de cire froide Siliss Jambes - x20","p":2.3,"u":"0,12 €/P","img":"https://fd6-photos.leclercdrive.fr/image.ashx?id=2699705&use=l&cat=p&typeid=i","cat":325351},{"id":66849,"n":"Dessert bébé lacté Blédina 6m Banane - 6x55g","p":2.05,"u":"6,21 €/KG","img":"https://fd6-photos.leclercdrive.fr/image.ashx?id=2952454&use=l&cat=p&typeid=i","cat":312392},{"id":66965,"n":"Matière grasse Primevere Oméga 3 - 55% - 500g","p":2.96,"u":"5,92 €/KG","img":"https://fd6-photos.leclercdrive.fr/image.ashx?id=2939328&use=l&cat=p&typeid=i","cat":315229},{"id":66967,"n":"Matière grasse Primevere 63%MG - oméga 3 - 500g","p":3.33,"u":"6,66 €/KG","img":"https://fd6-photos.leclercdrive.fr/image.ashx?id=2936044&use=l&cat=p&typeid=i","cat":315229},{"id":66968,"n":"Beurre tendre Président Doux - 82% MG - 250g","p":3.16,"u":"12,64 €/KG","img":"https://fd6-photos.leclercdrive.fr/image.ashx?id=2811944&use=l&cat=p&typeid=i","cat":284379},{"id":66969,"n":"Pommes de terre Notre Jardin En lamelle - 500g","p":1.38,"u":"2,76 €/KG","img":"https://fd6-photos.leclercdrive.fr/image.ashx?id=2670335&use=l&cat=p&typeid=i","cat":284352},{"id":66982,"n":"Truite eau douce Ronde des Mers x4 tranches - 100g","p":3.24,"u":"32,40 €/KG","img":"https://fd6-photos.leclercdrive.fr/image.ashx?id=2981882&use=l&cat=p&typeid=i","cat":285188},{"id":66989,"n":"Yaourt bifidus Activia céréales noix - 4x120g","p":2.13,"u":"4,44 €/KG","img":"https://fd6-photos.leclercdrive.fr/image.ashx?id=2901623&use=l&cat=p&typeid=i","cat":315000},{"id":66990,"n":"Yaourt bifidus Activia céréales muesli - 4x120g","p":2.04,"u":"4,25 €/KG","img":"https://fd6-photos.leclercdrive.fr/image.ashx?id=2901620&use=l&cat=p&typeid=i","cat":315000},{"id":67025,"n":"AOP Bordeaux supérieur Rouge Bordeaux de Citran - 75cl","p":6.5,"pp":4.29,"u":"5,72 €/L","img":"https://fd6-photos.leclercdrive.fr/image.ashx?id=2276975&use=l&cat=p&typeid=i","cat":289556},{"id":67026,"n":"AOP Médoc Vin rouge Allées de Vernous - 75cl","p":5.1,"u":"6,80 €/L","img":"https://fd6-photos.leclercdrive.fr/image.ashx?id=2107597&use=l&cat=p&typeid=i","cat":289556},{"id":67034,"n":"AOP Muscadet Sevre et Maine Château des Gillières - 75 cl","p":4.01,"u":"5,35 €/L","img":"https://fd6-photos.leclercdrive.fr/image.ashx?id=2204490&use=l&cat=p&typeid=i","cat":289557},{"id":67042,"n":"Vin du Chili rouge Cabernet Sauvignon Gato Negro 75cl","p":4.35,"u":"5,80 €/L","img":"https://fd6-photos.leclercdrive.fr/image.ashx?id=2846168&use=l&cat=p&typeid=i","cat":289556},{"id":67071,"n":"Fromage Maroilles Fauquet  Quart AOP - 210g","p":3.24,"u":"15,43 €/KG","img":"https://fd6-photos.leclercdrive.fr/image.ashx?id=2834509&use=l&cat=p&typeid=i","cat":329558},{"id":67090,"n":"Soupe Doux Plaisir Liebig  Légumes et kiri - 1L","p":2.46,"u":"2,46 €/L","img":"https://fd6-photos.leclercdrive.fr/image.ashx?id=2186706&use=l&cat=p&typeid=i","cat":284462},{"id":67091,"n":"Soupe Liquide Bio Liebig Mouliné de Légumes Brique - 1L","p":2.75,"u":"2,75 €/L","img":"https://fd6-photos.leclercdrive.fr/image.ashx?id=2939202&use=l&cat=p&typeid=i","cat":284462},{"id":67140,"n":"Mix cerise Daco Bello 300g","p":5.33,"u":"17,77 €/KG","img":"https://fd6-photos.leclercdrive.fr/image.ashx?id=2307835&use=l&cat=p&typeid=i","cat":284357},{"id":67142,"n":"Duo amandes Daco Bello  Grillées non salées - 175g","p":3.78,"u":"21,60 €/KG","img":"https://fd6-photos.leclercdrive.fr/image.ashx?id=2298538&use=l&cat=p&typeid=i","cat":284357},{"id":67143,"n":"Quatro de graines Daco Bello Grillées - Non salées - 175g","p":4.23,"u":"24,17 €/KG","img":"https://fd6-photos.leclercdrive.fr/image.ashx?id=2298544&use=l&cat=p&typeid=i","cat":284357},{"id":67150,"n":"Croustilles Belin Emmental - 4x138g","p":4.84,"u":"8,77 €/KG","img":"https://fd6-photos.leclercdrive.fr/image.ashx?id=2539025&use=l&cat=p&typeid=i","cat":284449},{"id":67151,"n":"Croustilles Belin Cacahuète - 4x138g","p":4.94,"u":"8,95 €/KG","img":"https://fd6-photos.leclercdrive.fr/image.ashx?id=2940477&use=l&cat=p&typeid=i","cat":284449},{"id":67168,"n":"Yaourt à boire Actimel fruits pêche gelée royale - 12x100g","p":4.85,"u":"4,04 €/KG","img":"https://fd6-photos.leclercdrive.fr/image.ashx?id=2996473&use=l&cat=p&typeid=i","cat":284415},{"id":67305,"n":"Cordon de poulet Maître Coq A la Normande - 800g","p":8.19,"u":"10,24 €/KG","img":"https://fd6-photos.leclercdrive.fr/image.ashx?id=2426935&use=l&cat=p&typeid=i","cat":333683},{"id":67378,"n":"Sirop Eco+ Grenadine - 1L","p":1.71,"u":"1,71 €/L","img":"https://fd6-photos.leclercdrive.fr/image.ashx?id=2901419&use=l&cat=p&typeid=i","cat":295020},{"id":67392,"n":"Boisson aux fruits gazeuses Pulpe orange - 1,5L","p":1.17,"u":"0,78 €/L","img":"https://fd6-photos.leclercdrive.fr/image.ashx?id=2754198&use=l&cat=p&typeid=i","cat":284532},{"id":67393,"n":"Beurre gastronomique Président Doux - 82% MG - 250g","p":2.75,"u":"11,00 €/KG","img":"https://fd6-photos.leclercdrive.fr/image.ashx?id=3011104&use=l&cat=p&typeid=i","cat":284379},{"id":67421,"n":"Soupe Bio Mouliné Knorr Légumes du potager - 1L","p":3.42,"u":"3,42 €/L","img":"https://fd6-photos.leclercdrive.fr/image.ashx?id=2312578&use=l&cat=p&typeid=i","cat":284462},{"id":67439,"n":"Fromage Pavé d'Affinois Original - 6x30g + 1offert","p":2.65,"u":"12,62 €/KG","img":"https://fd6-photos.leclercdrive.fr/image.ashx?id=2469665&use=l&cat=p&typeid=i","cat":314033},{"id":67440,"n":"Fromage Pavé d'Affinois Secret - 6x25g + 1offert","p":2.75,"u":"15,71 €/KG","img":"https://fd6-photos.leclercdrive.fr/image.ashx?id=2469668&use=l&cat=p&typeid=i","cat":314033},{"id":67441,"n":"Fromage Pavé d'Affinois Brin - 25g x 6+1offert","p":2.61,"u":"14,91 €/KG","img":"https://fd6-photos.leclercdrive.fr/image.ashx?id=2469671&use=l&cat=p&typeid=i","cat":314033},{"id":67459,"n":"Haricots blancs Eco+ 530g","p":0.95,"u":"1,79 €/KG","img":"https://fd6-photos.leclercdrive.fr/image.ashx?id=3003717&use=l&cat=p&typeid=i","cat":312606},{"id":67460,"n":"Champignons Pieds morceaux - 460g","p":1.42,"u":"3,09 €/KG","img":"https://fd6-photos.leclercdrive.fr/image.ashx?id=1959981&use=l&cat=p&typeid=i","cat":312610},{"id":67522,"n":"Chili con carne Côté Table Au piment de Cayenne - 400g","p":1.65,"u":"4,13 €/KG","img":"https://fd6-photos.leclercdrive.fr/image.ashx?id=2977174&use=l&cat=p&typeid=i","cat":325094},{"id":67568,"n":"Curry moulu Rustica 42g","p":0.55,"u":"13,10 €/KG","img":"https://fd6-photos.leclercdrive.fr/image.ashx?id=2772975&use=l&cat=p&typeid=i","cat":298297},{"id":67569,"n":"Oignon semoule Rustica Déshydraté - 30g","p":0.99,"u":"33,00 €/KG","img":"https://fd6-photos.leclercdrive.fr/image.ashx?id=2772978&use=l&cat=p&typeid=i","cat":298297},{"id":67570,"n":"Poivre noir moulu Rustica Indonésie - 38g","p":0.81,"u":"21,32 €/KG","img":"https://fd6-photos.leclercdrive.fr/image.ashx?id=2797793&use=l&cat=p&typeid=i","cat":284457},{"id":67571,"n":"Poivre noir Rustica Moulin - 28g","p":1.22,"u":"43,57 €/KG","img":"https://fd6-photos.leclercdrive.fr/image.ashx?id=2932674&use=l&cat=p&typeid=i","cat":284457},{"id":67572,"n":"Ciboulette Rustica 4g","p":0.43,"u":"107,50 €/KG","img":"https://fd6-photos.leclercdrive.fr/image.ashx?id=2772990&use=l&cat=p&typeid=i","cat":298297},{"id":67573,"n":"Cumin moulu Rustica 32g","p":0.59,"u":"18,44 €/KG","img":"https://fd6-photos.leclercdrive.fr/image.ashx?id=2772963&use=l&cat=p&typeid=i","cat":298297},{"id":67620,"n":"Persil Rustica 5g","p":0.39,"u":"78,00 €/KG","img":"https://fd6-photos.leclercdrive.fr/image.ashx?id=2772969&use=l&cat=p&typeid=i","cat":298297},{"id":67621,"n":"Paprika doux moulu Rustica  40g","p":0.49,"u":"12,25 €/KG","img":"https://fd6-photos.leclercdrive.fr/image.ashx?id=2772966&use=l&cat=p&typeid=i","cat":298297},{"id":67622,"n":"Thym Rustica 14g","p":0.4,"u":"28,57 €/KG","img":"https://fd6-photos.leclercdrive.fr/image.ashx?id=2797784&use=l&cat=p&typeid=i","cat":298297},{"id":67651,"n":"Poivre Noir moulu Bio Village Bio  - 38g","p":1.99,"u":"52,37 €/KG","img":"https://fd6-photos.leclercdrive.fr/image.ashx?id=2706538&use=l&cat=p&typeid=i","cat":284457},{"id":67652,"n":"Poivre gris moulu Flacon - 36g","p":1.11,"u":"30,83 €/KG","img":"https://fd6-photos.leclercdrive.fr/image.ashx?id=2797778&use=l&cat=p&typeid=i","cat":284457},{"id":67653,"n":"Gingembre moulu Rustica 27g","p":1.19,"u":"44,07 €/KG","img":"https://fd6-photos.leclercdrive.fr/image.ashx?id=2797796&use=l&cat=p&typeid=i","cat":298297},{"id":67654,"n":"Ail semoule Bio Village Bio 56g","p":1.99,"u":"35,54 €/KG","img":"https://fd6-photos.leclercdrive.fr/image.ashx?id=2991461&use=l&cat=p&typeid=i","cat":298297},{"id":67667,"n":"Purée de tomate Panzani Tomacouli nature - 500g","p":0.93,"u":"1,86 €/KG","img":"https://fd6-photos.leclercdrive.fr/image.ashx?id=2979623&use=l&cat=p&typeid=i","cat":288384},{"id":67668,"n":"Crépinettes Eleveurs des Hauts de France x2 - 200g","p":2.99,"u":"14,95 €/KG","img":"https://fd6-photos.leclercdrive.fr/image.ashx?id=2701812&use=l&cat=p&typeid=i","cat":284332},{"id":67671,"n":"Chipolatas Eleveurs des hauts  de France - x6 - 330g","p":3.99,"u":"12,09 €/KG","img":"https://fd6-photos.leclercdrive.fr/image.ashx?id=2685928&use=l&cat=p&typeid=i","cat":284334},{"id":67673,"n":"Saucisses de Toulouse Eleveurs des Hauts de France - 4x100g","p":4.19,"u":"10,48 €/KG","img":"https://fd6-photos.leclercdrive.fr/image.ashx?id=2685934&use=l&cat=p&typeid=i","cat":284334},{"id":67678,"n":"Curcuma moulu Rustica 37g","p":0.66,"u":"17,84 €/KG","img":"https://fd6-photos.leclercdrive.fr/image.ashx?id=2772981&use=l&cat=p&typeid=i","cat":298297},{"id":67679,"n":"Estragon Rustica 7g","p":0.79,"u":"112,86 €/KG","img":"https://fd6-photos.leclercdrive.fr/image.ashx?id=2772993&use=l&cat=p&typeid=i","cat":298297},{"id":67680,"n":"Herbes de provence Rustica 120g","p":2.6,"u":"21,67 €/KG","img":"https://fd6-photos.leclercdrive.fr/image.ashx?id=2907228&use=l&cat=p&typeid=i","cat":298297},{"id":67681,"n":"Herbes de Provence Rustica 18g","p":0.41,"u":"22,78 €/KG","img":"https://fd6-photos.leclercdrive.fr/image.ashx?id=2772972&use=l&cat=p&typeid=i","cat":298297},{"id":67682,"n":"Noix de Muscade Rustica Moulue - 32g","p":1.36,"u":"42,50 €/KG","img":"https://fd6-photos.leclercdrive.fr/image.ashx?id=2772996&use=l&cat=p&typeid=i","cat":298297},{"id":67683,"n":"Persillade Rustica 95g","p":1.74,"u":"18,32 €/KG","img":"https://fd6-photos.leclercdrive.fr/image.ashx?id=2932668&use=l&cat=p&typeid=i","cat":298297},{"id":67693,"n":"Piment de Cayenne Rustica 38g","p":1.09,"u":"28,68 €/KG","img":"https://fd6-photos.leclercdrive.fr/image.ashx?id=2932671&use=l&cat=p&typeid=i","cat":298297},{"id":67712,"n":"Yaourts nature Délisse Au lait chèvre - 4x125g","p":1.84,"u":"3,68 €/KG","img":"https://fd6-photos.leclercdrive.fr/image.ashx?id=1231988&use=l&cat=p&typeid=i","cat":314998},{"id":67722,"n":"Galettes riz Bio Bjorg Complet - 2x130g + 130g offert","p":2.35,"u":"6,03 €/KG","img":"https://fd6-photos.leclercdrive.fr/image.ashx?id=2158992&use=l&cat=p&typeid=i","cat":318651},{"id":67723,"n":"Galettes Bio Bjorg 4 céréales - 2x 130g + 1 offert","p":2.71,"u":"6,95 €/KG","img":"https://fd6-photos.leclercdrive.fr/image.ashx?id=2158995&use=l&cat=p&typeid=i","cat":318651},{"id":67807,"n":"Nettoyant spray Clair Javel - Cuisine - 750ml","p":1.73,"u":"2,31 €/L","img":"https://fd6-photos.leclercdrive.fr/image.ashx?id=1935847&use=l&cat=p&typeid=i","cat":325357},{"id":67875,"n":"The Pik Box Haribo Boîte bonbons acidulés - 550g","p":4.93,"u":"8,96 €/KG","img":"https://fd6-photos.leclercdrive.fr/image.ashx?id=2805219&use=l&cat=p&typeid=i","cat":304250},{"id":67885,"n":"Crème fraîche épaisse Président Entière 30%mg - 45cl","p":2.27,"u":"5,04 €/L","img":"https://fd6-photos.leclercdrive.fr/image.ashx?id=2971948&use=l&cat=p&typeid=i","cat":284381},{"id":67890,"n":"Mélange de fruits de mer Costa - 360g","p":8.65,"u":"24,03 €/KG","img":"https://fd6-photos.leclercdrive.fr/image.ashx?id=2741132&use=l&cat=p&typeid=i","cat":319787},{"id":67896,"n":"Gel Douche Le Petit Marseillais  Pin et criste marine - 250ml","p":1.47,"u":"5,88 €/L","img":"https://fd6-photos.leclercdrive.fr/image.ashx?id=2676452&use=l&cat=p&typeid=i","cat":284594},{"id":67915,"n":"Baby carottes Florette 250g","p":2.18,"u":"8,72 €/KG","img":"https://fd6-photos.leclercdrive.fr/image.ashx?id=2786492&use=l&cat=p&typeid=i","cat":284352},{"id":67924,"n":"Culottes Pampers Baby Dry T3 : 6/11kg - x44","p":12.83,"u":"0,29 €/P","img":"https://fd6-photos.leclercdrive.fr/image.ashx?id=1738237&use=l&cat=p&typeid=i","cat":290633},{"id":68009,"n":"Yaourt Enfant Petits Filous Fruits Mixés Panaché - 18x50g","p":2.8,"u":"3,11 €/KG","img":"https://fd6-photos.leclercdrive.fr/image.ashx?id=2767362&use=l&cat=p&typeid=i","cat":284414},{"id":68010,"n":"Crème dessert Bio Les 2 vaches Vanille - 4x95g","p":1.83,"u":"4,82 €/KG","img":"https://fd6-photos.leclercdrive.fr/image.ashx?id=2774015&use=l&cat=p&typeid=i","cat":285041},{"id":68011,"n":"Crème dessert Bio Les 2 vaches Caramel - 4x95g","p":1.69,"u":"4,45 €/KG","img":"https://fd6-photos.leclercdrive.fr/image.ashx?id=2774097&use=l&cat=p&typeid=i","cat":285041},{"id":68012,"n":"Crème dessert Bio Les 2 vaches Chocolat - 4x95g","p":1.74,"u":"4,58 €/KG","img":"https://fd6-photos.leclercdrive.fr/image.ashx?id=2774100&use=l&cat=p&typeid=i","cat":285041},{"id":68015,"n":"Poire Comice 1p","p":0.79,"img":"https://fd6-photos.leclercdrive.fr/image.ashx?id=1628451&use=l&cat=p&typeid=i","cat":284356},{"id":68087,"n":"Ananas Douceur du Verger Tranches brisées -  340g","p":1.59,"u":"4,68 €/KG","img":"https://fd6-photos.leclercdrive.fr/image.ashx?id=2485086&use=l&cat=p&typeid=i","cat":284507},{"id":68088,"n":"Cannelle Rustica 39g","p":0.88,"u":"22,56 €/KG","img":"https://fd6-photos.leclercdrive.fr/image.ashx?id=2772960&use=l&cat=p&typeid=i","cat":298297},{"id":68090,"n":"Champignons Bio Village Bio Emincés - 170g","p":2.25,"u":"13,24 €/KG","img":"https://fd6-photos.leclercdrive.fr/image.ashx?id=2613294&use=l&cat=p&typeid=i","cat":312610},{"id":68093,"n":"Champignons Paris Notre Jardin Entiers - 2x115g","p":1.85,"u":"8,04 €/KG","img":"https://fd6-photos.leclercdrive.fr/image.ashx?id=2724699&use=l&cat=p&typeid=i","cat":312610},{"id":68095,"n":"Yaourt à la grecque YAOS Nature lit de fraises 4x125g","p":2.56,"u":"5,12 €/KG","img":"https://fd6-photos.leclercdrive.fr/image.ashx?id=2729734&use=l&cat=p&typeid=i","cat":314999},{"id":68097,"n":"Yaourt à la grecque YAOS Citron - 4x125g","p":2.08,"u":"4,16 €/KG","img":"https://fd6-photos.leclercdrive.fr/image.ashx?id=2578672&use=l&cat=p&typeid=i","cat":314999},{"id":68158,"n":"Lardons fumés 1kg","p":7.5,"u":"7,50 €/KG","img":"https://fd6-photos.leclercdrive.fr/image.ashx?id=1227792&use=l&cat=p&typeid=i","cat":316011},{"id":68214,"n":"Biscuits Petits Cœurs LU Chocolat - 125g","p":1.15,"u":"9,20 €/KG","img":"https://fd6-photos.leclercdrive.fr/image.ashx?id=3002021&use=l&cat=p&typeid=i","cat":284488},{"id":68215,"n":"Biscuits Kango LU Chocolat - 225g","p":2.14,"u":"9,51 €/KG","img":"https://fd6-photos.leclercdrive.fr/image.ashx?id=2941508&use=l&cat=p&typeid=i","cat":284488},{"id":68217,"n":"Biscuits Croc Sablé Pépito  Chocolat - 294g","p":1.21,"u":"4,12 €/KG","img":"https://fd6-photos.leclercdrive.fr/image.ashx?id=2347254&use=l&cat=p&typeid=i","cat":284488},{"id":68219,"n":"Biscuit Petit déjeuner Belvita Moelleux Choco Noisettes - 250g","p":2.35,"u":"9,40 €/KG","img":"https://fd6-photos.leclercdrive.fr/image.ashx?id=3005332&use=l&cat=p&typeid=i","cat":284491},{"id":68275,"n":"Déodorant Carré homme Musc séduction - 100ml","p":1.12,"u":"11,20 €/L","img":"https://fd6-photos.leclercdrive.fr/image.ashx?id=2440745&use=l&cat=p&typeid=i","cat":284618},{"id":68276,"n":"Déodorant Carré Homme Marine Ice boost - 100ml","p":1.12,"u":"11,20 €/L","img":"https://fd6-photos.leclercdrive.fr/image.ashx?id=2440748&use=l&cat=p&typeid=i","cat":284618},{"id":68277,"n":"Déodorant Carré Homme Anti-transpirant - 100ml","p":1.12,"u":"11,20 €/L","img":"https://fd6-photos.leclercdrive.fr/image.ashx?id=2618232&use=l&cat=p&typeid=i","cat":284618},{"id":68278,"n":"Recharge gel lavant Manava Hypoallergénique - 250ml","p":0.66,"u":"2,64 €/L","img":"https://fd6-photos.leclercdrive.fr/image.ashx?id=2935537&use=l&cat=p&typeid=i","cat":284597},{"id":68425,"n":"Papier toilette Lotus XXL blanc - x6","p":4.01,"u":"0,67 €/P","img":"https://fd6-photos.leclercdrive.fr/image.ashx?id=2843968&use=l&cat=p&typeid=i","cat":284634},{"id":68432,"n":"Gel WC Syphon Activ'Effect Fraîcheur pin - 750ml","p":0.74,"u":"0,99 €/L","img":"https://fd6-photos.leclercdrive.fr/image.ashx?id=2388382&use=l&cat=p&typeid=i","cat":284662},{"id":68433,"n":"Destructeur d'odeurs Bien air Escapade forêt - 250ml","p":2.42,"u":"9,68 €/L","img":"https://fd6-photos.leclercdrive.fr/image.ashx?id=2593465&use=l&cat=p&typeid=i","cat":311626},{"id":68445,"n":"Recharge crème lavante Manava Framboise pivoine - 250ml","p":0.57,"u":"2,28 €/L","img":"https://fd6-photos.leclercdrive.fr/image.ashx?id=2935510&use=l&cat=p&typeid=i","cat":284597},{"id":68449,"n":"Perles désodorisantes Bien Air Japon","p":2.25,"img":"https://fd6-photos.leclercdrive.fr/image.ashx?id=2568798&use=l&cat=p&typeid=i","cat":311628},{"id":68450,"n":"Lingettes Clair Dépoussiérantes - x40","p":3.94,"u":"0,10 €/P","img":"https://fd6-photos.leclercdrive.fr/image.ashx?id=2315808&use=l&cat=p&typeid=i","cat":325364},{"id":68451,"n":"Lingettes Inell Rafraichissantes - x10","p":1.08,"u":"0,11 €/P","img":"https://fd6-photos.leclercdrive.fr/image.ashx?id=2658132&use=l&cat=p&typeid=i","cat":284603},{"id":68452,"n":"Lingettes hygiène intime Doulys Individuelles - x16","p":1.59,"u":"0,10 €/P","img":"https://fd6-photos.leclercdrive.fr/image.ashx?id=2671825&use=l&cat=p&typeid=i","cat":284627},{"id":68453,"n":"Gel lavant Manava Hypoallergénique - 300ml","p":1.05,"u":"3,50 €/L","img":"https://fd6-photos.leclercdrive.fr/image.ashx?id=2935528&use=l&cat=p&typeid=i","cat":284597},{"id":68454,"n":"Savon noir Clair Mou - 1kg","p":4.3,"u":"4,30 €/KG","img":"https://fd6-photos.leclercdrive.fr/image.ashx?id=2874383&use=l&cat=p&typeid=i","cat":284907},{"id":68455,"n":"Gel nettoyant Syphon Entretien menthe - 1L","p":2.89,"u":"2,89 €/L","img":"https://fd6-photos.leclercdrive.fr/image.ashx?id=1846253&use=l&cat=p&typeid=i","cat":284908},{"id":68457,"n":"Nettoyant Clair Parquets modernes - 1L","p":2.45,"u":"2,45 €/L","img":"https://fd6-photos.leclercdrive.fr/image.ashx?id=2652909&use=l&cat=p&typeid=i","cat":284907},{"id":68459,"n":"Nettoyant Clair Parquets classiques - 1L","p":2.45,"u":"2,45 €/L","img":"https://fd6-photos.leclercdrive.fr/image.ashx?id=2652912&use=l&cat=p&typeid=i","cat":284907},{"id":68475,"n":"Culotte Chorys Médium nuit - x12","p":8.56,"u":"0,71 €/P","img":"https://fd6-photos.leclercdrive.fr/image.ashx?id=2716009&use=l&cat=p&typeid=i","cat":284628},{"id":68476,"n":"Culotte Chorys Absorption plus large nuit x10","p":7.14,"u":"0,71 €/P","img":"https://fd6-photos.leclercdrive.fr/image.ashx?id=2704490&use=l&cat=p&typeid=i","cat":284628},{"id":68479,"n":"Couches de bain Mots d'Enfants Baby Swim - Taille S - x12","p":6.1,"img":"https://fd6-photos.leclercdrive.fr/image.ashx?id=2907219&use=l&cat=p&typeid=i","cat":290634},{"id":68482,"n":"Couches de bain Mots d'Enfants Baby Swim - Taille M - x11","p":5.89,"u":"0,54 €/P","img":"https://fd6-photos.leclercdrive.fr/image.ashx?id=2907222&use=l&cat=p&typeid=i","cat":290634},{"id":68486,"n":"Tampon Nett  Digital normal boite - x24","p":2.4,"u":"0,10 €/P","img":"https://fd6-photos.leclercdrive.fr/image.ashx?id=2359657&use=l&cat=p&typeid=i","cat":284626},{"id":68487,"n":"Tampons Nett Procomfort Digitaux - Super - x24","p":2.49,"u":"0,10 €/P","img":"https://fd6-photos.leclercdrive.fr/image.ashx?id=2502625&use=l&cat=p&typeid=i","cat":284626},{"id":68504,"n":"AOC Jurançon  Domaine Laguilhon - 75cl","p":8.79,"u":"11,72 €/L","img":"https://fd6-photos.leclercdrive.fr/image.ashx?id=2855223&use=l&cat=p&typeid=i","cat":289557},{"id":68645,"n":"Boîte carrée Pyrex Cook&go avec couvercle 21cm","p":12.9,"img":"https://fd6-photos.leclercdrive.fr/image.ashx?id=1886932&use=l&cat=p&typeid=i","cat":284710},{"id":68668,"n":"Serpillère Vileda Ultramax Power","p":18.9,"img":"https://fd6-photos.leclercdrive.fr/image.ashx?id=2463353&use=l&cat=p&typeid=i","cat":284669},{"id":68670,"n":"Recharge Vileda Ultramax power 2 en 1","p":6.89,"img":"https://fd6-photos.leclercdrive.fr/image.ashx?id=2433271&use=l&cat=p&typeid=i","cat":284669},{"id":68671,"n":"Seau-essoreur Vileda Ultramax Power","p":11.25,"img":"https://fd6-photos.leclercdrive.fr/image.ashx?id=2463356&use=l&cat=p&typeid=i","cat":284669},{"id":68737,"n":"Crème de coco légère Bio Bjorg  20cl","p":1.61,"u":"8,05 €/L","img":"https://fd6-photos.leclercdrive.fr/image.ashx?id=2936386&use=l&cat=p&typeid=i","cat":288992},{"id":68738,"n":"Soja cuisine - semi-épaisse Bio Bjorg - 25cl","p":1.18,"u":"4,72 €/L","img":"https://fd6-photos.leclercdrive.fr/image.ashx?id=2906196&use=l&cat=p&typeid=i","cat":316069},{"id":68824,"n":"Coton maxi carré Inell Aloé Vera - x50","p":1.75,"u":"0,04 €/P","img":"https://fd6-photos.leclercdrive.fr/image.ashx?id=1959190&use=l&cat=p&typeid=i","cat":284636},{"id":68839,"n":"Ananas Douceur du Verger Tranches entières - 340g","p":1.87,"u":"5,50 €/KG","img":"https://fd6-photos.leclercdrive.fr/image.ashx?id=2562949&use=l&cat=p&typeid=i","cat":284507},{"id":68840,"n":"Chocolat noir Bio Village Bio - Noisettes entières - 200g","p":3.33,"u":"16,65 €/KG","img":"https://fd6-photos.leclercdrive.fr/image.ashx?id=2646026&use=l&cat=p&typeid=i","cat":284956},{"id":68844,"n":"Mini crackers Tokapi 75g","p":0.95,"u":"12,67 €/KG","img":"https://fd6-photos.leclercdrive.fr/image.ashx?id=2096458&use=l&cat=p&typeid=i","cat":297000},{"id":68861,"n":"Miel Bio Village Bio crémeux de fleurs - 500g","p":4.99,"u":"9,98 €/KG","img":"https://fd6-photos.leclercdrive.fr/image.ashx?id=2564219&use=l&cat=p&typeid=i","cat":287643},{"id":68862,"n":"Pâte à tartiner Nustikao 600g","p":2.73,"u":"4,55 €/KG","img":"https://fd6-photos.leclercdrive.fr/image.ashx?id=2856555&use=l&cat=p&typeid=i","cat":284481},{"id":68863,"n":"Compote Douceur du Verger Gourdes Pomme - 12x90g","p":2.95,"u":"2,73 €/KG","img":"https://fd6-photos.leclercdrive.fr/image.ashx?id=2317276&use=l&cat=p&typeid=i","cat":284508},{"id":68864,"n":"Compote Douceur du Verger Bocal pomme poire - 710g","p":1.75,"u":"2,46 €/KG","img":"https://fd6-photos.leclercdrive.fr/image.ashx?id=2263224&use=l&cat=p&typeid=i","cat":284508},{"id":68865,"n":"Compote Douceur du Verger Bocal pomme vanille - 710g","p":1.57,"u":"2,21 €/KG","img":"https://fd6-photos.leclercdrive.fr/image.ashx?id=2215951&use=l&cat=p&typeid=i","cat":284508},{"id":68866,"n":"Compote Douceur du Verger Bocal pomme - 710g","p":1.27,"u":"1,79 €/KG","img":"https://fd6-photos.leclercdrive.fr/image.ashx?id=2232589&use=l&cat=p&typeid=i","cat":284508},{"id":68868,"n":"Riz long Bio Village Bio semi complet - 500g","p":2.25,"u":"4,50 €/KG","img":"https://fd6-photos.leclercdrive.fr/image.ashx?id=2441513&use=l&cat=p&typeid=i","cat":284428},{"id":68870,"n":"Pistaches Bio Village Grillées salées bio - 100g","p":2.6,"u":"26,00 €/KG","img":"https://fd6-photos.leclercdrive.fr/image.ashx?id=2615789&use=l&cat=p&typeid=i","cat":284448},{"id":68881,"n":"Litchis Douceur du Verger Sirop léger - 250g","p":2.74,"u":"10,96 €/KG","img":"https://fd6-photos.leclercdrive.fr/image.ashx?id=2485089&use=l&cat=p&typeid=i","cat":284507},{"id":68882,"n":"Compote bio Bio Village Coupelle pomme - 8x100g","p":2.89,"u":"3,61 €/KG","img":"https://fd6-photos.leclercdrive.fr/image.ashx?id=1947749&use=l&cat=p&typeid=i","cat":284508},{"id":68898,"n":"Mangues Douceur du Verger Sirop - 235g","p":1.18,"u":"5,02 €/KG","img":"https://fd6-photos.leclercdrive.fr/image.ashx?id=2093775&use=l&cat=p&typeid=i","cat":284507},{"id":68913,"n":"Purificateur d'air Sanytol Désinfectant - 300ml","p":3.82,"u":"12,73 €/L","img":"https://fd6-photos.leclercdrive.fr/image.ashx?id=2901659&use=l&cat=p&typeid=i","cat":311626},{"id":68914,"n":"Riz Basmati Comptoir du grain Variété Traditionelle - 1kg","p":3.56,"u":"3,56 €/KG","img":"https://fd6-photos.leclercdrive.fr/image.ashx?id=2583271&use=l&cat=p&typeid=i","cat":284428},{"id":68921,"n":"Boisson lactée Tous mes amis pour chats stérilisé - 3x200ml","p":2.45,"u":"4,08 €/L","img":"https://fd6-photos.leclercdrive.fr/image.ashx?id=2313476&use=l&cat=p&typeid=i","cat":285285},{"id":68930,"n":"Soupe liquide bio Knorr Légumes potager à la crème - 1L","p":3.42,"u":"3,42 €/L","img":"https://fd6-photos.leclercdrive.fr/image.ashx?id=2312572&use=l&cat=p&typeid=i","cat":284462},{"id":68935,"n":"Soupe Régal Soupe Poule pot vermicelles - 1L","p":2.02,"u":"2,02 €/L","img":"https://fd6-photos.leclercdrive.fr/image.ashx?id=2983817&use=l&cat=p&typeid=i","cat":284462},{"id":68951,"n":"Crème dessert La Laitière  Velours de crème caramel 4x85g","p":1.99,"u":"5,85 €/KG","img":"https://fd6-photos.leclercdrive.fr/image.ashx?id=3007930&use=l&cat=p&typeid=i","cat":285041},{"id":68952,"n":"Crème dessert La Laitière Velours de crème chocolat 4x85g","p":2.19,"u":"6,44 €/KG","img":"https://fd6-photos.leclercdrive.fr/image.ashx?id=2633824&use=l&cat=p&typeid=i","cat":285041},{"id":68953,"n":"Crème dessert La Laitière Chocolat Caramel - 4x85g","p":2.19,"u":"6,44 €/KG","img":"https://fd6-photos.leclercdrive.fr/image.ashx?id=2633827&use=l&cat=p&typeid=i","cat":285041},{"id":68969,"n":"Mélange de 3 fruits Daco Bello 400g","p":5.09,"u":"12,73 €/KG","img":"https://fd6-photos.leclercdrive.fr/image.ashx?id=2307838&use=l&cat=p&typeid=i","cat":284357},{"id":68986,"n":"Lait d'amande Bio Village Sans sucre bio - 1L","p":1.41,"u":"1,41 €/L","img":"https://fd6-photos.leclercdrive.fr/image.ashx?id=2499109&use=l&cat=p&typeid=i","cat":316067},{"id":68996,"n":"Crackers bio Bio Village Emmental courge - 200g","p":2.69,"u":"13,45 €/KG","img":"https://fd6-photos.leclercdrive.fr/image.ashx?id=2310507&use=l&cat=p&typeid=i","cat":297000},{"id":69003,"n":"Galettes maïs Bio Village Chocolat noir bio - 100g","p":1.89,"u":"18,90 €/KG","img":"https://fd6-photos.leclercdrive.fr/image.ashx?id=2559399&use=l&cat=p&typeid=i","cat":318651},{"id":69004,"n":"Moutarde Bio Village A l'ancienne bio - 200g","p":1.57,"u":"7,85 €/KG","img":"https://fd6-photos.leclercdrive.fr/image.ashx?id=2607966&use=l&cat=p&typeid=i","cat":288850},{"id":69006,"n":"Tomates séchées Rustica Bocal - 280g","p":2.5,"u":"8,93 €/KG","img":"https://fd6-photos.leclercdrive.fr/image.ashx?id=2539457&use=l&cat=p&typeid=i","cat":284458},{"id":69014,"n":"Mayonnaise Rustica Moutarde de dijon - 710g","p":2.49,"u":"3,51 €/KG","img":"https://fd6-photos.leclercdrive.fr/image.ashx?id=1692866&use=l&cat=p&typeid=i","cat":298295},{"id":69061,"n":"Yaourt nature Danone 4x125g","p":0.92,"u":"1,84 €/KG","img":"https://fd6-photos.leclercdrive.fr/image.ashx?id=2911184&use=l&cat=p&typeid=i","cat":284409},{"id":69062,"n":"Yaourt nature Danone 12x125g","p":2.75,"u":"1,83 €/KG","img":"https://fd6-photos.leclercdrive.fr/image.ashx?id=2915688&use=l&cat=p&typeid=i","cat":284409},{"id":69063,"n":"Yaourt nature Danone 16x125g","p":3.15,"u":"1,58 €/KG","img":"https://fd6-photos.leclercdrive.fr/image.ashx?id=2915691&use=l&cat=p&typeid=i","cat":284409},{"id":69067,"n":"Crème dessert Délisse Saveur cookies - 4x125g","p":1.52,"u":"3,04 €/KG","img":"https://fd6-photos.leclercdrive.fr/image.ashx?id=2441405&use=l&cat=p&typeid=i","cat":285041},{"id":69068,"n":"Crème dessert Délisse Saveur Brownie - 4x125g","p":1.55,"u":"3,10 €/KG","img":"https://fd6-photos.leclercdrive.fr/image.ashx?id=2441411&use=l&cat=p&typeid=i","cat":285041},{"id":69069,"n":"Yaourts brassés velouté Danone Nature - 12x125g","p":3.6,"u":"2,40 €/KG","img":"https://fd6-photos.leclercdrive.fr/image.ashx?id=2865581&use=l&cat=p&typeid=i","cat":284409},{"id":69070,"n":"Yaourts brassés velouté Danone Nature - 16x125g","p":4.24,"u":"2,12 €/KG","img":"https://fd6-photos.leclercdrive.fr/image.ashx?id=2865584&use=l&cat=p&typeid=i","cat":284409},{"id":69071,"n":"yaourt aux fruits danonino aromatisé - 12x125g","p":3.06,"u":"2,04 €/KG","img":"https://fd6-photos.leclercdrive.fr/image.ashx?id=2883432&use=l&cat=p&typeid=i","cat":284414},{"id":69074,"n":"Yaourts brassés Velouté Danone Nature - 8x125g","p":2.46,"u":"2,46 €/KG","img":"https://fd6-photos.leclercdrive.fr/image.ashx?id=2865590&use=l&cat=p&typeid=i","cat":284409},{"id":69107,"n":"Muesli croustillant nature bio  Terres et Céréales - 1kg","p":3.34,"u":"3,34 €/KG","img":"https://fd6-photos.leclercdrive.fr/image.ashx?id=2802446&use=l&cat=p&typeid=i","cat":309512},{"id":69108,"n":"Muesli duo pépites de chocolats  bio Terres et Céréales -1kg","p":6.11,"u":"6,11 €/KG","img":"https://fd6-photos.leclercdrive.fr/image.ashx?id=2802452&use=l&cat=p&typeid=i","cat":309512},{"id":69120,"n":"Eau de toilette Alix de Faure Vanille - 110ml","p":3.2,"u":"29,09 €/L","img":"https://fd6-photos.leclercdrive.fr/image.ashx?id=2675768&use=l&cat=p&typeid=i","cat":291525},{"id":69128,"n":"Chocolat Excellence Abtey Chardons Ball - 220g","p":5.5,"u":"25,00 €/KG","img":"https://fd6-photos.leclercdrive.fr/image.ashx?id=2367178&use=l&cat=p&typeid=i","cat":327595},{"id":69141,"n":"Papier cuisson Elembal Rouleau 8m","p":1.08,"u":"0,14 €/MT","img":"https://fd6-photos.leclercdrive.fr/image.ashx?id=2824955&use=l&cat=p&typeid=i","cat":334134},{"id":69145,"n":"Crème lavante Manava Framboise pivoine - 300ml","p":1.28,"u":"4,27 €/L","img":"https://fd6-photos.leclercdrive.fr/image.ashx?id=2935507&use=l&cat=p&typeid=i","cat":284597},{"id":69147,"n":"Café dosettes Tassimo L'Or Café Long Classique x16","p":4.51,"u":"43,37 €/KG","img":"https://fd6-photos.leclercdrive.fr/image.ashx?id=2160312&use=l&cat=p&typeid=i","cat":293240},{"id":69148,"n":"Café dosettes Tassimo L'Or Café Long Intense x16","p":4.79,"u":"37,42 €/KG","img":"https://fd6-photos.leclercdrive.fr/image.ashx?id=2290599&use=l&cat=p&typeid=i","cat":293240},{"id":69150,"n":"Nettoyant multi surfaces Clair Citron - 1.5L","p":1.7,"u":"1,13 €/L","img":"https://fd6-photos.leclercdrive.fr/image.ashx?id=2534211&use=l&cat=p&typeid=i","cat":284907},{"id":69151,"n":"Nettoyant multi surfaces Clair Pins - 1.5L","p":1.7,"u":"1,13 €/L","img":"https://fd6-photos.leclercdrive.fr/image.ashx?id=2369164&use=l&cat=p&typeid=i","cat":284907},{"id":69152,"n":"Nettoyant multi surfaces Clair Fleurs - 1.5L","p":1.7,"u":"1,13 €/L","img":"https://fd6-photos.leclercdrive.fr/image.ashx?id=2381556&use=l&cat=p&typeid=i","cat":284907},{"id":69153,"n":"Nettoyant multi surfaces Clair Fraîcheur pure - 1.5L","p":1.7,"u":"1,13 €/L","img":"https://fd6-photos.leclercdrive.fr/image.ashx?id=2373263&use=l&cat=p&typeid=i","cat":284907},{"id":69154,"n":"Nettoyant multi surfaces Clair Savon de Marseille - 1.5L","p":1.7,"u":"1,13 €/L","img":"https://fd6-photos.leclercdrive.fr/image.ashx?id=2858845&use=l&cat=p&typeid=i","cat":284907},{"id":69155,"n":"Nettoyant multi surfaces Clair Savon noir - 1.5L","p":1.7,"u":"1,13 €/L","img":"https://fd6-photos.leclercdrive.fr/image.ashx?id=2849584&use=l&cat=p&typeid=i","cat":284907},{"id":69161,"n":"Purée carotte bio Bio Village 450g","p":1.39,"u":"3,09 €/KG","img":"https://fd6-photos.leclercdrive.fr/image.ashx?id=2878747&use=l&cat=p&typeid=i","cat":319805},{"id":69163,"n":"Purée 100% brocolis Bio Bio Village - 450g","p":1.75,"u":"3,89 €/KG","img":"https://fd6-photos.leclercdrive.fr/image.ashx?id=2878750&use=l&cat=p&typeid=i","cat":319805},{"id":69211,"n":"Brioche tressée Epi d'or Perles de sucre - 500g","p":2.5,"u":"5,00 €/KG","img":"https://fd6-photos.leclercdrive.fr/image.ashx?id=2860745&use=l&cat=p&typeid=i","cat":284478},{"id":69213,"n":"Frites à peau McCain Côté Resto - 650g","p":2.67,"u":"4,11 €/KG","img":"https://fd6-photos.leclercdrive.fr/image.ashx?id=2927047&use=l&cat=p&typeid=i","cat":319791},{"id":69215,"n":"Pains wrap Epi d'Or Nature x6 - 383g","p":1.95,"u":"5,09 €/KG","img":"https://fd6-photos.leclercdrive.fr/image.ashx?id=2998883&use=l&cat=p&typeid=i","cat":284985},{"id":69227,"n":"Huile vierge Bio Village Coco bio - 200ml","p":2.28,"u":"11,40 €/L","img":"https://fd6-photos.leclercdrive.fr/image.ashx?id=1974311&use=l&cat=p&typeid=i","cat":284453},{"id":69233,"n":"Capsules café L'Or Espresso Ristretto N°11 x10","p":3.09,"u":"59,42 €/KG","img":"https://fd6-photos.leclercdrive.fr/image.ashx?id=2260869&use=l&cat=p&typeid=i","cat":284749},{"id":69240,"n":"Vinaigre en gel Uni Vert 750ml","p":2.98,"u":"3,97 €/L","img":"https://fd6-photos.leclercdrive.fr/image.ashx?id=2494151&use=l&cat=p&typeid=i","cat":325357},{"id":69268,"n":"Liquide vaisselle Rainett Citron écologique - 750ml","p":1.87,"u":"2,49 €/L","img":"https://fd6-photos.leclercdrive.fr/image.ashx?id=2297129&use=l&cat=p&typeid=i","cat":284655},{"id":69273,"n":"Eau de toilette Alix de Faure Fruits rouges - 110ml","p":3.2,"u":"29,09 €/L","img":"https://fd6-photos.leclercdrive.fr/image.ashx?id=2675762&use=l&cat=p&typeid=i","cat":291525},{"id":69274,"n":"Eau de toilette Alix de Faure Patchouli - 110ml","p":3.2,"u":"29,09 €/L","img":"https://fd6-photos.leclercdrive.fr/image.ashx?id=2675765&use=l&cat=p&typeid=i","cat":291525},{"id":69275,"n":"Gel Douche Homme Nivea Men 3 en 1 Protect&Care - 250ml","p":2.17,"u":"8,68 €/L","img":"https://fd6-photos.leclercdrive.fr/image.ashx?id=2985465&use=l&cat=p&typeid=i","cat":284619},{"id":69280,"n":"Couches bébé Mots d'enfants Midi T3 4/9kg - x50 changes","p":6.35,"u":"0,13 €/P","img":"https://fd6-photos.leclercdrive.fr/image.ashx?id=2699717&use=l&cat=p&typeid=i","cat":284737},{"id":69281,"n":"Couches bébé Mots d'enfants Ultra confort T4 7/18kg - x44","p":6.35,"u":"0,14 €/P","img":"https://fd6-photos.leclercdrive.fr/image.ashx?id=2699720&use=l&cat=p&typeid=i","cat":284737},{"id":69282,"n":"Couches bébé Mots d'enfants Ultra confort T4+  9/20kg - x41","p":6.35,"u":"0,15 €/P","img":"https://fd6-photos.leclercdrive.fr/image.ashx?id=2699723&use=l&cat=p&typeid=i","cat":284737},{"id":69283,"n":"Couches bébé Mots d'enfants Ultra confort T5 11/25kg - x39","p":6.35,"u":"0,16 €/P","img":"https://fd6-photos.leclercdrive.fr/image.ashx?id=2699726&use=l&cat=p&typeid=i","cat":284737},{"id":69284,"n":"Couches bébé Mots d'enfants Ultra confort T6  16/23kg - x33","p":6.35,"u":"0,19 €/P","img":"https://fd6-photos.leclercdrive.fr/image.ashx?id=2699729&use=l&cat=p&typeid=i","cat":284737},{"id":69285,"n":"Couches bébé Mots d'enfants T4 Ultra confort 7/18kg - x144","p":19.85,"u":"0,14 €/P","img":"https://fd6-photos.leclercdrive.fr/image.ashx?id=2689429&use=l&cat=p&typeid=i","cat":284737},{"id":69286,"n":"Couches bébé Mots d'enfants T5 Ultra confort 11/25kg - x136","p":19.85,"u":"0,15 €/P","img":"https://fd6-photos.leclercdrive.fr/image.ashx?id=2691833&use=l&cat=p&typeid=i","cat":284737},{"id":69315,"n":"Sirop saveur mojito Frucci 75cl","p":3.25,"u":"4,33 €/L","img":"https://fd6-photos.leclercdrive.fr/image.ashx?id=2898032&use=l&cat=p&typeid=i","cat":295020},{"id":69316,"n":"Pur jus Jafaden Orange mangue citron - 1L","p":2.39,"u":"2,39 €/L","img":"https://fd6-photos.leclercdrive.fr/image.ashx?id=2956759&use=l&cat=p&typeid=i","cat":284917},{"id":69317,"n":"Eau minérale naturelle Vittel 6x1.5L","p":2.86,"u":"0,32 €/L","img":"https://fd6-photos.leclercdrive.fr/image.ashx?id=3000441&use=l&cat=p&typeid=i","cat":284535},{"id":69318,"n":"Pur jus Jafaden Orange pêche abricot - 1L","p":2.39,"u":"2,39 €/L","img":"https://fd6-photos.leclercdrive.fr/image.ashx?id=2956762&use=l&cat=p&typeid=i","cat":284917},{"id":69319,"n":"Pur jus Jafaden Pomme goyave citron - 1L","p":2.15,"u":"2,15 €/L","img":"https://fd6-photos.leclercdrive.fr/image.ashx?id=2956765&use=l&cat=p&typeid=i","cat":284917},{"id":69326,"n":"Piles Duracell LR44 - x2","p":3.09,"u":"1,55 €/P","img":"https://fd6-photos.leclercdrive.fr/image.ashx?id=2525402&use=l&cat=p&typeid=i","cat":300572},{"id":69327,"n":"Piles Duracell MN21 x2","p":6.01,"u":"3,01 €/P","img":"https://fd6-photos.leclercdrive.fr/image.ashx?id=2328739&use=l&cat=p&typeid=i","cat":300572},{"id":69336,"n":"Piles Ultra Duracell RCR 850 AAA - x4","p":18.69,"img":"https://fd6-photos.leclercdrive.fr/image.ashx?id=2421949&use=l&cat=p&typeid=i","cat":300572},{"id":69379,"n":"From'Chaud Ermitage 50% mg - 200g","p":3.14,"u":"15,70 €/KG","img":"https://fd6-photos.leclercdrive.fr/image.ashx?id=2966002&use=l&cat=p&typeid=i","cat":314037},{"id":69382,"n":"Petits fours traiteur x16 bouchées - 235g","p":7.29,"u":"31,02 €/KG","img":"https://fd6-photos.leclercdrive.fr/image.ashx?id=2634208&use=l&cat=p&typeid=i","cat":316003},{"id":69383,"n":"Fromage à Raclette RichesMonts  Duo Classique & Fumée - 420G","p":6.39,"u":"15,21 €/KG","img":"https://fd6-photos.leclercdrive.fr/image.ashx?id=2953815&use=l&cat=p&typeid=i","cat":314037},{"id":69396,"n":"Fromage à Raclette RichesMonts  Sans croûte 18 Tranches - 420g","p":5.82,"u":"13,86 €/KG","img":"https://fd6-photos.leclercdrive.fr/image.ashx?id=2960765&use=l&cat=p&typeid=i","cat":314037},{"id":69430,"n":"Poulet Basquaise NRT 750g","p":7.99,"u":"10,65 €/KG","img":"https://fd6-photos.leclercdrive.fr/image.ashx?id=1935877&use=l&cat=p&typeid=i","cat":284441},{"id":69432,"n":"Trio de terrines Label Rouge Nos Régions Ont Du Talent -270g","p":3.7,"u":"13,70 €/KG","img":"https://fd6-photos.leclercdrive.fr/image.ashx?id=2560521&use=l&cat=p&typeid=i","cat":305149},{"id":69442,"n":"Madeleines NRT Caramel - 330g","p":3.29,"u":"9,97 €/KG","img":"https://fd6-photos.leclercdrive.fr/image.ashx?id=2607885&use=l&cat=p&typeid=i","cat":284492},{"id":69559,"n":"Mouchoirs blancs 2 plis Caresse Boîtes mouchoirs papier -3x110","p":3.6,"u":"0,01 €/P","img":"https://fd6-photos.leclercdrive.fr/image.ashx?id=2390443&use=l&cat=p&typeid=i","cat":284638},{"id":69679,"n":"Yaourt à la grecque YAOS Nature lit de myrtilles 4x125g","p":2.74,"u":"5,48 €/KG","img":"https://fd6-photos.leclercdrive.fr/image.ashx?id=2614933&use=l&cat=p&typeid=i","cat":314999},{"id":69680,"n":"Yaourt à la grecque YAOS Nature lit de pêches 4x125g","p":2.34,"u":"4,68 €/KG","img":"https://fd6-photos.leclercdrive.fr/image.ashx?id=2539533&use=l&cat=p&typeid=i","cat":314999},{"id":69705,"n":"Coleslaw moutarde Bonduelle 320g","p":1.81,"u":"5,66 €/KG","img":"https://fd6-photos.leclercdrive.fr/image.ashx?id=2894185&use=l&cat=p&typeid=i","cat":333657},{"id":69720,"n":"Gougères au fromage Côté Table x20 - 140g","p":3.76,"u":"26,86 €/KG","img":"https://fd6-photos.leclercdrive.fr/image.ashx?id=2726709&use=l&cat=p&typeid=i","cat":319774},{"id":69736,"n":"AOC Corbières vin rouge Prieur Barsanne - BIB 3L","p":9.49,"u":"3,16 €/L","img":"https://fd6-photos.leclercdrive.fr/image.ashx?id=2712989&use=l&cat=p&typeid=i","cat":289556},{"id":69737,"n":"AOC Coteaux Varois en Provence vin rosé Terres Ocrées - BIB 3L","p":15.99,"u":"5,33 €/L","img":"https://fd6-photos.leclercdrive.fr/image.ashx?id=2716000&use=l&cat=p&typeid=i","cat":289560},{"id":69738,"n":"AOC Côtes du Marmandais vin  rosé Terrasses d'Autan - BIB 3L","p":9.99,"u":"3,33 €/L","img":"https://fd6-photos.leclercdrive.fr/image.ashx?id=2863069&use=l&cat=p&typeid=i","cat":289560},{"id":69739,"n":"Mini feuilletés Côté Table Apéritifs - x30 - 360g","p":3.72,"u":"10,33 €/KG","img":"https://fd6-photos.leclercdrive.fr/image.ashx?id=2212509&use=l&cat=p&typeid=i","cat":319774},{"id":69740,"n":"Mini-feuilletés Côté Table Apéritifs - x80 - 740g","p":6.83,"u":"9,23 €/KG","img":"https://fd6-photos.leclercdrive.fr/image.ashx?id=2238045&use=l&cat=p&typeid=i","cat":319774},{"id":69741,"n":"Mini-feuilletés Côté Table Apéritifs - x40 - 350g","p":3.37,"u":"9,63 €/KG","img":"https://fd6-photos.leclercdrive.fr/image.ashx?id=2632873&use=l&cat=p&typeid=i","cat":319774},{"id":69803,"n":"Riz provençale Bonduelle Thon - 320g","p":1.93,"u":"6,03 €/KG","img":"https://fd6-photos.leclercdrive.fr/image.ashx?id=2907905&use=l&cat=p&typeid=i","cat":333657},{"id":70114,"n":"Biscuits p'tit dèj BN Extra céréales complètes - 200g","p":1.67,"u":"8,35 €/KG","img":"https://fd6-photos.leclercdrive.fr/image.ashx?id=2603471&use=l&cat=p&typeid=i","cat":284491},{"id":70117,"n":"Biscuits Mc Vitie's Original - 400g","p":1.69,"u":"4,23 €/KG","img":"https://fd6-photos.leclercdrive.fr/image.ashx?id=2310182&use=l&cat=p&typeid=i","cat":284487},{"id":70118,"n":"Biscuits Mc Vitie's Chocolat au lait - 300g","p":1.78,"u":"5,93 €/KG","img":"https://fd6-photos.leclercdrive.fr/image.ashx?id=2589491&use=l&cat=p&typeid=i","cat":284488},{"id":70140,"n":"Yaourt Nature Panier de Yoplait Lit de Fruits Panaché - 6x140g","p":2.99,"u":"3,56 €/KG","img":"https://fd6-photos.leclercdrive.fr/image.ashx?id=2884429&use=l&cat=p&typeid=i","cat":284410},{"id":70158,"n":"Yaourt Nature Panier de Yoplait Lit Fruits de Saison - 6x140g","p":3.0,"u":"3,57 €/KG","img":"https://fd6-photos.leclercdrive.fr/image.ashx?id=2992062&use=l&cat=p&typeid=i","cat":284410},{"id":70328,"n":"Chimay blanche 8° - 75cl","p":4.55,"u":"6,07 €/L","img":"https://fd6-photos.leclercdrive.fr/image.ashx?id=2476812&use=l&cat=p&typeid=i","cat":334872},{"id":70334,"n":"Kasteel rouge  8° 75cl","p":5.0,"u":"6,67 €/L","img":"https://fd6-photos.leclercdrive.fr/image.ashx?id=2981325&use=l&cat=p&typeid=i","cat":334872},{"id":70335,"n":"Kasteel blonde  11° - 75cl","p":5.1,"u":"6,80 €/L","img":"https://fd6-photos.leclercdrive.fr/image.ashx?id=2483218&use=l&cat=p&typeid=i","cat":334872},{"id":70344,"n":"Triple Secret des Moines 8%  - 75cl","p":3.87,"u":"5,16 €/L","img":"https://fd6-photos.leclercdrive.fr/image.ashx?id=2947991&use=l&cat=p&typeid=i","cat":334872},{"id":70389,"n":"Café dosettes Tassimo L'Or Cappuccino x8","p":4.89,"u":"18,31 €/KG","img":"https://fd6-photos.leclercdrive.fr/image.ashx?id=2100305&use=l&cat=p&typeid=i","cat":293240},{"id":70558,"n":"Basilic bio Bio Village 11g","p":0.69,"u":"62,73 €/KG","img":"https://fd6-photos.leclercdrive.fr/image.ashx?id=2991458&use=l&cat=p&typeid=i","cat":298297},{"id":70559,"n":"Ciboulette bio Bio Village 4g","p":0.68,"u":"170,00 €/KG","img":"https://fd6-photos.leclercdrive.fr/image.ashx?id=2711704&use=l&cat=p&typeid=i","cat":298297},{"id":70579,"n":"Fromage Caprice des Dieux  200g","p":2.9,"u":"14,50 €/KG","img":"https://fd6-photos.leclercdrive.fr/image.ashx?id=2762438&use=l&cat=p&typeid=i","cat":314033},{"id":70634,"n":"Lentilles Notre Jardin Graisse d'oie - 400g","p":1.05,"u":"2,63 €/KG","img":"https://fd6-photos.leclercdrive.fr/image.ashx?id=3002620&use=l&cat=p&typeid=i","cat":312609},{"id":70640,"n":"Mayonnaise Rustica Ma recette - 235g","p":1.38,"u":"5,87 €/KG","img":"https://fd6-photos.leclercdrive.fr/image.ashx?id=2045127&use=l&cat=p&typeid=i","cat":298295},{"id":70914,"n":"Poivre noir grains Rustica 90g","p":2.32,"u":"25,78 €/KG","img":"https://fd6-photos.leclercdrive.fr/image.ashx?id=2870047&use=l&cat=p&typeid=i","cat":284457},{"id":70980,"n":"Crousty chicken Le Gaulois L'original - 400g","p":5.33,"u":"13,33 €/KG","img":"https://fd6-photos.leclercdrive.fr/image.ashx?id=2967765&use=l&cat=p&typeid=i","cat":333684},{"id":70993,"n":"Coulommiers Président  350g","p":2.77,"u":"7,91 €/KG","img":"https://fd6-photos.leclercdrive.fr/image.ashx?id=2029862&use=l&cat=p&typeid=i","cat":314033},{"id":71060,"n":"Basilic Rustica 11g","p":0.39,"u":"35,45 €/KG","img":"https://fd6-photos.leclercdrive.fr/image.ashx?id=2772957&use=l&cat=p&typeid=i","cat":298297},{"id":71066,"n":"Moutarde à l'ancienne Origine du Goût-Au vinaigre cidre -100g","p":1.39,"u":"13,90 €/KG","img":"https://fd6-photos.leclercdrive.fr/image.ashx?id=2794850&use=l&cat=p&typeid=i","cat":288850},{"id":71067,"n":"Moutarde L'Origine du Goût Poivre vert de Madagascar -100g","p":1.39,"u":"13,90 €/KG","img":"https://fd6-photos.leclercdrive.fr/image.ashx?id=2711631&use=l&cat=p&typeid=i","cat":288850},{"id":71069,"n":"Moutarde à l'ancienne Origine du Goût -Piment espelette -100g","p":1.39,"u":"13,90 €/KG","img":"https://fd6-photos.leclercdrive.fr/image.ashx?id=1240175&use=l&cat=p&typeid=i","cat":288850},{"id":71070,"n":"Moutarde au vinaigre balsamique L'Origine du Goût -100g","p":1.39,"u":"13,90 €/KG","img":"https://fd6-photos.leclercdrive.fr/image.ashx?id=1240178&use=l&cat=p&typeid=i","cat":288850},{"id":71075,"n":"Vinaigrette biphase Rustica Tomate/ Balsamique - 50cl","p":2.72,"u":"5,44 €/L","img":"https://fd6-photos.leclercdrive.fr/image.ashx?id=1972937&use=l&cat=p&typeid=i","cat":284456},{"id":71076,"n":"Vinaigrette Rustica Moutarde ancienne - 1L","p":1.78,"u":"1,78 €/L","img":"https://fd6-photos.leclercdrive.fr/image.ashx?id=1957767&use=l&cat=p&typeid=i","cat":284456},{"id":71077,"n":"Vinaigrette biphase Rustica Ciboulette/Echalote - 50cl","p":2.79,"u":"5,58 €/L","img":"https://fd6-photos.leclercdrive.fr/image.ashx?id=1943241&use=l&cat=p&typeid=i","cat":284456},{"id":71078,"n":"Apéritivo bitter Volcano Spritz 15%vol - 1L","p":6.99,"u":"6,99 €/L","img":"https://fd6-photos.leclercdrive.fr/image.ashx?id=2473963&use=l&cat=p&typeid=i","cat":284913},{"id":71088,"n":"IGP Côtes de Gascogne blanc sec Vieux Carion 10.5% vol - BIB 3L","p":7.99,"u":"2,66 €/L","img":"https://fd6-photos.leclercdrive.fr/image.ashx?id=2872709&use=l&cat=p&typeid=i","cat":289560},{"id":71090,"n":"Boisson énergisante Red bull 6x250ml","p":6.69,"u":"4,46 €/L","img":"https://fd6-photos.leclercdrive.fr/image.ashx?id=3011989&use=l&cat=p&typeid=i","cat":284533},{"id":71100,"n":"IGP Pays d'Oc vin rouge Vieux Carion - BIB 3L","p":7.99,"u":"2,66 €/L","img":"https://fd6-photos.leclercdrive.fr/image.ashx?id=2756879&use=l&cat=p&typeid=i","cat":289560},{"id":71101,"n":"IGP Pays d'Oc Muscat blanc  Moelleux 12% vol - 75cl","p":2.99,"u":"3,99 €/L","img":"https://fd6-photos.leclercdrive.fr/image.ashx?id=2677119&use=l&cat=p&typeid=i","cat":289557},{"id":71102,"n":"Bière Desperados 65cl","p":2.54,"u":"3,91 €/L","img":"https://fd6-photos.leclercdrive.fr/image.ashx?id=2977960&use=l&cat=p&typeid=i","cat":334878},{"id":71106,"n":"Ail semoule Rustica 110g","p":1.39,"u":"12,64 €/KG","img":"https://fd6-photos.leclercdrive.fr/image.ashx?id=2870038&use=l&cat=p&typeid=i","cat":298297},{"id":71107,"n":"Bouquet garni entier Rustica 17g","p":1.68,"u":"98,82 €/KG","img":"https://fd6-photos.leclercdrive.fr/image.ashx?id=1710608&use=l&cat=p&typeid=i","cat":298297},{"id":71154,"n":"Arôme vanille Tablier Blanc 200ml","p":2.31,"u":"11,55 €/L","img":"https://fd6-photos.leclercdrive.fr/image.ashx?id=2487476&use=l&cat=p&typeid=i","cat":284504},{"id":71155,"n":"Ail semoule Rustica Flacon - 60g","p":0.99,"u":"16,50 €/KG","img":"https://fd6-photos.leclercdrive.fr/image.ashx?id=2797790&use=l&cat=p&typeid=i","cat":298297},{"id":71156,"n":"Moulin 5 baies Rustica Flacon - 24g","p":1.19,"u":"49,58 €/KG","img":"https://fd6-photos.leclercdrive.fr/image.ashx?id=2907231&use=l&cat=p&typeid=i","cat":284457},{"id":71157,"n":"Herbe de provence haché Rustica 40g","p":0.88,"u":"22,00 €/KG","img":"https://fd6-photos.leclercdrive.fr/image.ashx?id=2935226&use=l&cat=p&typeid=i","cat":298297},{"id":71158,"n":"Poivre gris moulu Rustica Boite - 90g","p":2.29,"u":"25,44 €/KG","img":"https://fd6-photos.leclercdrive.fr/image.ashx?id=2907204&use=l&cat=p&typeid=i","cat":284457},{"id":71162,"n":"Assortiment crackers Tokapi 85g","p":0.69,"u":"8,12 €/KG","img":"https://fd6-photos.leclercdrive.fr/image.ashx?id=1926981&use=l&cat=p&typeid=i","cat":297000},{"id":71164,"n":"Gel lavant Bionaïa Abricot bio - 300ml","p":1.79,"u":"5,97 €/L","img":"https://fd6-photos.leclercdrive.fr/image.ashx?id=2935525&use=l&cat=p&typeid=i","cat":284597},{"id":71232,"n":"Scotch Whisky William Peel Edition limitée 40%vol - 1L","p":16.55,"pp":15.55,"u":"15,55 €/L","img":"https://fd6-photos.leclercdrive.fr/image.ashx?id=2867014&use=l&cat=p&typeid=i","cat":284547},{"id":71320,"n":"Whisky japonais Togouchi Premium - 40%vol - 70cl","p":35.75,"pp":30.75,"u":"43,93 €/L","img":"https://fd6-photos.leclercdrive.fr/image.ashx?id=2685291&use=l&cat=p&typeid=i","cat":284547},{"id":71351,"n":"Cocktail Pêche Océan Fruits de mer - 500g","p":4.94,"u":"9,88 €/KG","img":"https://fd6-photos.leclercdrive.fr/image.ashx?id=2686347&use=l&cat=p&typeid=i","cat":319787},{"id":71412,"n":"Déodorant Manava Cologne - 100ml","p":1.39,"u":"13,90 €/L","img":"https://fd6-photos.leclercdrive.fr/image.ashx?id=2666572&use=l&cat=p&typeid=i","cat":284595},{"id":71413,"n":"Déodorant Manava Freesia Orchidée - 100ml","p":1.36,"u":"13,60 €/L","img":"https://fd6-photos.leclercdrive.fr/image.ashx?id=2656451&use=l&cat=p&typeid=i","cat":284595},{"id":71417,"n":"Petits pois très fins Eco  560g","p":1.15,"u":"2,05 €/KG","img":"https://fd6-photos.leclercdrive.fr/image.ashx?id=3003711&use=l&cat=p&typeid=i","cat":312607},{"id":71419,"n":"Petits pois carottes Eco  530g","p":1.12,"u":"2,11 €/KG","img":"https://fd6-photos.leclercdrive.fr/image.ashx?id=3003714&use=l&cat=p&typeid=i","cat":312607},{"id":71422,"n":"Macedoine de legumes Eco  530g","p":1.11,"u":"2,09 €/KG","img":"https://fd6-photos.leclercdrive.fr/image.ashx?id=2729245&use=l&cat=p&typeid=i","cat":312612},{"id":71423,"n":"Flageolets verts fins Eco  530g","p":1.19,"u":"2,25 €/KG","img":"https://fd6-photos.leclercdrive.fr/image.ashx?id=2720012&use=l&cat=p&typeid=i","cat":312606},{"id":71426,"n":"Lentilles Eco+ 530g","p":1.02,"u":"1,92 €/KG","img":"https://fd6-photos.leclercdrive.fr/image.ashx?id=2699087&use=l&cat=p&typeid=i","cat":312609},{"id":71429,"n":"Haricots verts extra fins Eco  440g","p":1.04,"u":"2,36 €/KG","img":"https://fd6-photos.leclercdrive.fr/image.ashx?id=3003726&use=l&cat=p&typeid=i","cat":312606},{"id":71431,"n":"Tomates entières pelées Eco+ - 480g","p":1.1,"u":"2,29 €/KG","img":"https://fd6-photos.leclercdrive.fr/image.ashx?id=3003729&use=l&cat=p&typeid=i","cat":312608},{"id":71433,"n":"Choux-fleurs Eco+ 1kg","p":1.34,"u":"1,34 €/KG","img":"https://fd6-photos.leclercdrive.fr/image.ashx?id=2729254&use=l&cat=p&typeid=i","cat":319805},{"id":71439,"n":"Filets de colin d'Alaska Eco+ 10x100g","p":5.3,"u":"5,30 €/KG","img":"https://fd6-photos.leclercdrive.fr/image.ashx?id=1668300&use=l&cat=p&typeid=i","cat":319786},{"id":71441,"n":"Ail bio Ducros Flacon - 52g","p":2.79,"u":"53,65 €/KG","img":"https://fd6-photos.leclercdrive.fr/image.ashx?id=2484077&use=l&cat=p&typeid=i","cat":298297},{"id":71442,"n":"Cassoulet Eco+ 840g","p":1.97,"u":"2,35 €/KG","img":"https://fd6-photos.leclercdrive.fr/image.ashx?id=2847937&use=l&cat=p&typeid=i","cat":284440},{"id":71444,"n":"Galettes au beurre Eco+ x16 - 125g","p":0.64,"u":"5,12 €/KG","img":"https://fd6-photos.leclercdrive.fr/image.ashx?id=2746781&use=l&cat=p&typeid=i","cat":284487},{"id":71446,"n":"Biscuits aux oeufs Eco+ x60 - 400g","p":1.57,"u":"3,93 €/KG","img":"https://fd6-photos.leclercdrive.fr/image.ashx?id=2804136&use=l&cat=p&typeid=i","cat":284487},{"id":71447,"n":"Curcuma bio Ducros Flacon - 42g","p":2.47,"u":"58,81 €/KG","img":"https://fd6-photos.leclercdrive.fr/image.ashx?id=2484086&use=l&cat=p&typeid=i","cat":298297},{"id":71448,"n":"Raviolis à la sauce tomate Eco+ 800g","p":1.69,"u":"2,11 €/KG","img":"https://fd6-photos.leclercdrive.fr/image.ashx?id=2688288&use=l&cat=p&typeid=i","cat":284442},{"id":71451,"n":"Serviettes maxi nuit Eco+ x10","p":0.64,"u":"0,06 €/P","img":"https://fd6-photos.leclercdrive.fr/image.ashx?id=2177511&use=l&cat=p&typeid=i","cat":284624},{"id":71454,"n":"Persil bio Ducros Flacon - 7g","p":2.26,"u":"322,86 €/KG","img":"https://fd6-photos.leclercdrive.fr/image.ashx?id=2484062&use=l&cat=p&typeid=i","cat":298297},{"id":71455,"n":"Gélatine feuille bio Vahiné 10g","p":1.39,"u":"139,00 €/KG","img":"https://fd6-photos.leclercdrive.fr/image.ashx?id=2559829&use=l&cat=p&typeid=i","cat":284504},{"id":71457,"n":"Amande poudre bio Vahiné 100g","p":3.89,"u":"38,90 €/KG","img":"https://fd6-photos.leclercdrive.fr/image.ashx?id=2504221&use=l&cat=p&typeid=i","cat":284504},{"id":71459,"n":"Noix coco rapée bio Vahiné 115g","p":2.36,"u":"20,52 €/KG","img":"https://fd6-photos.leclercdrive.fr/image.ashx?id=2559841&use=l&cat=p&typeid=i","cat":284504},{"id":71460,"n":"Poudre à lever bio Vahiné 5 sachets - 35g","p":0.98,"u":"28,00 €/KG","img":"https://fd6-photos.leclercdrive.fr/image.ashx?id=2559832&use=l&cat=p&typeid=i","cat":294686},{"id":71461,"n":"Sucre vanillé bio Vahiné 5 sachets - 35G","p":3.33,"u":"95,14 €/KG","img":"https://fd6-photos.leclercdrive.fr/image.ashx?id=2559835&use=l&cat=p&typeid=i","cat":284504},{"id":71462,"n":"Pépites chocolat noirVahiné Bio - 100g","p":2.73,"u":"27,30 €/KG","img":"https://fd6-photos.leclercdrive.fr/image.ashx?id=2504227&use=l&cat=p&typeid=i","cat":284504},{"id":71463,"n":"Raisins secs bio Vahiné 200g","p":3.21,"u":"16,05 €/KG","img":"https://fd6-photos.leclercdrive.fr/image.ashx?id=2559844&use=l&cat=p&typeid=i","cat":284357},{"id":71469,"n":"DOC Prosecco extra-dry blanc 7% vol - 75cl","p":4.99,"u":"6,65 €/L","img":"https://fd6-photos.leclercdrive.fr/image.ashx?id=2977171&use=l&cat=p&typeid=i","cat":289461},{"id":71473,"n":"Vin d'Espagne blanc Chardonnay Adrien Champaud - BIB 5L","p":11.99,"u":"2,40 €/L","img":"https://fd6-photos.leclercdrive.fr/image.ashx?id=2959617&use=l&cat=p&typeid=i","cat":289557},{"id":71479,"n":"Cookies P'tit Déli Paillettes muticolores - 150g","p":1.45,"u":"9,67 €/KG","img":"https://fd6-photos.leclercdrive.fr/image.ashx?id=2939064&use=l&cat=p&typeid=i","cat":325066},{"id":71485,"n":"Vin d'Espagne Grenache rosé Adrien Champaud - BIB 10L","p":18.99,"u":"1,90 €/L","img":"https://fd6-photos.leclercdrive.fr/image.ashx?id=2588225&use=l&cat=p&typeid=i","cat":289560},{"id":71488,"n":"Mini chinois Epi d'Or Pepites de chocolat x6 - 300g","p":1.85,"u":"6,17 €/KG","img":"https://fd6-photos.leclercdrive.fr/image.ashx?id=2867916&use=l&cat=p&typeid=i","cat":296366},{"id":71489,"n":"Croissants Epi d'Or x8 - 320g","p":1.64,"u":"5,13 €/KG","img":"https://fd6-photos.leclercdrive.fr/image.ashx?id=2860766&use=l&cat=p&typeid=i","cat":296366},{"id":71490,"n":"Vin d'Espagne blanc Sauvignon Adrien Champaud - BIB 5L","p":9.99,"u":"2,00 €/L","img":"https://fd6-photos.leclercdrive.fr/image.ashx?id=2960511&use=l&cat=p&typeid=i","cat":289560},{"id":71491,"n":"Croissants Epi d'Or x14 - 560g","p":2.79,"u":"4,98 €/KG","img":"https://fd6-photos.leclercdrive.fr/image.ashx?id=2860769&use=l&cat=p&typeid=i","cat":296366},{"id":71496,"n":"Tartelette P'tit Déli Chocolat au lait caramel - 127g","p":1.49,"u":"11,73 €/KG","img":"https://fd6-photos.leclercdrive.fr/image.ashx?id=2722820&use=l&cat=p&typeid=i","cat":284488},{"id":71497,"n":"Tartelette P'tit Déli Fraise - 127g","p":1.42,"u":"11,18 €/KG","img":"https://fd6-photos.leclercdrive.fr/image.ashx?id=2888640&use=l&cat=p&typeid=i","cat":284489},{"id":71498,"n":"Lait concentré Délisse Non sucré x10  - 75g","p":0.44,"u":"5,87 €/KG","img":"https://fd6-photos.leclercdrive.fr/image.ashx?id=2671822&use=l&cat=p&typeid=i","cat":299162},{"id":71499,"n":"Gaufrette roulée P'tit Déli Chocolat noir - 125g","p":1.29,"u":"10,32 €/KG","img":"https://fd6-photos.leclercdrive.fr/image.ashx?id=2858848&use=l&cat=p&typeid=i","cat":284490},{"id":71514,"n":"Sablé pur beurre P'tit Déli Caramel - 100g","p":1.18,"u":"11,80 €/KG","img":"https://fd6-photos.leclercdrive.fr/image.ashx?id=2660574&use=l&cat=p&typeid=i","cat":284487},{"id":71519,"n":"Yaourt Bio Bio Village Aromatisé Citron - 4x125g","p":1.39,"u":"2,78 €/KG","img":"https://fd6-photos.leclercdrive.fr/image.ashx?id=2289666&use=l&cat=p&typeid=i","cat":286006},{"id":71523,"n":"Sablés pur beurre P'tit Déli Coco - 100g","p":1.89,"u":"18,90 €/KG","img":"https://fd6-photos.leclercdrive.fr/image.ashx?id=2709704&use=l&cat=p&typeid=i","cat":284487},{"id":71524,"n":"Goûter rectangle P'tit Déli Fourré chocolat - 125g","p":1.19,"u":"9,52 €/KG","img":"https://fd6-photos.leclercdrive.fr/image.ashx?id=2619725&use=l&cat=p&typeid=i","cat":284488},{"id":71528,"n":"Fromage frais nature Bio Bio village - 8x100g","p":3.16,"u":"3,95 €/KG","img":"https://fd6-photos.leclercdrive.fr/image.ashx?id=2839950&use=l&cat=p&typeid=i","cat":284409},{"id":71531,"n":"Crème fraiche bio Bio village Epaisse - 30% MG  - 50cl","p":2.66,"u":"5,32 €/L","img":"https://fd6-photos.leclercdrive.fr/image.ashx?id=1975050&use=l&cat=p&typeid=i","cat":284381},{"id":71535,"n":"Pommes de terre NRT à l'échirlète - 600g","p":3.55,"u":"5,92 €/KG","img":"https://fd6-photos.leclercdrive.fr/image.ashx?id=2699855&use=l&cat=p&typeid=i","cat":319792},{"id":71546,"n":"Gaufrettes P'tit Déli Vanille - 110g","p":1.01,"u":"9,18 €/KG","img":"https://fd6-photos.leclercdrive.fr/image.ashx?id=2436023&use=l&cat=p&typeid=i","cat":284487},{"id":71553,"n":"Déodorant Manava Freesia Orchidée - 200ml","p":1.34,"u":"6,70 €/L","img":"https://fd6-photos.leclercdrive.fr/image.ashx?id=2656454&use=l&cat=p&typeid=i","cat":284595},{"id":71557,"n":"Mini sables P'tit Déli Chocolat au lait - 160g","p":1.89,"u":"11,81 €/KG","img":"https://fd6-photos.leclercdrive.fr/image.ashx?id=2323295&use=l&cat=p&typeid=i","cat":284488},{"id":71561,"n":"Palets P'tit Déli A la madeleine - 125g","p":1.15,"u":"9,20 €/KG","img":"https://fd6-photos.leclercdrive.fr/image.ashx?id=2693138&use=l&cat=p&typeid=i","cat":284487},{"id":71563,"n":"Mayonnaise Rustica A la moutarde de Dijon - 720g","p":2.45,"u":"3,40 €/KG","img":"https://fd6-photos.leclercdrive.fr/image.ashx?id=2954379&use=l&cat=p&typeid=i","cat":298295},{"id":71565,"n":"Pêches Douceur du Verger Sirop léger - 465g","p":1.62,"u":"3,48 €/KG","img":"https://fd6-photos.leclercdrive.fr/image.ashx?id=2666471&use=l&cat=p&typeid=i","cat":284507},{"id":71566,"n":"Sauce Soja Tables Du Monde 125ml","p":0.83,"u":"6,64 €/L","img":"https://fd6-photos.leclercdrive.fr/image.ashx?id=2679765&use=l&cat=p&typeid=i","cat":288992},{"id":71568,"n":"Sauce soja sucrée Table du monde - 125ml","p":0.83,"u":"6,64 €/L","img":"https://fd6-photos.leclercdrive.fr/image.ashx?id=2679762&use=l&cat=p&typeid=i","cat":288992},{"id":71570,"n":"Palmiers P'tit Déli Zestes Citron - 100g","p":0.86,"u":"8,60 €/KG","img":"https://fd6-photos.leclercdrive.fr/image.ashx?id=2331321&use=l&cat=p&typeid=i","cat":284487},{"id":71574,"n":"Gaufrettes P'tit Déli Chocolat noisette - 160g","p":1.54,"u":"9,63 €/KG","img":"https://fd6-photos.leclercdrive.fr/image.ashx?id=2915302&use=l&cat=p&typeid=i","cat":284488},{"id":71575,"n":"Test de grossesse Primoplast x1","p":0.74,"img":"https://fd6-photos.leclercdrive.fr/image.ashx?id=2832975&use=l&cat=p&typeid=i","cat":324482},{"id":71576,"n":"Recharge brosse Mamison 90 feuilles adhésives","p":3.0,"img":"https://fd6-photos.leclercdrive.fr/image.ashx?id=2744134&use=l&cat=p&typeid=i","cat":284669},{"id":71578,"n":"Crème lavante Manava Surgras - 300ml","p":1.12,"u":"3,73 €/L","img":"https://fd6-photos.leclercdrive.fr/image.ashx?id=2935513&use=l&cat=p&typeid=i","cat":284597},{"id":71579,"n":"Recharge crème lavante Manava Surgras - 250ml","p":0.66,"u":"2,64 €/L","img":"https://fd6-photos.leclercdrive.fr/image.ashx?id=2935516&use=l&cat=p&typeid=i","cat":284597},{"id":71580,"n":"Tampons digitaux Doulys Super+ x24","p":2.09,"u":"0,09 €/P","img":"https://fd6-photos.leclercdrive.fr/image.ashx?id=2965518&use=l&cat=p&typeid=i","cat":284626},{"id":71599,"n":"Bicarbonate de soude Clair 500g","p":1.5,"u":"3,00 €/KG","img":"https://fd6-photos.leclercdrive.fr/image.ashx?id=2822129&use=l&cat=p&typeid=i","cat":325365},{"id":71600,"n":"Champignons Notre Jardin Emincés, épais - 230g","p":1.43,"u":"6,22 €/KG","img":"https://fd6-photos.leclercdrive.fr/image.ashx?id=2553917&use=l&cat=p&typeid=i","cat":312610},{"id":71602,"n":"Change bébé Mots d'Enfants Nouveau né - T1 - 2/5kg - x23","p":2.36,"u":"0,10 €/P","img":"https://fd6-photos.leclercdrive.fr/image.ashx?id=2907225&use=l&cat=p&typeid=i","cat":284737},{"id":71627,"n":"Boisson végétale Bio Village Soja chocolat bio - 1l","p":1.5,"u":"1,50 €/L","img":"https://fd6-photos.leclercdrive.fr/image.ashx?id=2352240&use=l&cat=p&typeid=i","cat":316067},{"id":71629,"n":"Boisson végétale Bio Village Lait amande intense bio - 1l","p":2.39,"u":"2,39 €/L","img":"https://fd6-photos.leclercdrive.fr/image.ashx?id=2386185&use=l&cat=p&typeid=i","cat":316067},{"id":71655,"n":"Curry moulu Bio Village Bio - 37g","p":1.25,"u":"33,78 €/KG","img":"https://fd6-photos.leclercdrive.fr/image.ashx?id=2714989&use=l&cat=p&typeid=i","cat":298297},{"id":71700,"n":"Nappe damassée Homeside Rouge - 7m","p":2.96,"u":"0,42 €/MT","img":"https://fd6-photos.leclercdrive.fr/image.ashx?id=1659747&use=l&cat=p&typeid=i","cat":334134},{"id":72032,"n":"Bière blonde Affligem 6.7% vol -  Fût 5L","p":20.33,"u":"4,07 €/L","img":"https://fd6-photos.leclercdrive.fr/image.ashx?id=2672722&use=l&cat=p&typeid=i","cat":334879},{"id":72164,"n":"Soda au cola Pepsi Zéro sucres Le lot de 4x1.5L","p":4.62,"u":"0,77 €/L","img":"https://fd6-photos.leclercdrive.fr/image.ashx?id=2692560&use=l&cat=p&typeid=i","cat":284530},{"id":72721,"n":"Saucisson à l'ail  Hauts de France - 300g","p":3.67,"u":"12,23 €/KG","img":"https://fd6-photos.leclercdrive.fr/image.ashx?id=1893490&use=l&cat=p&typeid=i","cat":316006},{"id":72734,"n":"Pain de mie Schär - Céréales Sans gluten - 300g","p":3.49,"u":"11,63 €/KG","img":"https://fd6-photos.leclercdrive.fr/image.ashx?id=2659421&use=l&cat=p&typeid=i","cat":318654},{"id":72745,"n":"Lait céréales bébé Blédiner 6m Épinards soir - 2x250ml","p":2.01,"u":"4,02 €/L","img":"https://fd6-photos.leclercdrive.fr/image.ashx?id=2730052&use=l&cat=p&typeid=i","cat":312239},{"id":72750,"n":"Piccalilli Crown's 350g","p":1.8,"u":"5,14 €/KG","img":"https://fd6-photos.leclercdrive.fr/image.ashx?id=1568911&use=l&cat=p&typeid=i","cat":298298},{"id":72786,"n":"Bière blonde Pelforth Fût pression - 5L","p":15.83,"u":"3,17 €/L","img":"https://fd6-photos.leclercdrive.fr/image.ashx?id=2767249&use=l&cat=p&typeid=i","cat":334879},{"id":72789,"n":"Bière blonde Desperados Fût 5L","p":19.86,"u":"3,97 €/L","img":"https://fd6-photos.leclercdrive.fr/image.ashx?id=2983513&use=l&cat=p&typeid=i","cat":334879},{"id":72790,"n":"Caviar Baerii origine France  L'origine du goût - 20g","p":19.95,"u":"997,50 €/KG","img":"https://fd6-photos.leclercdrive.fr/image.ashx?id=2807324&use=l&cat=p&typeid=i","cat":285191},{"id":72791,"n":"Bière Desperados 3x33cl","p":4.33,"u":"4,37 €/L","img":"https://fd6-photos.leclercdrive.fr/image.ashx?id=2983120&use=l&cat=p&typeid=i","cat":334878},{"id":72894,"n":"Huile d'olive Rustica Vierge extra fruité - 75cl","p":7.99,"u":"10,65 €/L","img":"https://fd6-photos.leclercdrive.fr/image.ashx?id=2898029&use=l&cat=p&typeid=i","cat":284453},{"id":72932,"n":"Spaghetti bolognaise Côté Table 415g","p":2.03,"u":"4,89 €/KG","img":"https://fd6-photos.leclercdrive.fr/image.ashx?id=2977882&use=l&cat=p&typeid=i","cat":284442},{"id":72934,"n":"Sauce nuoc mam Tables du monde 125ml","p":0.91,"u":"7,28 €/L","img":"https://fd6-photos.leclercdrive.fr/image.ashx?id=2679771&use=l&cat=p&typeid=i","cat":288992},{"id":72976,"n":"Vaseline pure Mercurochrome 75ml","p":2.59,"u":"34,53 €/L","img":"https://fd6-photos.leclercdrive.fr/image.ashx?id=2663992&use=l&cat=p&typeid=i","cat":284630},{"id":72988,"n":"Eau Micellaire Biphase Garnier Maquillage Waterproof - 400ml","p":3.99,"u":"9,98 €/L","img":"https://fd6-photos.leclercdrive.fr/image.ashx?id=2286299&use=l&cat=p&typeid=i","cat":284603},{"id":73001,"n":"Blinis Ronde des mers x4 - 200g","p":1.25,"u":"6,25 €/KG","img":"https://fd6-photos.leclercdrive.fr/image.ashx?id=1919585&use=l&cat=p&typeid=i","cat":285191},{"id":73006,"n":"Sauce pour nems Tables du monde 125ml","p":0.99,"u":"7,92 €/L","img":"https://fd6-photos.leclercdrive.fr/image.ashx?id=2526306&use=l&cat=p&typeid=i","cat":288992},{"id":73064,"n":"Masque tissu hydratant Garnier Repulpant Grenade Hydrabomb","p":2.14,"img":"https://fd6-photos.leclercdrive.fr/image.ashx?id=2401583&use=l&cat=p&typeid=i","cat":325346},{"id":73084,"n":"Crème Hydratante Visage Mixa Peaux Sensibles - 100ml","p":2.73,"u":"27,30 €/L","img":"https://fd6-photos.leclercdrive.fr/image.ashx?id=2300749&use=l&cat=p&typeid=i","cat":325345},{"id":73097,"n":"Anneaux de calamars panés Costa - 400g","p":5.29,"u":"13,23 €/KG","img":"https://fd6-photos.leclercdrive.fr/image.ashx?id=2092292&use=l&cat=p&typeid=i","cat":319788},{"id":73346,"n":"Apéritif de nos régions 26 pièces - 320g","p":5.77,"u":"18,03 €/KG","img":"https://fd6-photos.leclercdrive.fr/image.ashx?id=1988262&use=l&cat=p&typeid=i","cat":319774},{"id":73347,"n":"Apéritif de nos régions Fromager, 20 pièces, 250g","p":5.54,"u":"22,16 €/KG","img":"https://fd6-photos.leclercdrive.fr/image.ashx?id=1566898&use=l&cat=p&typeid=i","cat":319774},{"id":73348,"n":"Apéritif de nos régions A l'italienne, 22 pièces - 220g","p":5.88,"u":"26,73 €/KG","img":"https://fd6-photos.leclercdrive.fr/image.ashx?id=1567240&use=l&cat=p&typeid=i","cat":319774},{"id":73349,"n":"Apéritif de nos régions Provençale, 26 pièces - 320g","p":5.82,"u":"18,19 €/KG","img":"https://fd6-photos.leclercdrive.fr/image.ashx?id=1565353&use=l&cat=p&typeid=i","cat":319774},{"id":73697,"n":"Compote Allégée en sucres Eco+ Bocal pomme - 720g","p":0.85,"u":"1,18 €/KG","img":"https://fd6-photos.leclercdrive.fr/image.ashx?id=2953185&use=l&cat=p&typeid=i","cat":284508},{"id":73700,"n":"AOC Cadillac Côte de Bordeaux Château Latour Camblanes - 75cl","p":6.91,"u":"9,21 €/L","img":"https://fd6-photos.leclercdrive.fr/image.ashx?id=2490227&use=l&cat=p&typeid=i","cat":289556},{"id":73703,"n":"Marbré Eco+ Parfum chocolat - 600g","p":2.34,"u":"3,90 €/KG","img":"https://fd6-photos.leclercdrive.fr/image.ashx?id=1978314&use=l&cat=p&typeid=i","cat":294776},{"id":73705,"n":"AOC Bourgogne Pinot Noir Couvent des Visitandines - 75cl","p":7.29,"u":"9,72 €/L","img":"https://fd6-photos.leclercdrive.fr/image.ashx?id=2870221&use=l&cat=p&typeid=i","cat":289556},{"id":73706,"n":"Riz basmati Eco+ 1kg","p":2.01,"u":"2,01 €/KG","img":"https://fd6-photos.leclercdrive.fr/image.ashx?id=2141651&use=l&cat=p&typeid=i","cat":284428},{"id":73715,"n":"Vin blanc AOC Bourgogne Aligoté Couvent des Visitandines - 75cl","p":6.15,"u":"8,20 €/L","img":"https://fd6-photos.leclercdrive.fr/image.ashx?id=2955294&use=l&cat=p&typeid=i","cat":289557},{"id":73717,"n":"Pommes de terre Eco+ 530g","p":1.15,"u":"2,17 €/KG","img":"https://fd6-photos.leclercdrive.fr/image.ashx?id=2473186&use=l&cat=p&typeid=i","cat":312612},{"id":73727,"n":"Bouchées pour chats  Eco+ Boeuf poulet légumes - 410g","p":0.79,"u":"1,93 €/KG","img":"https://fd6-photos.leclercdrive.fr/image.ashx?id=1292464&use=l&cat=p&typeid=i","cat":285601},{"id":73729,"n":"Tartelettes à la fraise Eco+ x12 - 200g","p":0.8,"u":"4,00 €/KG","img":"https://fd6-photos.leclercdrive.fr/image.ashx?id=2869757&use=l&cat=p&typeid=i","cat":284489},{"id":73732,"n":"Gel WC javel Eco+ 750ml","p":0.57,"u":"0,76 €/L","img":"https://fd6-photos.leclercdrive.fr/image.ashx?id=2768074&use=l&cat=p&typeid=i","cat":284662},{"id":73735,"n":"Café moulu Eco+ Pur arabica - 500g","p":6.44,"u":"12,88 €/KG","img":"https://fd6-photos.leclercdrive.fr/image.ashx?id=2843578&use=l&cat=p&typeid=i","cat":284750},{"id":73781,"n":"Maïs doux Eco+ 285g","p":0.78,"u":"2,74 €/KG","img":"https://fd6-photos.leclercdrive.fr/image.ashx?id=3003738&use=l&cat=p&typeid=i","cat":312611},{"id":73783,"n":"Cocktail 4 fruits Eco+ Sirop léger - 500 g","p":1.66,"u":"3,32 €/KG","img":"https://fd6-photos.leclercdrive.fr/image.ashx?id=2783011&use=l&cat=p&typeid=i","cat":284507},{"id":73788,"n":"Coffret degustation La goudale 4 x 33cl + verre + 3 sous bock","p":7.9,"u":"5,98 €/L","img":"https://fd6-photos.leclercdrive.fr/image.ashx?id=2904769&use=l&cat=p&typeid=i","cat":334852},{"id":73790,"n":"Café soluble Eco+ 200g","p":3.47,"u":"17,35 €/KG","img":"https://fd6-photos.leclercdrive.fr/image.ashx?id=1654429&use=l&cat=p&typeid=i","cat":284843},{"id":73791,"n":"Chips nature Eco+ 200g","p":1.0,"u":"5,00 €/KG","img":"https://fd6-photos.leclercdrive.fr/image.ashx?id=2943596&use=l&cat=p&typeid=i","cat":284447},{"id":73793,"n":"Goûters ronds Eco+ Fourrés chocolat - 500g","p":1.35,"u":"2,70 €/KG","img":"https://fd6-photos.leclercdrive.fr/image.ashx?id=2222751&use=l&cat=p&typeid=i","cat":284488},{"id":73797,"n":"Pâtes Eco+ Macaroni - 1kg","p":0.99,"u":"0,99 €/KG","img":"https://fd6-photos.leclercdrive.fr/image.ashx?id=2887395&use=l&cat=p&typeid=i","cat":284427},{"id":73798,"n":"Pâtes Eco+ Coquillettes - 1kg","p":1.01,"u":"1,01 €/KG","img":"https://fd6-photos.leclercdrive.fr/image.ashx?id=2885723&use=l&cat=p&typeid=i","cat":284427},{"id":73799,"n":"Pâtes Eco+ Torsades - 1kg","p":1.0,"u":"1,00 €/KG","img":"https://fd6-photos.leclercdrive.fr/image.ashx?id=2885726&use=l&cat=p&typeid=i","cat":284427},{"id":73800,"n":"Dosettes café Eco+ 100% arabica - x48 - 336g","p":4.32,"u":"12,86 €/KG","img":"https://fd6-photos.leclercdrive.fr/image.ashx?id=2711586&use=l&cat=p&typeid=i","cat":293238},{"id":73801,"n":"Dosettes café Eco+ 100% Robusta - x48 - 336g","p":4.09,"u":"12,17 €/KG","img":"https://fd6-photos.leclercdrive.fr/image.ashx?id=2800222&use=l&cat=p&typeid=i","cat":293238},{"id":73802,"n":"Riz soufflé Eco+ Au chocolat au lait - 750g","p":2.71,"u":"3,61 €/KG","img":"https://fd6-photos.leclercdrive.fr/image.ashx?id=2693096&use=l&cat=p&typeid=i","cat":309513},{"id":73803,"n":"Shampooing aux oeufs Eco+ 750ml","p":0.53,"u":"0,71 €/L","img":"https://fd6-photos.leclercdrive.fr/image.ashx?id=2779178&use=l&cat=p&typeid=i","cat":284606},{"id":73805,"n":"Biscuit fourré cacao Eco+ x12 - 225g","p":0.93,"u":"4,13 €/KG","img":"https://fd6-photos.leclercdrive.fr/image.ashx?id=2834223&use=l&cat=p&typeid=i","cat":284488},{"id":73806,"n":"Eau de javel Eco+ 3x250ml","p":0.48,"u":"0,64 €/L","img":"https://fd6-photos.leclercdrive.fr/image.ashx?id=2579961&use=l&cat=p&typeid=i","cat":284661},{"id":73807,"n":"Carré coton bébé Eco+ x60","p":0.99,"u":"0,02 €/P","img":"https://fd6-photos.leclercdrive.fr/image.ashx?id=2987634&use=l&cat=p&typeid=i","cat":284739},{"id":73817,"n":"Mister Cocktail sans alcool Mojito - 75cl","p":3.24,"u":"4,32 €/L","img":"https://fd6-photos.leclercdrive.fr/image.ashx?id=2999886&use=l&cat=p&typeid=i","cat":284549},{"id":73818,"n":"Mister Cocktail sans alcool Planteur créole - 75cl","p":3.87,"u":"5,16 €/L","img":"https://fd6-photos.leclercdrive.fr/image.ashx?id=2962230&use=l&cat=p&typeid=i","cat":284549},{"id":73819,"n":"Mister Cocktail sans alcool Rosé pamplemousse - 75cl","p":3.23,"u":"4,31 €/L","img":"https://fd6-photos.leclercdrive.fr/image.ashx?id=2962224&use=l&cat=p&typeid=i","cat":284549},{"id":73820,"n":"Mister Cocktail sans alcool Sangria - 75cl","p":3.24,"u":"4,32 €/L","img":"https://fd6-photos.leclercdrive.fr/image.ashx?id=2962227&use=l&cat=p&typeid=i","cat":284551},{"id":73827,"n":"Spécialité au beurre Escal Ail et persil - 63% MG - 250g","p":4.44,"u":"17,76 €/KG","img":"https://fd6-photos.leclercdrive.fr/image.ashx?id=1598823&use=l&cat=p&typeid=i","cat":319804},{"id":73956,"n":"Essuie tout Original N°1 Okay Décoré - x6 rouleaux","p":4.06,"u":"0,68 €/P","img":"https://fd6-photos.leclercdrive.fr/image.ashx?id=2893093&use=l&cat=p&typeid=i","cat":284635},{"id":73957,"n":"Essuie tout Original N°1 Okay Blanc - x6 rouleaux","p":4.42,"u":"0,74 €/P","img":"https://fd6-photos.leclercdrive.fr/image.ashx?id=2981346&use=l&cat=p&typeid=i","cat":284635},{"id":74047,"n":"Parmentier de porc Eco+ 1kg","p":2.6,"u":"2,60 €/KG","img":"https://fd6-photos.leclercdrive.fr/image.ashx?id=2774885&use=l&cat=p&typeid=i","cat":284254},{"id":74048,"n":"Lasagnes à la bolognaise Eco + 1kg","p":2.54,"u":"2,54 €/KG","img":"https://fd6-photos.leclercdrive.fr/image.ashx?id=2779166&use=l&cat=p&typeid=i","cat":284254},{"id":74089,"n":"Batonnets Poissons panés Eco+ x15 - 450g","p":1.6,"u":"3,56 €/KG","img":"https://fd6-photos.leclercdrive.fr/image.ashx?id=2843565&use=l&cat=p&typeid=i","cat":319788},{"id":74090,"n":"Nectar Multifruits Eco+ Brique - 2L","p":1.38,"u":"0,69 €/L","img":"https://fd6-photos.leclercdrive.fr/image.ashx?id=2751853&use=l&cat=p&typeid=i","cat":284917},{"id":74091,"n":"Mozzarella Eco+ 18%mg - 125g","p":0.76,"u":"6,08 €/KG","img":"https://fd6-photos.leclercdrive.fr/image.ashx?id=2754868&use=l&cat=p&typeid=i","cat":314026},{"id":74094,"n":"Paella Eco+ Sachet - 1kg","p":3.59,"u":"3,59 €/KG","img":"https://fd6-photos.leclercdrive.fr/image.ashx?id=2801771&use=l&cat=p&typeid=i","cat":284254},{"id":74101,"n":"Saucisson sec Eco+ 200g","p":1.73,"u":"8,65 €/KG","img":"https://fd6-photos.leclercdrive.fr/image.ashx?id=2244808&use=l&cat=p&typeid=i","cat":316006},{"id":74105,"n":"Pur jus d'orange Eco  1.5L","p":2.46,"u":"1,64 €/L","img":"https://fd6-photos.leclercdrive.fr/image.ashx?id=2720136&use=l&cat=p&typeid=i","cat":284521},{"id":74110,"n":"Chorizo doux Eco+ 250g","p":1.66,"u":"6,64 €/KG","img":"https://fd6-photos.leclercdrive.fr/image.ashx?id=2076783&use=l&cat=p&typeid=i","cat":316006},{"id":74112,"n":"Pommes frites Eco+ 1kg","p":1.68,"u":"1,68 €/KG","img":"https://fd6-photos.leclercdrive.fr/image.ashx?id=2958302&use=l&cat=p&typeid=i","cat":319791},{"id":74114,"n":"Eau de source Eco+ 12x50cl","p":1.61,"u":"0,27 €/L","img":"https://fd6-photos.leclercdrive.fr/image.ashx?id=2991416&use=l&cat=p&typeid=i","cat":284535},{"id":74115,"n":"Petit Brie Eco+ 32%mg - 500g","p":3.39,"u":"6,78 €/KG","img":"https://fd6-photos.leclercdrive.fr/image.ashx?id=2938403&use=l&cat=p&typeid=i","cat":314033},{"id":74116,"n":"Bière blonde de luxe 4% - 50cl","p":0.57,"u":"1,14 €/L","img":"https://fd6-photos.leclercdrive.fr/image.ashx?id=2955629&use=l&cat=p&typeid=i","cat":334853},{"id":74123,"n":"Citron jaune Rustica 200ml","p":0.79,"u":"3,95 €/L","img":"https://fd6-photos.leclercdrive.fr/image.ashx?id=2627652&use=l&cat=p&typeid=i","cat":288383},{"id":74124,"n":"Citron vert Rustica 200ml","p":0.89,"u":"4,45 €/L","img":"https://fd6-photos.leclercdrive.fr/image.ashx?id=2053881&use=l&cat=p&typeid=i","cat":288383},{"id":74133,"n":"Bâtonnets de Surimi Pêche Océan MSC - x18 bâtonnets - 300g","p":2.05,"u":"6,83 €/KG","img":"https://fd6-photos.leclercdrive.fr/image.ashx?id=2981894&use=l&cat=p&typeid=i","cat":285189},{"id":74171,"n":"Jambon fumé Bleu Blanc Coeur Eleveurs Hauts de France - 2tr.","p":2.23,"u":"22,30 €/KG","img":"https://fd6-photos.leclercdrive.fr/image.ashx?id=1906150&use=l&cat=p&typeid=i","cat":316009},{"id":74174,"n":"Jambon blanc BBC 2 tranches Eleveurs des Hauts de France","p":2.29,"u":"22,90 €/KG","img":"https://fd6-photos.leclercdrive.fr/image.ashx?id=1906147&use=l&cat=p&typeid=i","cat":316009},{"id":74284,"n":"Brocolis bio Bio Village 500g","p":2.49,"u":"4,98 €/KG","img":"https://fd6-photos.leclercdrive.fr/image.ashx?id=2960547&use=l&cat=p&typeid=i","cat":284352},{"id":74326,"n":"Crèpes fourrées P'tit Déli Chocolat noisettes - 256g","p":1.99,"u":"7,77 €/KG","img":"https://fd6-photos.leclercdrive.fr/image.ashx?id=2453195&use=l&cat=p&typeid=i","cat":284494},{"id":74340,"n":"Jambon le gourmet Madrange A l'os - x4 - 160g","p":3.06,"u":"19,13 €/KG","img":"https://fd6-photos.leclercdrive.fr/image.ashx?id=3008206&use=l&cat=p&typeid=i","cat":316009},{"id":74344,"n":"Shampooing Naturé Moi Nourrissant - 250ml","p":2.23,"u":"8,92 €/L","img":"https://fd6-photos.leclercdrive.fr/image.ashx?id=2741472&use=l&cat=p&typeid=i","cat":284606},{"id":74381,"n":"Mousse de canard Madrange Au porto - 180g","p":1.67,"u":"9,28 €/KG","img":"https://fd6-photos.leclercdrive.fr/image.ashx?id=2865704&use=l&cat=p&typeid=i","cat":316008},{"id":74613,"n":"Pomme de terre rouge 2.5kg","p":1.75,"u":"0,70 €/KG","img":"https://fd6-photos.leclercdrive.fr/image.ashx?id=1632791&use=l&cat=p&typeid=i","cat":284352},{"id":74656,"n":"Croquettes chien Purina One Medium adulte poulet riz  2.5kg","p":8.2,"u":"3,28 €/KG","img":"https://fd6-photos.leclercdrive.fr/image.ashx?id=2878384&use=l&cat=p&typeid=i","cat":284672},{"id":74857,"n":"Gateaux P'tit Déli Tout chocolat x7 - 210g","p":2.2,"u":"10,48 €/KG","img":"https://fd6-photos.leclercdrive.fr/image.ashx?id=1947372&use=l&cat=p&typeid=i","cat":294776},{"id":74860,"n":"Champignons Notre Jardin A la grecque - 400g","p":1.56,"u":"3,90 €/KG","img":"https://fd6-photos.leclercdrive.fr/image.ashx?id=2531101&use=l&cat=p&typeid=i","cat":312610},{"id":74999,"n":"Filet mignon de porc Ecrasé de pommes de terre 300g","p":3.02,"u":"10,07 €/KG","img":"https://fd6-photos.leclercdrive.fr/image.ashx?id=2962335&use=l&cat=p&typeid=i","cat":284953},{"id":75151,"n":"AOC Crémant de Bourgogne Rosé Couvent des Visitandines - 75cl","p":8.7,"pp":6.09,"u":"8,12 €/L","img":"https://fd6-photos.leclercdrive.fr/image.ashx?id=2549477&use=l&cat=p&typeid=i","cat":284544},{"id":75152,"n":"AOC Crémant de Bourgogne brut Couvent des Visitandines - 75cl","p":8.7,"pp":6.09,"u":"8,12 €/L","img":"https://fd6-photos.leclercdrive.fr/image.ashx?id=2553599&use=l&cat=p&typeid=i","cat":284544},{"id":75226,"n":"La Frite du Nord McCain 2,080kg","p":5.2,"u":"2,50 €/KG","img":"https://fd6-photos.leclercdrive.fr/image.ashx?id=2737912&use=l&cat=p&typeid=i","cat":319791},{"id":75337,"n":"Café en grains Méo L'original Bio - 500g","p":8.82,"u":"17,64 €/KG","img":"https://fd6-photos.leclercdrive.fr/image.ashx?id=2798533&use=l&cat=p&typeid=i","cat":293237},{"id":75349,"n":"Thé noir Bio Clipper Earl Grey - 20 sachets - 40g","p":2.32,"u":"58,00 €/KG","img":"https://fd6-photos.leclercdrive.fr/image.ashx?id=2922086&use=l&cat=p&typeid=i","cat":293233},{"id":75359,"n":"Soupe mouliné bio Knorr Tomates oignons et herbes - 1L","p":3.32,"u":"3,32 €/L","img":"https://fd6-photos.leclercdrive.fr/image.ashx?id=2312949&use=l&cat=p&typeid=i","cat":284462},{"id":75539,"n":"Saucisse cockail Tradilege Bacon - 300g","p":2.82,"u":"9,40 €/KG","img":"https://fd6-photos.leclercdrive.fr/image.ashx?id=2930784&use=l&cat=p&typeid=i","cat":316012},{"id":75557,"n":"Tablette de chocolat noir Lindt Praliné Noisettes - 225g","p":4.34,"u":"19,29 €/KG","img":"https://fd6-photos.leclercdrive.fr/image.ashx?id=2606912&use=l&cat=p&typeid=i","cat":284956},{"id":75595,"n":"Courge butternut bio Bio Village - x1","p":2.59,"img":"https://fd6-photos.leclercdrive.fr/image.ashx?id=2645759&use=l&cat=p&typeid=i","cat":284352},{"id":75603,"n":"Effilés poissons Plénina Chat adulte - 4x85g","p":1.56,"u":"4,59 €/KG","img":"https://fd6-photos.leclercdrive.fr/image.ashx?id=2302256&use=l&cat=p&typeid=i","cat":285286},{"id":75604,"n":"Effilés viandes Plénima  Chat adulte - 4x85g","p":1.56,"u":"4,59 €/KG","img":"https://fd6-photos.leclercdrive.fr/image.ashx?id=2361122&use=l&cat=p&typeid=i","cat":285286},{"id":75605,"n":"Effilés chat adulte Plénima Viandes, Poissons - 12x85g","p":4.84,"u":"4,75 €/KG","img":"https://fd6-photos.leclercdrive.fr/image.ashx?id=2361125&use=l&cat=p&typeid=i","cat":285286},{"id":75629,"n":"Liégeois chocolat Bio Bio village - 4x100g","p":1.89,"u":"4,73 €/KG","img":"https://fd6-photos.leclercdrive.fr/image.ashx?id=2992639&use=l&cat=p&typeid=i","cat":285042},{"id":75630,"n":"Liégéois Bio Bio Village Café - 4x100g","p":1.89,"u":"4,73 €/KG","img":"https://fd6-photos.leclercdrive.fr/image.ashx?id=2992642&use=l&cat=p&typeid=i","cat":285042},{"id":75976,"n":"Potimarron bio Bio Village 1p","p":2.69,"img":"https://fd6-photos.leclercdrive.fr/image.ashx?id=2645765&use=l&cat=p&typeid=i","cat":284352},{"id":75984,"n":"Crevettes Bio Bio Village 100g","p":3.28,"u":"32,80 €/KG","img":"https://fd6-photos.leclercdrive.fr/image.ashx?id=2121564&use=l&cat=p&typeid=i","cat":284343},{"id":75986,"n":"Pizza Feu de bois Bio Village Bio Margharita - 350g","p":3.29,"u":"9,40 €/KG","img":"https://fd6-photos.leclercdrive.fr/image.ashx?id=2943668&use=l&cat=p&typeid=i","cat":284256},{"id":76008,"n":"Chocolat au lait Lindt Création La Crème brûlée - 150g","p":3.06,"u":"20,40 €/KG","img":"https://fd6-photos.leclercdrive.fr/image.ashx?id=2685802&use=l&cat=p&typeid=i","cat":284497},{"id":76011,"n":"Chocolat noir Lindt Création Le Rocher noir - 150g","p":3.06,"u":"20,40 €/KG","img":"https://fd6-photos.leclercdrive.fr/image.ashx?id=2685808&use=l&cat=p&typeid=i","cat":284956},{"id":76015,"n":"Biscuit Speculoos Lotus Biscoff Original - 250g (2x125g)","p":1.52,"u":"6,08 €/KG","img":"https://fd6-photos.leclercdrive.fr/image.ashx?id=2854735&use=l&cat=p&typeid=i","cat":284487},{"id":76018,"n":"Biscuit spéculoos Lotus  Biscoff Original 140g","p":1.1,"u":"7,86 €/KG","img":"https://fd6-photos.leclercdrive.fr/image.ashx?id=2696079&use=l&cat=p&typeid=i","cat":284487},{"id":76024,"n":"Pain de mie seigle Epi d'Or 800g","p":2.6,"u":"3,25 €/KG","img":"https://fd6-photos.leclercdrive.fr/image.ashx?id=2209285&use=l&cat=p&typeid=i","cat":284477},{"id":76025,"n":"Cookies chocolat Eco+ Pépites de chocolat - 200g","p":0.97,"u":"4,85 €/KG","img":"https://fd6-photos.leclercdrive.fr/image.ashx?id=2821872&use=l&cat=p&typeid=i","cat":325066},{"id":76026,"n":"Biscuit tablette Eco+ Chocolat noir - 150g","p":1.07,"u":"7,13 €/KG","img":"https://fd6-photos.leclercdrive.fr/image.ashx?id=2698135&use=l&cat=p&typeid=i","cat":284488},{"id":76119,"n":"Secret de mousse La Laitière Chocolat au lait - 4x59g","p":1.47,"u":"6,23 €/KG","img":"https://fd6-photos.leclercdrive.fr/image.ashx?id=2729740&use=l&cat=p&typeid=i","cat":284417},{"id":76120,"n":"Secret de mousse la Laitière Chocolat noir - 4x59g","p":1.49,"u":"6,31 €/KG","img":"https://fd6-photos.leclercdrive.fr/image.ashx?id=2616835&use=l&cat=p&typeid=i","cat":284417},{"id":76211,"n":"L'ours d'or Haribo Sachet bonbons - 300g","p":1.81,"u":"6,03 €/KG","img":"https://fd6-photos.leclercdrive.fr/image.ashx?id=2805201&use=l&cat=p&typeid=i","cat":304250},{"id":76212,"n":"Tutti Candi Haribo Sachet bonbons - 250g","p":1.82,"u":"7,28 €/KG","img":"https://fd6-photos.leclercdrive.fr/image.ashx?id=2984910&use=l&cat=p&typeid=i","cat":304250},{"id":76214,"n":"Chamallows Choco Haribo Sachet bonbons guimauve - 160g","p":1.98,"u":"12,38 €/KG","img":"https://fd6-photos.leclercdrive.fr/image.ashx?id=2984919&use=l&cat=p&typeid=i","cat":304250},{"id":76219,"n":"Cannelloni Côté Table 800g","p":2.99,"u":"3,74 €/KG","img":"https://fd6-photos.leclercdrive.fr/image.ashx?id=2977897&use=l&cat=p&typeid=i","cat":284442},{"id":76220,"n":"Raviolis Côté Table Aux 6 légumes - 800g","p":2.29,"u":"2,86 €/KG","img":"https://fd6-photos.leclercdrive.fr/image.ashx?id=2977903&use=l&cat=p&typeid=i","cat":284442},{"id":76221,"n":"Pur jus Bio Village Bio Citron Sicile - 25cl","p":1.29,"u":"5,16 €/L","img":"https://fd6-photos.leclercdrive.fr/image.ashx?id=3010446&use=l&cat=p&typeid=i","cat":288383},{"id":76224,"n":"Maoam Stripes Haribo Sachet bonbons - 250g","p":2.06,"u":"8,24 €/KG","img":"https://fd6-photos.leclercdrive.fr/image.ashx?id=2953561&use=l&cat=p&typeid=i","cat":304250},{"id":76226,"n":"Tartiflette Côté Table 800g","p":2.83,"u":"3,54 €/KG","img":"https://fd6-photos.leclercdrive.fr/image.ashx?id=2977879&use=l&cat=p&typeid=i","cat":284441},{"id":76272,"n":"Lasagnes bolognaises Côté Table Viande de boeuf français - 600g","p":2.99,"u":"4,98 €/KG","img":"https://fd6-photos.leclercdrive.fr/image.ashx?id=2597324&use=l&cat=p&typeid=i","cat":284254},{"id":76313,"n":"Hygiène parfaite Dr Beckmann Lave-linge - 250g","p":2.8,"u":"11,20 €/KG","img":"https://fd6-photos.leclercdrive.fr/image.ashx?id=2569821&use=l&cat=p&typeid=i","cat":284653},{"id":76321,"n":"Assortiment crackers Tokapi 4x85g","p":2.76,"u":"8,12 €/KG","img":"https://fd6-photos.leclercdrive.fr/image.ashx?id=1926993&use=l&cat=p&typeid=i","cat":297000},{"id":76358,"n":"Prosecco zonin brut blanc  75cl","p":6.5,"pp":4.29,"u":"5,72 €/L","img":"https://fd6-photos.leclercdrive.fr/image.ashx?id=2507131&use=l&cat=p&typeid=i","cat":289461},{"id":76360,"n":"Soda Schweppes Indian Tonic - 1L","p":1.66,"u":"1,66 €/L","img":"https://fd6-photos.leclercdrive.fr/image.ashx?id=2852399&use=l&cat=p&typeid=i","cat":284531},{"id":76397,"n":"Tablette chocolat au lait Lindt Noisettes 34% - 150g","p":3.88,"u":"25,87 €/KG","img":"https://fd6-photos.leclercdrive.fr/image.ashx?id=1877960&use=l&cat=p&typeid=i","cat":284497},{"id":76398,"n":"Tablette de chocolat noir Lindt Amandes / Fleur de sel - 150g","p":3.7,"u":"24,67 €/KG","img":"https://fd6-photos.leclercdrive.fr/image.ashx?id=2382992&use=l&cat=p&typeid=i","cat":284956},{"id":76454,"n":"Dos de Colin d'Alaska Findus MSC - x6 - 660g","p":8.67,"u":"13,14 €/KG","img":"https://fd6-photos.leclercdrive.fr/image.ashx?id=2735341&use=l&cat=p&typeid=i","cat":319786},{"id":76487,"n":"Plaisir aux Noix  Lenôtre - 410g","p":7.51,"u":"18,32 €/KG","img":"https://fd6-photos.leclercdrive.fr/image.ashx?id=2807750&use=l&cat=p&typeid=i","cat":284267},{"id":76501,"n":"Chips Tortilla Old El Paso Nachips - 185g","p":2.26,"u":"12,22 €/KG","img":"https://fd6-photos.leclercdrive.fr/image.ashx?id=2444519&use=l&cat=p&typeid=i","cat":288993},{"id":76515,"n":"AOP Petit-Chablis blanc Union Vignerons - 75 cl","p":9.99,"u":"13,32 €/L","img":"https://fd6-photos.leclercdrive.fr/image.ashx?id=2417884&use=l&cat=p&typeid=i","cat":289557},{"id":76687,"n":"Citronnade pétillante Pulco Citron - 1L","p":1.99,"u":"1,99 €/L","img":"https://fd6-photos.leclercdrive.fr/image.ashx?id=2850482&use=l&cat=p&typeid=i","cat":284532},{"id":76719,"n":"Serviette papier Aqua Homeside Triple épaisseur 40x40cm - x20","p":1.39,"u":"0,07 €/P","img":"https://fd6-photos.leclercdrive.fr/image.ashx?id=2711710&use=l&cat=p&typeid=i","cat":334134},{"id":76725,"n":"Serviette papier Rouge Homeside Triple épaisseur 40x40cm - x20","p":1.39,"u":"0,07 €/P","img":"https://fd6-photos.leclercdrive.fr/image.ashx?id=1659735&use=l&cat=p&typeid=i","cat":334134},{"id":76732,"n":"Yaourt allégé Sveltesse  Chocolat - 4x125g","p":1.58,"u":"3,16 €/KG","img":"https://fd6-photos.leclercdrive.fr/image.ashx?id=2571020&use=l&cat=p&typeid=i","cat":315000},{"id":76780,"n":"Eau micellaire Mixa  Bio peaux sensibles - 200ml","p":3.41,"u":"17,05 €/L","img":"https://fd6-photos.leclercdrive.fr/image.ashx?id=2421853&use=l&cat=p&typeid=i","cat":284603},{"id":76783,"n":"Eau de Toilette Femme Eau Jeune Echappée Belle - 75ml","p":6.51,"u":"86,80 €/L","img":"https://fd6-photos.leclercdrive.fr/image.ashx?id=2458745&use=l&cat=p&typeid=i","cat":291525},{"id":76802,"n":"Biscuits cacao Kinder Cards Au lait et au cacao x5 - 128g","p":1.88,"u":"14,69 €/KG","img":"https://fd6-photos.leclercdrive.fr/image.ashx?id=2673328&use=l&cat=p&typeid=i","cat":284488},{"id":76859,"n":"Pâté de boeuf pour chat Eco+ Barquette - 100g","p":0.24,"u":"2,40 €/KG","img":"https://fd6-photos.leclercdrive.fr/image.ashx?id=2052724&use=l&cat=p&typeid=i","cat":285286},{"id":76861,"n":"Pâté au poisson pour chat Eco+ Barquette - 100g","p":0.24,"u":"2,40 €/KG","img":"https://fd6-photos.leclercdrive.fr/image.ashx?id=2052742&use=l&cat=p&typeid=i","cat":285286},{"id":76862,"n":"Snacks chats Plénima Viande - 50g","p":1.19,"u":"23,80 €/KG","img":"https://fd6-photos.leclercdrive.fr/image.ashx?id=2049079&use=l&cat=p&typeid=i","cat":285285},{"id":76863,"n":"Snacks chats Plénima Poisson - 50g","p":1.19,"u":"23,80 €/KG","img":"https://fd6-photos.leclercdrive.fr/image.ashx?id=2049082&use=l&cat=p&typeid=i","cat":285285},{"id":76864,"n":"Gelée Bonne Maman Mûres - 370g","p":2.61,"u":"7,05 €/KG","img":"https://fd6-photos.leclercdrive.fr/image.ashx?id=2476305&use=l&cat=p&typeid=i","cat":284480},{"id":76870,"n":"Sachet fraîcheur chien Pedigree  Mixte en gelée - 12x100g","p":5.31,"u":"4,43 €/KG","img":"https://fd6-photos.leclercdrive.fr/image.ashx?id=2870239&use=l&cat=p&typeid=i","cat":284673},{"id":76875,"n":"Confiture Bonne Maman Fraise intense - 335g","p":1.95,"u":"5,82 €/KG","img":"https://fd6-photos.leclercdrive.fr/image.ashx?id=2341008&use=l&cat=p&typeid=i","cat":284480},{"id":76876,"n":"Confiture Bonne Maman Abricot intense - 335g","p":1.99,"u":"5,94 €/KG","img":"https://fd6-photos.leclercdrive.fr/image.ashx?id=2341011&use=l&cat=p&typeid=i","cat":284480},{"id":76877,"n":"Confiture Bonne Maman Framboise intense - 335g","p":2.6,"u":"7,76 €/KG","img":"https://fd6-photos.leclercdrive.fr/image.ashx?id=2341017&use=l&cat=p&typeid=i","cat":284480},{"id":76878,"n":"Confiture Bonne Maman Fruits rouges intense - 335g","p":2.13,"u":"6,36 €/KG","img":"https://fd6-photos.leclercdrive.fr/image.ashx?id=2900977&use=l&cat=p&typeid=i","cat":284480},{"id":76880,"n":"Confiture Bonne Maman Myrtille intense - 335g","p":2.48,"u":"7,40 €/KG","img":"https://fd6-photos.leclercdrive.fr/image.ashx?id=2341020&use=l&cat=p&typeid=i","cat":284480},{"id":76882,"n":"Sachet chat stérilisé Perfect Fit poulet boeuf sauce - 4x85g","p":2.73,"u":"8,03 €/KG","img":"https://fd6-photos.leclercdrive.fr/image.ashx?id=2759721&use=l&cat=p&typeid=i","cat":285286},{"id":76883,"n":"Sachet chat stérilisé Perfect Fit poissons sauce - 4x85g","p":2.68,"u":"7,88 €/KG","img":"https://fd6-photos.leclercdrive.fr/image.ashx?id=2759724&use=l&cat=p&typeid=i","cat":285286},{"id":76886,"n":"Sachet chat stérilisé Perfect  Fit poulet saumon sauce - 4x85g","p":2.76,"u":"8,12 €/KG","img":"https://fd6-photos.leclercdrive.fr/image.ashx?id=2759727&use=l&cat=p&typeid=i","cat":285286},{"id":76887,"n":"Friandises chien Pedigree  Récompense poulet canard - 130g","p":1.45,"u":"11,15 €/KG","img":"https://fd6-photos.leclercdrive.fr/image.ashx?id=2985555&use=l&cat=p&typeid=i","cat":294527},{"id":76888,"n":"Compotes Pom'Potes Gourdes  Multivariétés - 12x90g","p":4.98,"u":"4,61 €/KG","img":"https://fd6-photos.leclercdrive.fr/image.ashx?id=2986143&use=l&cat=p&typeid=i","cat":284508},{"id":76889,"n":"Compotes Pom'Potes Gourdes  Pomme Nature - 20x90g","p":7.25,"u":"4,03 €/KG","img":"https://fd6-photos.leclercdrive.fr/image.ashx?id=2889220&use=l&cat=p&typeid=i","cat":284508},{"id":76893,"n":"Gousse vanille bourbon Vahiné De Madagascar Bio - x1","p":5.35,"img":"https://fd6-photos.leclercdrive.fr/image.ashx?id=2559847&use=l&cat=p&typeid=i","cat":284504},{"id":77005,"n":"Haricots verts Rochefontaine Extra fin bocal carré bio 180g","p":2.3,"u":"12,78 €/KG","img":"https://fd6-photos.leclercdrive.fr/image.ashx?id=2985102&use=l&cat=p&typeid=i","cat":312606},{"id":77008,"n":"Petits pains grillés Epi d'Or Briochés - 225g","p":1.45,"u":"6,44 €/KG","img":"https://fd6-photos.leclercdrive.fr/image.ashx?id=2496416&use=l&cat=p&typeid=i","cat":284479},{"id":77010,"n":"Lait concentré sucré Nestlé 8% MG - 397g","p":1.7,"u":"4,28 €/KG","img":"https://fd6-photos.leclercdrive.fr/image.ashx?id=2906832&use=l&cat=p&typeid=i","cat":299162},{"id":77017,"n":"Vinaigrette Maille Huile sésame/soja - 36cl","p":2.91,"u":"8,08 €/L","img":"https://fd6-photos.leclercdrive.fr/image.ashx?id=2985657&use=l&cat=p&typeid=i","cat":284456},{"id":77236,"n":"Liniment bébé bio SoBio Etic Oléo-calcaire - 500ml","p":8.58,"u":"17,16 €/L","img":"https://fd6-photos.leclercdrive.fr/image.ashx?id=2494758&use=l&cat=p&typeid=i","cat":284741},{"id":77289,"n":"Friandises chats  Félix Poulet, foie, dinde  - 200g","p":2.46,"u":"12,30 €/KG","img":"https://fd6-photos.leclercdrive.fr/image.ashx?id=2740859&use=l&cat=p&typeid=i","cat":285285},{"id":77290,"n":"Friandises chats Félix Saveur ocean Saumon,truite 200g","p":2.46,"u":"12,30 €/KG","img":"https://fd6-photos.leclercdrive.fr/image.ashx?id=2940465&use=l&cat=p&typeid=i","cat":285285},{"id":77336,"n":"St nectaire laitier NRT AOP  300g","p":4.28,"u":"14,27 €/KG","img":"https://fd6-photos.leclercdrive.fr/image.ashx?id=2143359&use=l&cat=p&typeid=i","cat":329184},{"id":77359,"n":"Ravioli pur boeuf Côté Table Sauce italienne - 800g","p":2.19,"u":"2,74 €/KG","img":"https://fd6-photos.leclercdrive.fr/image.ashx?id=3015102&use=l&cat=p&typeid=i","cat":284442},{"id":77360,"n":"Ravioli bolognaise Côté Table 800g","p":2.89,"u":"3,61 €/KG","img":"https://fd6-photos.leclercdrive.fr/image.ashx?id=3015099&use=l&cat=p&typeid=i","cat":284442},{"id":77490,"n":"AOP Bordeaux vin rosé Carrelet Estuaire - 75cl","p":4.1,"u":"5,47 €/L","img":"https://fd6-photos.leclercdrive.fr/image.ashx?id=2451114&use=l&cat=p&typeid=i","cat":289558},{"id":77506,"n":"Kit pour Fajitas Old El Paso Sans piment - 478g","p":3.76,"u":"7,87 €/KG","img":"https://fd6-photos.leclercdrive.fr/image.ashx?id=2759712&use=l&cat=p&typeid=i","cat":288993},{"id":77557,"n":"Rhum blanc Charrette  40%vol - 2L","p":26.25,"pp":20.25,"u":"10,12 €/L","img":"https://fd6-photos.leclercdrive.fr/image.ashx?id=2811491&use=l&cat=p&typeid=i","cat":284550},{"id":77567,"n":"Détachant Vanish  Powergel - 2 x 200ml","p":6.23,"u":"15,58 €/L","img":"https://fd6-photos.leclercdrive.fr/image.ashx?id=2689778&use=l&cat=p&typeid=i","cat":284651},{"id":77569,"n":"Jus Framboise/Goyave Caraïbos  75cl","p":2.42,"u":"3,23 €/L","img":"https://fd6-photos.leclercdrive.fr/image.ashx?id=3011305&use=l&cat=p&typeid=i","cat":284916},{"id":77570,"n":"Jus de fruit Caraïbos Litchi - 75cl","p":2.07,"u":"2,76 €/L","img":"https://fd6-photos.leclercdrive.fr/image.ashx?id=3011296&use=l&cat=p&typeid=i","cat":284916},{"id":77572,"n":"Nectar Banane Caraïbos 75cl","p":1.98,"u":"2,64 €/L","img":"https://fd6-photos.leclercdrive.fr/image.ashx?id=3011284&use=l&cat=p&typeid=i","cat":284915},{"id":77652,"n":"Plaisir Citron  Recette Lenôtre - 410g","p":7.51,"u":"18,32 €/KG","img":"https://fd6-photos.leclercdrive.fr/image.ashx?id=2807747&use=l&cat=p&typeid=i","cat":284267},{"id":77675,"n":"Tartinade Caviar d'aubergine Sud & Sol - 150g","p":2.39,"pp":1.58,"u":"10,53 €/KG","img":"https://fd6-photos.leclercdrive.fr/image.ashx?id=2971152&use=l&cat=p&typeid=i","cat":315999},{"id":77681,"n":"Amandes décortiquées Vahiné 125g","p":4.17,"u":"33,36 €/KG","img":"https://fd6-photos.leclercdrive.fr/image.ashx?id=2559805&use=l&cat=p&typeid=i","cat":284504},{"id":77683,"n":"Gousses vanille Vahiné x2","p":7.04,"u":"3,52 €/P","img":"https://fd6-photos.leclercdrive.fr/image.ashx?id=2524317&use=l&cat=p&typeid=i","cat":284504},{"id":77696,"n":"Yaourt brassé myrtille Soignon Au lait de chèvre - 4x125g","p":2.75,"u":"5,50 €/KG","img":"https://fd6-photos.leclercdrive.fr/image.ashx?id=2518259&use=l&cat=p&typeid=i","cat":314998},{"id":77727,"n":"Pain Bagel La Boulangère x2 - 180g","p":1.36,"u":"7,56 €/KG","img":"https://fd6-photos.leclercdrive.fr/image.ashx?id=2333959&use=l&cat=p&typeid=i","cat":284985},{"id":77731,"n":"Pâte à sucre Vahiné 250g","p":3.39,"u":"13,56 €/KG","img":"https://fd6-photos.leclercdrive.fr/image.ashx?id=2559874&use=l&cat=p&typeid=i","cat":284504},{"id":77734,"n":"Pains au chocolat Fournée Dorée Beurre frais x8 - 360g","p":2.91,"u":"8,08 €/KG","img":"https://fd6-photos.leclercdrive.fr/image.ashx?id=2950354&use=l&cat=p&typeid=i","cat":296366},{"id":77735,"n":"IGP Vinaigrette à l'orange Maille 36cl","p":2.46,"u":"6,83 €/L","img":"https://fd6-photos.leclercdrive.fr/image.ashx?id=2082855&use=l&cat=p&typeid=i","cat":284456},{"id":77739,"n":"Crème sans rinçage Elsève Cheveu Abimé, Cassant - 200ml","p":5.28,"u":"26,40 €/L","img":"https://fd6-photos.leclercdrive.fr/image.ashx?id=2948980&use=l&cat=p&typeid=i","cat":284608},{"id":77745,"n":"Sauce Gourmet Amora Béarnaise - 184g","p":1.85,"u":"10,05 €/KG","img":"https://fd6-photos.leclercdrive.fr/image.ashx?id=2387876&use=l&cat=p&typeid=i","cat":318430},{"id":77746,"n":"Sauce Gourmet Amora Burger - 188g","p":1.73,"u":"9,20 €/KG","img":"https://fd6-photos.leclercdrive.fr/image.ashx?id=2387879&use=l&cat=p&typeid=i","cat":318430},{"id":77754,"n":"Pain grillé Pelletier Goût brioche - 500g","p":3.14,"u":"6,28 €/KG","img":"https://fd6-photos.leclercdrive.fr/image.ashx?id=3002246&use=l&cat=p&typeid=i","cat":284479},{"id":77755,"n":"Vinaigrette Légère MAILLE Vin Rouge & Echalotes - 36cl","p":2.44,"u":"6,78 €/L","img":"https://fd6-photos.leclercdrive.fr/image.ashx?id=2788154&use=l&cat=p&typeid=i","cat":284456},{"id":77791,"n":"Lingettes Lait Demak'up 3x23","p":9.6,"u":"0,14 €/P","img":"https://fd6-photos.leclercdrive.fr/image.ashx?id=2398691&use=l&cat=p&typeid=i","cat":284603},{"id":77801,"n":"Déodorant à bille Nivea Dry Confort - 2x50ml","p":4.24,"u":"42,40 €/L","img":"https://fd6-photos.leclercdrive.fr/image.ashx?id=2473606&use=l&cat=p&typeid=i","cat":284595},{"id":77808,"n":"Déodorant spray Nivea Protect&care - 2x200ml","p":5.29,"u":"13,23 €/L","img":"https://fd6-photos.leclercdrive.fr/image.ashx?id=2316264&use=l&cat=p&typeid=i","cat":284595},{"id":77811,"n":"Roll-On EasyWax Expert Veet Appareil + Recharge Cire 50ml","p":12.14,"img":"https://fd6-photos.leclercdrive.fr/image.ashx?id=2854345&use=l&cat=p&typeid=i","cat":325351},{"id":77855,"n":"Huile à barbe L'Oréal Paris Men Expert bois de cèdre - 30ml","p":9.0,"u":"300,00 €/L","img":"https://fd6-photos.leclercdrive.fr/image.ashx?id=3008770&use=l&cat=p&typeid=i","cat":284622},{"id":77877,"n":"Fromage Holland Master  Gouda Vieux AOP - 200g","p":3.68,"u":"18,40 €/KG","img":"https://fd6-photos.leclercdrive.fr/image.ashx?id=1975748&use=l&cat=p&typeid=i","cat":314034},{"id":77946,"n":"Soin visage L'Oréal Paris Revitalift anti-âge - 50ml","p":14.07,"u":"281,40 €/L","img":"https://fd6-photos.leclercdrive.fr/image.ashx?id=2867527&use=l&cat=p&typeid=i","cat":325345},{"id":77950,"n":"Yaourt Délisse Déli'max Fraise banane - 850g","p":1.45,"u":"1,71 €/KG","img":"https://fd6-photos.leclercdrive.fr/image.ashx?id=2775893&use=l&cat=p&typeid=i","cat":284415},{"id":77976,"n":"Beurre Grand Fermage Doux - 82% MG - 250g","p":2.66,"u":"10,64 €/KG","img":"https://fd6-photos.leclercdrive.fr/image.ashx?id=2985207&use=l&cat=p&typeid=i","cat":284379},{"id":77986,"n":"Houmous Blini 200g","p":2.02,"u":"10,10 €/KG","img":"https://fd6-photos.leclercdrive.fr/image.ashx?id=2487716&use=l&cat=p&typeid=i","cat":315999},{"id":78005,"n":"Feta AOP Casa Azzurra Portion - 150g","p":3.2,"u":"21,33 €/KG","img":"https://fd6-photos.leclercdrive.fr/image.ashx?id=1620610&use=l&cat=p&typeid=i","cat":314026},{"id":78053,"n":"Cake au poulet Guyader Petits légumes au curry - 260g","p":5.47,"u":"21,04 €/KG","img":"https://fd6-photos.leclercdrive.fr/image.ashx?id=2492064&use=l&cat=p&typeid=i","cat":316003},{"id":78060,"n":"Spaghetti Chaque Jour  Sans gluten - 400g","p":1.6,"u":"4,00 €/KG","img":"https://fd6-photos.leclercdrive.fr/image.ashx?id=2872712&use=l&cat=p&typeid=i","cat":284427},{"id":78071,"n":"Café moulu L'Or Doux 100% Arabica - 2x250g","p":9.13,"u":"18,26 €/KG","img":"https://fd6-photos.leclercdrive.fr/image.ashx?id=1876661&use=l&cat=p&typeid=i","cat":284750},{"id":78078,"n":"Café moulu San Marco n°7 - 250g","p":5.29,"u":"21,16 €/KG","img":"https://fd6-photos.leclercdrive.fr/image.ashx?id=2322169&use=l&cat=p&typeid=i","cat":284750},{"id":78080,"n":"Café moulu Méo Dégustation  - 500g","p":8.18,"u":"16,36 €/KG","img":"https://fd6-photos.leclercdrive.fr/image.ashx?id=2571302&use=l&cat=p&typeid=i","cat":284750},{"id":78084,"n":"Café moulu Carte Noire Décaféiné - 2x250g","p":10.54,"u":"21,08 €/KG","img":"https://fd6-photos.leclercdrive.fr/image.ashx?id=1624998&use=l&cat=p&typeid=i","cat":284750},{"id":78097,"n":"Ail Ducros Flacon moulin - 40g","p":3.65,"u":"91,25 €/KG","img":"https://fd6-photos.leclercdrive.fr/image.ashx?id=2486569&use=l&cat=p&typeid=i","cat":298297},{"id":78098,"n":"Sauce Épicée TABASCO Piment Rouge - 60ml","p":2.38,"u":"39,67 €/L","img":"https://fd6-photos.leclercdrive.fr/image.ashx?id=2961317&use=l&cat=p&typeid=i","cat":298298},{"id":78105,"n":"Capsules café L'Or Espresso Splendente N°7 x10","p":3.09,"u":"59,42 €/KG","img":"https://fd6-photos.leclercdrive.fr/image.ashx?id=3000465&use=l&cat=p&typeid=i","cat":284749},{"id":78107,"n":"Capsules café L'Or Espresso Decaffeinato N°6 x10","p":3.17,"u":"60,96 €/KG","img":"https://fd6-photos.leclercdrive.fr/image.ashx?id=2100275&use=l&cat=p&typeid=i","cat":284749},{"id":78108,"n":"Capsules café L'Or Espresso Or Absolu N°9 x10","p":3.63,"u":"69,81 €/KG","img":"https://fd6-photos.leclercdrive.fr/image.ashx?id=2100287&use=l&cat=p&typeid=i","cat":284749},{"id":78121,"n":"Emmental Français 220g","p":2.47,"u":"11,23 €/KG","img":"https://fd6-photos.leclercdrive.fr/image.ashx?id=2309861&use=l&cat=p&typeid=i","cat":314034},{"id":78123,"n":"Cantal AOP Entre-deux au lait cru - 180g","p":2.58,"u":"14,33 €/KG","img":"https://fd6-photos.leclercdrive.fr/image.ashx?id=2863569&use=l&cat=p&typeid=i","cat":314034},{"id":78131,"n":"Penne Chaque Jour  Sans gluten - 400g","p":1.62,"u":"4,05 €/KG","img":"https://fd6-photos.leclercdrive.fr/image.ashx?id=2866247&use=l&cat=p&typeid=i","cat":284427},{"id":78135,"n":"Safran filament Ducros 0.35g","p":5.69,"img":"https://fd6-photos.leclercdrive.fr/image.ashx?id=2474296&use=l&cat=p&typeid=i","cat":298297},{"id":78137,"n":"Coquillettes Chaque Jour  Sans gluten - 400g","p":1.57,"u":"3,93 €/KG","img":"https://fd6-photos.leclercdrive.fr/image.ashx?id=2872715&use=l&cat=p&typeid=i","cat":284427},{"id":78138,"n":"Sablé de Retz Saint Michel Oter Bahlsen - 2x120g","p":1.53,"u":"6,38 €/KG","img":"https://fd6-photos.leclercdrive.fr/image.ashx?id=2935684&use=l&cat=p&typeid=i","cat":284487},{"id":78150,"n":"Biscuits aux amandes Kambly Tradition Suisse Rocher - 80g","p":2.46,"u":"30,75 €/KG","img":"https://fd6-photos.leclercdrive.fr/image.ashx?id=2883747&use=l&cat=p&typeid=i","cat":284487},{"id":78154,"n":"Fusilli Chaque Jour  Sans gluten - 400g","p":1.75,"u":"4,38 €/KG","img":"https://fd6-photos.leclercdrive.fr/image.ashx?id=2885774&use=l&cat=p&typeid=i","cat":284427},{"id":78160,"n":"Petits cookies Bonne Maman Pépites de chocolat - 250g","p":2.47,"u":"9,88 €/KG","img":"https://fd6-photos.leclercdrive.fr/image.ashx?id=2936170&use=l&cat=p&typeid=i","cat":325066},{"id":78176,"n":"Mini cônes Extrême Vanille Chocolat x8 - 312g","p":3.69,"u":"11,83 €/KG","img":"https://fd6-photos.leclercdrive.fr/image.ashx?id=2737030&use=l&cat=p&typeid=i","cat":284264},{"id":78177,"n":"Glace Extrême mini Vanille/pecan/cookie - 8x39g","p":4.34,"u":"13,91 €/KG","img":"https://fd6-photos.leclercdrive.fr/image.ashx?id=2346485&use=l&cat=p&typeid=i","cat":284264},{"id":78192,"n":"Pizza extrème Marie L'américaine - 530g","p":4.0,"u":"7,55 €/KG","img":"https://fd6-photos.leclercdrive.fr/image.ashx?id=2996767&use=l&cat=p&typeid=i","cat":284256},{"id":78204,"n":"Biscuits Palmito LU 100g","p":0.82,"u":"8,20 €/KG","img":"https://fd6-photos.leclercdrive.fr/image.ashx?id=3001949&use=l&cat=p&typeid=i","cat":284487},{"id":78210,"n":"Biscuits Nutella B-ready 6x22g","p":1.9,"u":"14,39 €/KG","img":"https://fd6-photos.leclercdrive.fr/image.ashx?id=2770602&use=l&cat=p&typeid=i","cat":284488},{"id":78212,"n":"Biscuits Mini Prince Fourré chocolat - 160g","p":1.9,"u":"11,88 €/KG","img":"https://fd6-photos.leclercdrive.fr/image.ashx?id=1864026&use=l&cat=p&typeid=i","cat":284488},{"id":78214,"n":"Cookies mini Granola Pépites de chocolat - 160g","p":1.7,"u":"10,63 €/KG","img":"https://fd6-photos.leclercdrive.fr/image.ashx?id=3002252&use=l&cat=p&typeid=i","cat":325066},{"id":78223,"n":"Crevettes Nordiques Balthor Décortiquées - 90g","p":4.28,"u":"47,56 €/KG","img":"https://fd6-photos.leclercdrive.fr/image.ashx?id=2105143&use=l&cat=p&typeid=i","cat":305147},{"id":78231,"n":"Jus de pomme Andros 1L + 15% offert","p":2.19,"u":"1,90 €/L","img":"https://fd6-photos.leclercdrive.fr/image.ashx?id=2928852&use=l&cat=p&typeid=i","cat":285435},{"id":78269,"n":"Gourde bébé Good Goût Bio 6Mois Petit déj - Fraise - 70g","p":1.36,"u":"19,43 €/KG","img":"https://fd6-photos.leclercdrive.fr/image.ashx?id=2736088&use=l&cat=p&typeid=i","cat":312393},{"id":78282,"n":"12 minis Feuilletés Vegétal 360g","p":5.73,"u":"15,92 €/KG","img":"https://fd6-photos.leclercdrive.fr/image.ashx?id=2766310&use=l&cat=p&typeid=i","cat":319774},{"id":78369,"n":"Litchi  250g","p":5.15,"u":"20,60 €/KG","img":"https://fd6-photos.leclercdrive.fr/image.ashx?id=1636323&use=l&cat=p&typeid=i","cat":284356},{"id":78418,"n":"Thym et Laurier 20g","p":1.49,"u":"74,50 €/KG","img":"https://fd6-photos.leclercdrive.fr/image.ashx?id=2050264&use=l&cat=p&typeid=i","cat":293607},{"id":78448,"n":"Dosettes Café Carte Noire  Arabica Classique n5 x48 - 336g","p":7.75,"u":"23,07 €/KG","img":"https://fd6-photos.leclercdrive.fr/image.ashx?id=2919919&use=l&cat=p&typeid=i","cat":293238},{"id":78453,"n":"Graines de Tournesol Sun 500g","p":2.94,"u":"5,88 €/KG","img":"https://fd6-photos.leclercdrive.fr/image.ashx?id=2692167&use=l&cat=p&typeid=i","cat":284357},{"id":78454,"n":"Biscuits petit déjeuner Belvita Chocolat - 600g","p":3.8,"u":"6,33 €/KG","img":"https://fd6-photos.leclercdrive.fr/image.ashx?id=2345484&use=l&cat=p&typeid=i","cat":284491},{"id":78496,"n":"Boudoirs Brossard x30 - 175g","p":1.73,"u":"9,89 €/KG","img":"https://fd6-photos.leclercdrive.fr/image.ashx?id=2964995&use=l&cat=p&typeid=i","cat":284487},{"id":78543,"n":"Tomates farcies x6 - 1kg","p":9.95,"u":"9,95 €/KG","img":"https://fd6-photos.leclercdrive.fr/image.ashx?id=2301313&use=l&cat=p&typeid=i","cat":333666},{"id":78544,"n":"Ravioli pur boeuf Côté Table  400g","p":1.35,"u":"3,38 €/KG","img":"https://fd6-photos.leclercdrive.fr/image.ashx?id=3014281&use=l&cat=p&typeid=i","cat":284442},{"id":78546,"n":"Ravioli bolognaise Côté Table 400g","p":1.99,"u":"4,98 €/KG","img":"https://fd6-photos.leclercdrive.fr/image.ashx?id=3014275&use=l&cat=p&typeid=i","cat":284442},{"id":78574,"n":"Biscuits Choc'land Magie BN Chocolat au lait - 150g","p":1.88,"u":"12,53 €/KG","img":"https://fd6-photos.leclercdrive.fr/image.ashx?id=1739699&use=l&cat=p&typeid=i","cat":284488},{"id":78577,"n":"Gaufrettes Brun  Chocolat - 146g","p":0.91,"u":"6,23 €/KG","img":"https://fd6-photos.leclercdrive.fr/image.ashx?id=2842543&use=l&cat=p&typeid=i","cat":284487},{"id":78580,"n":"Gaufrettes Brun  Vanille - 146g","p":0.91,"u":"6,23 €/KG","img":"https://fd6-photos.leclercdrive.fr/image.ashx?id=2354320&use=l&cat=p&typeid=i","cat":284487},{"id":78594,"n":"Biscuits croquants Délichoc Chocolat noir - 150g","p":1.74,"u":"11,60 €/KG","img":"https://fd6-photos.leclercdrive.fr/image.ashx?id=2956307&use=l&cat=p&typeid=i","cat":284488},{"id":78618,"n":"Assiettes en carton Eco+ x100","p":2.97,"img":"https://fd6-photos.leclercdrive.fr/image.ashx?id=1307672&use=l&cat=p&typeid=i","cat":334134},{"id":78625,"n":"4 attaches adéhsives Eco+ Pour rideaux","p":1.29,"u":"0,32 €/P","img":"https://fd6-photos.leclercdrive.fr/image.ashx?id=1308197&use=l&cat=p&typeid=i","cat":335909},{"id":78628,"n":"Serviettes blanches Homeside x30 - 38cmx38cm - 2 plis","p":1.31,"u":"0,04 €/P","img":"https://fd6-photos.leclercdrive.fr/image.ashx?id=1659693&use=l&cat=p&typeid=i","cat":334134},{"id":78645,"n":"Nappe damassée Homeside Bleu ciel - 7m","p":2.96,"u":"0,42 €/MT","img":"https://fd6-photos.leclercdrive.fr/image.ashx?id=2693144&use=l&cat=p&typeid=i","cat":334134},{"id":78646,"n":"Ensemble de douche Eco+ 1 jet + flex + B","p":8.8,"img":"https://fd6-photos.leclercdrive.fr/image.ashx?id=2162135&use=l&cat=p&typeid=i","cat":300576},{"id":78674,"n":"Préparation Ananas/Kiwi Lucien Georgelin - 320g","p":2.4,"u":"7,50 €/KG","img":"https://fd6-photos.leclercdrive.fr/image.ashx?id=1638397&use=l&cat=p&typeid=i","cat":284480},{"id":78714,"n":"Mayonnaise Eco+ Flacon souple - 450g","p":1.27,"u":"2,82 €/KG","img":"https://fd6-photos.leclercdrive.fr/image.ashx?id=1293846&use=l&cat=p&typeid=i","cat":298295},{"id":78715,"n":"Gaufrettes vanille Eco+ 190g","p":0.69,"u":"3,63 €/KG","img":"https://fd6-photos.leclercdrive.fr/image.ashx?id=2760786&use=l&cat=p&typeid=i","cat":284487},{"id":78716,"n":"Gaufrettes chocolat Eco+ 190g","p":0.69,"u":"3,63 €/KG","img":"https://fd6-photos.leclercdrive.fr/image.ashx?id=2843036&use=l&cat=p&typeid=i","cat":284487},{"id":78717,"n":"Brioche tranchée Eco+ Nature - 500g","p":1.19,"u":"2,38 €/KG","img":"https://fd6-photos.leclercdrive.fr/image.ashx?id=1521024&use=l&cat=p&typeid=i","cat":284478},{"id":78719,"n":"Goûter fourré rond Eco+ Vanille - 500g","p":1.43,"u":"2,86 €/KG","img":"https://fd6-photos.leclercdrive.fr/image.ashx?id=2223611&use=l&cat=p&typeid=i","cat":284489},{"id":78722,"n":"Tartelettes à l'abricot Eco+ x12 - 200g","p":0.8,"u":"4,00 €/KG","img":"https://fd6-photos.leclercdrive.fr/image.ashx?id=2869754&use=l&cat=p&typeid=i","cat":284489},{"id":78723,"n":"Petits beurre Eco+ x24 - 175g","p":0.58,"u":"3,31 €/KG","img":"https://fd6-photos.leclercdrive.fr/image.ashx?id=2758782&use=l&cat=p&typeid=i","cat":284487},{"id":78725,"n":"Génoises fourrées orange Eco+ 300g","p":1.5,"u":"5,00 €/KG","img":"https://fd6-photos.leclercdrive.fr/image.ashx?id=2768445&use=l&cat=p&typeid=i","cat":284489},{"id":78726,"n":"Biscuits petit déjeuner Eco+ x25 - 350g","p":0.73,"u":"2,09 €/KG","img":"https://fd6-photos.leclercdrive.fr/image.ashx?id=2550821&use=l&cat=p&typeid=i","cat":284491},{"id":78728,"n":"Goûter fourré Eco+ Chocolat - 300g","p":1.07,"u":"3,57 €/KG","img":"https://fd6-photos.leclercdrive.fr/image.ashx?id=2775884&use=l&cat=p&typeid=i","cat":284488},{"id":78732,"n":"Guacamole Old El Paso Doux - 320g","p":2.31,"u":"7,22 €/KG","img":"https://fd6-photos.leclercdrive.fr/image.ashx?id=2737612&use=l&cat=p&typeid=i","cat":288993},{"id":78734,"n":"Boisson gourmande PAGO Red ACE Orange sang carotte ctrn - 75cl","p":1.87,"u":"2,49 €/L","img":"https://fd6-photos.leclercdrive.fr/image.ashx?id=2861234&use=l&cat=p&typeid=i","cat":284915},{"id":78744,"n":"Pain de mie Schär - Classic Sans gluten - 300g","p":3.48,"u":"11,60 €/KG","img":"https://fd6-photos.leclercdrive.fr/image.ashx?id=2659418&use=l&cat=p&typeid=i","cat":318654},{"id":78773,"n":"Tablette de chocolat noir Lindt Noir 78% cacao - 100g","p":2.42,"u":"24,20 €/KG","img":"https://fd6-photos.leclercdrive.fr/image.ashx?id=2689481&use=l&cat=p&typeid=i","cat":284956},{"id":78837,"n":"Fromage blanc Danone Nature 3%MG - 825g","p":2.98,"u":"3,61 €/KG","img":"https://fd6-photos.leclercdrive.fr/image.ashx?id=2813878&use=l&cat=p&typeid=i","cat":284409},{"id":78937,"n":"Knacki végétal Herta x6 - 210g","p":2.33,"u":"11,10 €/KG","img":"https://fd6-photos.leclercdrive.fr/image.ashx?id=2992323&use=l&cat=p&typeid=i","cat":316036},{"id":78948,"n":"Mouchoirs Ultra Lotus Blanc boîte - x72","p":1.72,"u":"0,02 €/P","img":"https://fd6-photos.leclercdrive.fr/image.ashx?id=2609300&use=l&cat=p&typeid=i","cat":284638},{"id":78953,"n":"Savon solide Bionaïa Abricot bio - 100g","p":1.39,"u":"13,90 €/KG","img":"https://fd6-photos.leclercdrive.fr/image.ashx?id=2331324&use=l&cat=p&typeid=i","cat":284597},{"id":78965,"n":"Xtrem Box Sodebo Radiatori à la Bolognaise -400g","p":3.16,"u":"7,90 €/KG","img":"https://fd6-photos.leclercdrive.fr/image.ashx?id=2638760&use=l&cat=p&typeid=i","cat":334983},{"id":78969,"n":"Trio de lentilles à la moutarde Pierre Martinet - 250g","p":2.6,"u":"10,40 €/KG","img":"https://fd6-photos.leclercdrive.fr/image.ashx?id=2939610&use=l&cat=p&typeid=i","cat":316036},{"id":78982,"n":"Jus de clémentines Andros 1L + 15% offert","p":2.49,"u":"2,17 €/L","img":"https://fd6-photos.leclercdrive.fr/image.ashx?id=2928849&use=l&cat=p&typeid=i","cat":285435},{"id":79016,"n":"Galette boulgour Céréal Bio  Bio tomate parmesan x2 200G","p":2.31,"u":"11,55 €/KG","img":"https://fd6-photos.leclercdrive.fr/image.ashx?id=2573519&use=l&cat=p&typeid=i","cat":284953},{"id":79019,"n":"Galettes bio Céréal Bio  Rroquefort, figues - 2x200g","p":2.41,"u":"12,05 €/KG","img":"https://fd6-photos.leclercdrive.fr/image.ashx?id=2573522&use=l&cat=p&typeid=i","cat":284953},{"id":79068,"n":"IGP Côte des roses Rosé Languedoc Roussillon 13% - 75cl","p":7.19,"u":"9,59 €/L","img":"https://fd6-photos.leclercdrive.fr/image.ashx?id=2505528&use=l&cat=p&typeid=i","cat":289558},{"id":79092,"n":"Adoucissant peaux sensibles 40 lavages - 750 ml - UNI VERT","p":1.78,"u":"2,37 €/L","img":"https://fd6-photos.leclercdrive.fr/image.ashx?id=2893334&use=l&cat=p&typeid=i","cat":284650},{"id":79094,"n":"Purée de pommes C'est Qui Le Patron - 4x95g","p":1.27,"u":"3,34 €/KG","img":"https://fd6-photos.leclercdrive.fr/image.ashx?id=2097659&use=l&cat=p&typeid=i","cat":284508},{"id":79095,"n":"Purée de pommes C'est Qui Le Patron - 840g","p":2.67,"u":"3,18 €/KG","img":"https://fd6-photos.leclercdrive.fr/image.ashx?id=2097662&use=l&cat=p&typeid=i","cat":284508},{"id":79181,"n":"Huile lavante Mots d'Enfants Bébé - 250ml","p":1.24,"u":"4,96 €/L","img":"https://fd6-photos.leclercdrive.fr/image.ashx?id=2485092&use=l&cat=p&typeid=i","cat":284741},{"id":79195,"n":"Baguette Le Moelleux Daunat Jambon Oeuf - 230g","p":2.4,"u":"10,43 €/KG","img":"https://fd6-photos.leclercdrive.fr/image.ashx?id=2623226&use=l&cat=p&typeid=i","cat":333658},{"id":79220,"n":"Petit pot bébé bio Blédina 6m  Légumes veau - 2x200g","p":3.14,"u":"7,85 €/KG","img":"https://fd6-photos.leclercdrive.fr/image.ashx?id=2974291&use=l&cat=p&typeid=i","cat":312236},{"id":79233,"n":"Petit pot bébé bio Blédina 4-6m Haricots pomme de terre -2x130g","p":1.98,"u":"7,62 €/KG","img":"https://fd6-photos.leclercdrive.fr/image.ashx?id=2831699&use=l&cat=p&typeid=i","cat":312234},{"id":79243,"n":"Petit pot bébé bio Blédina 4-6m Patate douce - 2x130g","p":1.88,"u":"7,23 €/KG","img":"https://fd6-photos.leclercdrive.fr/image.ashx?id=2848581&use=l&cat=p&typeid=i","cat":312234},{"id":79252,"n":"Compote bébé bio Blédina 6 mois Pomme banane kiwi - 2x130g","p":2.04,"u":"7,85 €/KG","img":"https://fd6-photos.leclercdrive.fr/image.ashx?id=2848560&use=l&cat=p&typeid=i","cat":312388},{"id":79260,"n":"Compote bébé bio Blédina 6 mois Pomme banane nectarine - 2x130g","p":2.06,"u":"7,92 €/KG","img":"https://fd6-photos.leclercdrive.fr/image.ashx?id=2848572&use=l&cat=p&typeid=i","cat":312388},{"id":79311,"n":"Après-Shampooing Sobio Etic Lait d'amande Bio - 200ml","p":4.24,"u":"21,20 €/L","img":"https://fd6-photos.leclercdrive.fr/image.ashx?id=2787065&use=l&cat=p&typeid=i","cat":284607},{"id":79319,"n":"Shampooing Bio Sobio Etic Cheveux Doux - 250ml","p":3.82,"u":"15,28 €/L","img":"https://fd6-photos.leclercdrive.fr/image.ashx?id=2787068&use=l&cat=p&typeid=i","cat":284606},{"id":79323,"n":"Shampooing Bio Sobio Etic Cheveux nourris - 250ml","p":3.75,"u":"15,00 €/L","img":"https://fd6-photos.leclercdrive.fr/image.ashx?id=2792681&use=l&cat=p&typeid=i","cat":284606},{"id":79402,"n":"Chorizo espagnol fort x30 - 150g","p":2.19,"u":"14,60 €/KG","img":"https://fd6-photos.leclercdrive.fr/image.ashx?id=1873728&use=l&cat=p&typeid=i","cat":316007},{"id":79404,"n":"P'tit max Délisse Vanille - 6x180g","p":2.03,"u":"1,88 €/KG","img":"https://fd6-photos.leclercdrive.fr/image.ashx?id=2757933&use=l&cat=p&typeid=i","cat":284415},{"id":79406,"n":"P'tit max Délisse Framboise - 6x180g","p":2.03,"u":"1,88 €/KG","img":"https://fd6-photos.leclercdrive.fr/image.ashx?id=2757936&use=l&cat=p&typeid=i","cat":284415},{"id":79517,"n":"Soupe velouté Knorr 9 légumes - 1L","p":1.78,"u":"1,78 €/L","img":"https://fd6-photos.leclercdrive.fr/image.ashx?id=2408273&use=l&cat=p&typeid=i","cat":284462},{"id":79519,"n":"Soupe mouliné Knorr Légumes variés - 1L","p":1.74,"u":"1,74 €/L","img":"https://fd6-photos.leclercdrive.fr/image.ashx?id=2408276&use=l&cat=p&typeid=i","cat":284462},{"id":79528,"n":"Nouilles Tables du Monde Asiatiques Boeuf cup - 61.5g","p":0.74,"u":"11,94 €/KG","img":"https://fd6-photos.leclercdrive.fr/image.ashx?id=1297258&use=l&cat=p&typeid=i","cat":288992},{"id":79529,"n":"Nouille Tables du Monde Asiatique Poulet cup - 61.5g","p":0.74,"u":"11,94 €/KG","img":"https://fd6-photos.leclercdrive.fr/image.ashx?id=2920202&use=l&cat=p&typeid=i","cat":288992},{"id":79532,"n":"Nouilles Table du Monde Asiatiques Curry cup - 61.5g","p":0.79,"u":"12,74 €/KG","img":"https://fd6-photos.leclercdrive.fr/image.ashx?id=2920205&use=l&cat=p&typeid=i","cat":288992},{"id":79534,"n":"Nouilles Tables du Monde Asiatiques crevette cup - 61.5g","p":0.74,"u":"11,94 €/KG","img":"https://fd6-photos.leclercdrive.fr/image.ashx?id=2920208&use=l&cat=p&typeid=i","cat":288992},{"id":79543,"n":"Pâtes De Cecco Linguine n°7 - 500g","p":1.74,"u":"3,48 €/KG","img":"https://fd6-photos.leclercdrive.fr/image.ashx?id=2997280&use=l&cat=p&typeid=i","cat":284427},{"id":79545,"n":"Pâtes Collezione Barilla Tortellini jambon fromage -250g","p":2.59,"u":"10,36 €/KG","img":"https://fd6-photos.leclercdrive.fr/image.ashx?id=2588624&use=l&cat=p&typeid=i","cat":284427},{"id":79551,"n":"Pâtes Collezione Barilla Trofie - 500g","p":1.48,"u":"2,96 €/KG","img":"https://fd6-photos.leclercdrive.fr/image.ashx?id=2651714&use=l&cat=p&typeid=i","cat":284427},{"id":79552,"n":"Pâtes Barilla Spaghettoni n°7 - 1kg","p":1.9,"u":"1,90 €/KG","img":"https://fd6-photos.leclercdrive.fr/image.ashx?id=2392233&use=l&cat=p&typeid=i","cat":284427},{"id":79556,"n":"Couscous parfumé Tipiak Epice - 510g","p":2.03,"u":"3,98 €/KG","img":"https://fd6-photos.leclercdrive.fr/image.ashx?id=2882866&use=l&cat=p&typeid=i","cat":284429},{"id":79623,"n":"Barre de céréales Nature Valley  Crunchy avoine miel X5-210g","p":2.25,"u":"10,71 €/KG","img":"https://fd6-photos.leclercdrive.fr/image.ashx?id=2844472&use=l&cat=p&typeid=i","cat":285869},{"id":79624,"n":"Barre de céréales Nature Valley Crunchy avoine chocolat x5-210g","p":2.62,"u":"12,48 €/KG","img":"https://fd6-photos.leclercdrive.fr/image.ashx?id=2844475&use=l&cat=p&typeid=i","cat":285869},{"id":79625,"n":"Barre de céréales Nature Valley  Sweet & Salty chocolat x5-150g","p":2.77,"u":"18,47 €/KG","img":"https://fd6-photos.leclercdrive.fr/image.ashx?id=2737714&use=l&cat=p&typeid=i","cat":285869},{"id":79668,"n":"Bouillon cubes Knorr Légumes réduit en sel x12- 109g","p":1.54,"u":"14,13 €/KG","img":"https://fd6-photos.leclercdrive.fr/image.ashx?id=2793068&use=l&cat=p&typeid=i","cat":288379},{"id":79670,"n":"Eau de toilette Vanderbilt  Gloria - 30ml","p":13.16,"u":"438,67 €/L","img":"https://fd6-photos.leclercdrive.fr/image.ashx?id=2848908&use=l&cat=p&typeid=i","cat":291525},{"id":79674,"n":"Mascara Maybelline  Colossal Big Shot volume Noir","p":8.49,"img":"https://fd6-photos.leclercdrive.fr/image.ashx?id=2422734&use=l&cat=p&typeid=i","cat":287029},{"id":79682,"n":"Poudre fondante L'Oréal Paris Accord Parfait 3D Beige doré","p":10.99,"img":"https://fd6-photos.leclercdrive.fr/image.ashx?id=2395544&use=l&cat=p&typeid=i","cat":287029},{"id":79692,"n":"Mascara L'Oréal Paris Millions de Cils Noir","p":11.25,"img":"https://fd6-photos.leclercdrive.fr/image.ashx?id=2419167&use=l&cat=p&typeid=i","cat":287029},{"id":79694,"n":"Fond de Teint L'Oréal Paris Accord Parfait 2.R Vanille Rosé","p":13.04,"img":"https://fd6-photos.leclercdrive.fr/image.ashx?id=2937355&use=l&cat=p&typeid=i","cat":287029},{"id":79797,"n":"Fond de Teint L'Oréal Paris Accord Parfait 3.R Beige Rosé","p":11.49,"img":"https://fd6-photos.leclercdrive.fr/image.ashx?id=2900971&use=l&cat=p&typeid=i","cat":287029},{"id":79798,"n":"Fond de Teint L'Oréal Paris Accord Parfait 3.D Beige Doré","p":11.54,"img":"https://fd6-photos.leclercdrive.fr/image.ashx?id=2900974&use=l&cat=p&typeid=i","cat":287029},{"id":79832,"n":"Gourde bébé Good Goût Bio 4mois Prune - 120g","p":1.56,"u":"13,00 €/KG","img":"https://fd6-photos.leclercdrive.fr/image.ashx?id=2381270&use=l&cat=p&typeid=i","cat":312393},{"id":79873,"n":"Fond de teint Maybelline Dream Radiant 21 Beige Doré","p":10.96,"img":"https://fd6-photos.leclercdrive.fr/image.ashx?id=2434455&use=l&cat=p&typeid=i","cat":287029},{"id":79875,"n":"Fond de teint Maybelline  Dream Radiant Eclat 30 Sable","p":8.83,"img":"https://fd6-photos.leclercdrive.fr/image.ashx?id=2248561&use=l&cat=p&typeid=i","cat":287029},{"id":79877,"n":"Correcteur anticerne Maybelline Instant Anti-Age 01 Beige Rose","p":8.79,"img":"https://fd6-photos.leclercdrive.fr/image.ashx?id=2770542&use=l&cat=p&typeid=i","cat":287029},{"id":79903,"n":"Rouge à lèvres Maybelline Superstay - Matte ink 15 lover","p":8.36,"img":"https://fd6-photos.leclercdrive.fr/image.ashx?id=2925451&use=l&cat=p&typeid=i","cat":287029},{"id":79904,"n":"Mascara waterproof Maybelline  Volum'Express noir","p":6.99,"img":"https://fd6-photos.leclercdrive.fr/image.ashx?id=2470285&use=l&cat=p&typeid=i","cat":287029},{"id":79908,"n":"Eyeliner express Maybelline Liner liquide Noir","p":9.74,"img":"https://fd6-photos.leclercdrive.fr/image.ashx?id=2670854&use=l&cat=p&typeid=i","cat":287029},{"id":79909,"n":"Mascara Maybelline  Cils Sensational Intense Noir","p":8.63,"img":"https://fd6-photos.leclercdrive.fr/image.ashx?id=2278154&use=l&cat=p&typeid=i","cat":287029},{"id":79940,"n":"Bière blonde Grimbergen 6,7° - 50cl canette","p":1.86,"u":"3,72 €/L","img":"https://fd6-photos.leclercdrive.fr/image.ashx?id=2605458&use=l&cat=p&typeid=i","cat":334853},{"id":79960,"n":"Joker Le Fruit Jus de pomme - 1L","p":1.87,"u":"1,87 €/L","img":"https://fd6-photos.leclercdrive.fr/image.ashx?id=2846601&use=l&cat=p&typeid=i","cat":284522},{"id":79965,"n":"Mini ruban correcteur Esquisse Bleu, vert et gris - x3","p":1.99,"img":"https://fd6-photos.leclercdrive.fr/image.ashx?id=2943268&use=l&cat=p&typeid=i","cat":334133},{"id":79966,"n":"Joker Pur Jus Engagé Orange sans pulpe - 1,5L","p":3.6,"u":"2,40 €/L","img":"https://fd6-photos.leclercdrive.fr/image.ashx?id=3001290&use=l&cat=p&typeid=i","cat":284521},{"id":79971,"n":"Boisson Citronnade Pulco Citron - 1L","p":2.0,"u":"2,00 €/L","img":"https://fd6-photos.leclercdrive.fr/image.ashx?id=2942263&use=l&cat=p&typeid=i","cat":295018},{"id":80114,"n":"Lait bébé Les récoltes bio croissance Blédina 10 mois 6x1l","p":14.2,"u":"2,37 €/L","img":"https://fd6-photos.leclercdrive.fr/image.ashx?id=2605440&use=l&cat=p&typeid=i","cat":284728},{"id":80128,"n":"Rosette de Lyon Saint-Azay 12 tranches - 100g","p":1.44,"u":"14,40 €/KG","img":"https://fd6-photos.leclercdrive.fr/image.ashx?id=2728264&use=l&cat=p&typeid=i","cat":316007},{"id":80130,"n":"Alèses absorbantes DryNites 78x88cm - x12","p":11.85,"u":"0,99 €/P","img":"https://fd6-photos.leclercdrive.fr/image.ashx?id=2883717&use=l&cat=p&typeid=i","cat":290633},{"id":80229,"n":"Graines de lin brun Bio Village Bio - 200g","p":1.99,"u":"9,95 €/KG","img":"https://fd6-photos.leclercdrive.fr/image.ashx?id=2699577&use=l&cat=p&typeid=i","cat":284357},{"id":80230,"n":"Graines de sésame Bio Village Bio - 200g","p":1.99,"u":"9,95 €/KG","img":"https://fd6-photos.leclercdrive.fr/image.ashx?id=2699586&use=l&cat=p&typeid=i","cat":284357},{"id":80231,"n":"Graines de courge bio Bio Village - 200g","p":3.09,"u":"15,45 €/KG","img":"https://fd6-photos.leclercdrive.fr/image.ashx?id=2699583&use=l&cat=p&typeid=i","cat":323809},{"id":80232,"n":"Graines Bio Village Bio - tournesol - 200g","p":1.59,"u":"7,95 €/KG","img":"https://fd6-photos.leclercdrive.fr/image.ashx?id=2699580&use=l&cat=p&typeid=i","cat":284357},{"id":80272,"n":"Joker Le Fruit Jus d'orange Sans pulpe - 1L","p":2.47,"u":"2,47 €/L","img":"https://fd6-photos.leclercdrive.fr/image.ashx?id=2846355&use=l&cat=p&typeid=i","cat":284521},{"id":80302,"n":"Eau minérale naturelle Volvic 6x1,5L","p":3.04,"u":"0,34 €/L","img":"https://fd6-photos.leclercdrive.fr/image.ashx?id=2730244&use=l&cat=p&typeid=i","cat":284535},{"id":80305,"n":"Boisson aux fruits Oasis Tropical - 12x33cl","p":7.14,"u":"1,80 €/L","img":"https://fd6-photos.leclercdrive.fr/image.ashx?id=2880706&use=l&cat=p&typeid=i","cat":295018},{"id":80306,"n":"Soda Schweppes Saveur Agrumes -12x33cl","p":7.04,"u":"1,78 €/L","img":"https://fd6-photos.leclercdrive.fr/image.ashx?id=2852426&use=l&cat=p&typeid=i","cat":284532},{"id":80308,"n":"Soda Pepsi Cola zéro - 5x1.5L + 1 offerte","p":6.4,"u":"0,71 €/L","img":"https://fd6-photos.leclercdrive.fr/image.ashx?id=2983327&use=l&cat=p&typeid=i","cat":284530},{"id":80346,"n":"yaourt aux fruits bifidus activia cerise - 4x125g","p":1.87,"u":"3,74 €/KG","img":"https://fd6-photos.leclercdrive.fr/image.ashx?id=2885327&use=l&cat=p&typeid=i","cat":315000},{"id":80352,"n":"Cannelloni Côté Table  - 400g","p":2.07,"u":"5,18 €/KG","img":"https://fd6-photos.leclercdrive.fr/image.ashx?id=2977900&use=l&cat=p&typeid=i","cat":284442},{"id":80382,"n":"Tablette De Chocolat Poulain Noir Extra - 2x100g","p":2.41,"u":"12,05 €/KG","img":"https://fd6-photos.leclercdrive.fr/image.ashx?id=2867566&use=l&cat=p&typeid=i","cat":284956},{"id":80383,"n":"Tablette KINDER Chocolat Chocolat au Lait x12 - 150g","p":2.84,"u":"18,93 €/KG","img":"https://fd6-photos.leclercdrive.fr/image.ashx?id=1904474&use=l&cat=p&typeid=i","cat":284498},{"id":80385,"n":"Barres Chocolatées KINDER BUENO  Chocolat au Lait x5 - 215g","p":3.89,"u":"18,09 €/KG","img":"https://fd6-photos.leclercdrive.fr/image.ashx?id=2679621&use=l&cat=p&typeid=i","cat":284498},{"id":80386,"n":"Barres KINDER BUENO White  Chocolat Blanc x6 - 234g","p":4.2,"u":"17,95 €/KG","img":"https://fd6-photos.leclercdrive.fr/image.ashx?id=2679639&use=l&cat=p&typeid=i","cat":284498},{"id":80391,"n":"Mascara L'Oréal Paris  Lash Paradise Noir","p":10.63,"img":"https://fd6-photos.leclercdrive.fr/image.ashx?id=2580158&use=l&cat=p&typeid=i","cat":287029},{"id":80396,"n":"Eau Micellaire visage Nivea Peaux sèches - 400ml","p":3.63,"u":"9,08 €/L","img":"https://fd6-photos.leclercdrive.fr/image.ashx?id=3014599&use=l&cat=p&typeid=i","cat":284603},{"id":80398,"n":"Eau Micellaire visage Nivea Peaux sensibles - 400ml","p":3.49,"u":"8,73 €/L","img":"https://fd6-photos.leclercdrive.fr/image.ashx?id=2800965&use=l&cat=p&typeid=i","cat":284603},{"id":80479,"n":"Bières Blondes Chouffe 6x33cl","p":11.62,"u":"5,87 €/L","img":"https://fd6-photos.leclercdrive.fr/image.ashx?id=2877079&use=l&cat=p&typeid=i","cat":334872},{"id":80506,"n":"Bière bio Bio Village Blonde - 6x25cl","p":4.99,"u":"3,33 €/L","img":"https://fd6-photos.leclercdrive.fr/image.ashx?id=2900668&use=l&cat=p&typeid=i","cat":334873},{"id":80542,"n":"Cuisse de grenouille coupé Yoga 13/15L - Gimbert océan - 400g","p":7.51,"u":"18,78 €/KG","img":"https://fd6-photos.leclercdrive.fr/image.ashx?id=2142923&use=l&cat=p&typeid=i","cat":319787},{"id":80553,"n":"Pack de 3 cartouches Brita Filtrantes classic","p":18.99,"u":"6,33 €/P","img":"https://fd6-photos.leclercdrive.fr/image.ashx?id=2433259&use=l&cat=p&typeid=i","cat":334135},{"id":80601,"n":"Mozzarella vache Casa Azzurra Billes - 150g","p":1.74,"u":"11,60 €/KG","img":"https://fd6-photos.leclercdrive.fr/image.ashx?id=2927546&use=l&cat=p&typeid=i","cat":314026},{"id":80663,"n":"Soda Pepsi Cola - 5x1.5L + 1 offerte","p":5.85,"u":"0,65 €/L","img":"https://fd6-photos.leclercdrive.fr/image.ashx?id=2983324&use=l&cat=p&typeid=i","cat":284530},{"id":80698,"n":"Pur jus de grenade BIO Jardin bio - 75cl","p":5.6,"u":"7,47 €/L","img":"https://fd6-photos.leclercdrive.fr/image.ashx?id=2021208&use=l&cat=p&typeid=i","cat":284916},{"id":80838,"n":"Compote Cool Fruits bio Vitabio Pomme Fraise Myrtille - 12x90g","p":8.97,"u":"8,31 €/KG","img":"https://fd6-photos.leclercdrive.fr/image.ashx?id=2682267&use=l&cat=p&typeid=i","cat":284508},{"id":80840,"n":"Bouillon Cube Maggi Pot au feu - Dégraissé - 120g","p":1.55,"u":"12,92 €/KG","img":"https://fd6-photos.leclercdrive.fr/image.ashx?id=2212327&use=l&cat=p&typeid=i","cat":288379},{"id":80841,"n":"Bouillon Cube Maggi Volaille - Degraissé - 120g","p":1.6,"u":"13,33 €/KG","img":"https://fd6-photos.leclercdrive.fr/image.ashx?id=2737087&use=l&cat=p&typeid=i","cat":288379},{"id":80842,"n":"Bouillon Cube Maggi Dégraissé - 120g","p":1.47,"u":"12,25 €/KG","img":"https://fd6-photos.leclercdrive.fr/image.ashx?id=2737090&use=l&cat=p&typeid=i","cat":288379},{"id":80907,"n":"Briquets Bic J26 maxi standard multipack - x4","p":3.9,"u":"0,98 €/P","img":"https://fd6-photos.leclercdrive.fr/image.ashx?id=2887587&use=l&cat=p&typeid=i","cat":300578},{"id":80927,"n":"Fromage chèvre chaud Soignon Nature - 21% MG - 4x25g","p":1.94,"u":"19,40 €/KG","img":"https://fd6-photos.leclercdrive.fr/image.ashx?id=2844951&use=l&cat=p&typeid=i","cat":314027},{"id":81188,"n":"Flan aromatisé vanille Flanby nappé de caramel - 12x100g","p":2.6,"u":"2,17 €/KG","img":"https://fd6-photos.leclercdrive.fr/image.ashx?id=2744584&use=l&cat=p&typeid=i","cat":284420},{"id":81193,"n":"Compotes Douceur du Verger Pomme Châtaigne - 4x100g","p":1.46,"u":"3,65 €/KG","img":"https://fd6-photos.leclercdrive.fr/image.ashx?id=2389560&use=l&cat=p&typeid=i","cat":284416},{"id":81196,"n":"Flan aromatisé vanille Flanby nappé de caramel - 6x100g","p":1.47,"u":"2,45 €/KG","img":"https://fd6-photos.leclercdrive.fr/image.ashx?id=2483786&use=l&cat=p&typeid=i","cat":284420},{"id":81199,"n":"Yaourt La Laitière  Vanille - 8x125g","p":3.2,"u":"3,20 €/KG","img":"https://fd6-photos.leclercdrive.fr/image.ashx?id=2613981&use=l&cat=p&typeid=i","cat":286006},{"id":81215,"n":"Compote Cool Fruits bio Vitabio Pomme Mangue Ananas -12x90g","p":8.61,"u":"7,97 €/KG","img":"https://fd6-photos.leclercdrive.fr/image.ashx?id=2621399&use=l&cat=p&typeid=i","cat":284508},{"id":81217,"n":"Compote Cool Fruits bio Vitabio Pomme Pêche Abricot -12x90g","p":8.46,"u":"7,83 €/KG","img":"https://fd6-photos.leclercdrive.fr/image.ashx?id=2621423&use=l&cat=p&typeid=i","cat":284508},{"id":81222,"n":"Pizza La pizz Sodebo Chorizo - 470g","p":3.44,"u":"7,32 €/KG","img":"https://fd6-photos.leclercdrive.fr/image.ashx?id=2868389&use=l&cat=p&typeid=i","cat":333679},{"id":81224,"n":"Pizza l'Ovale Sodebo Lardons & Chèvre affiné - 200g","p":1.81,"u":"9,05 €/KG","img":"https://fd6-photos.leclercdrive.fr/image.ashx?id=2438564&use=l&cat=p&typeid=i","cat":333679},{"id":81234,"n":"Les carrés Good Goût Dès 8 mois - banane bio - 50g","p":2.78,"u":"55,60 €/KG","img":"https://fd6-photos.leclercdrive.fr/image.ashx?id=2640052&use=l&cat=p&typeid=i","cat":312227},{"id":81236,"n":"Fromage à tartiner Boursin Ail et fines herbes 10 portions","p":2.42,"u":"15,13 €/KG","img":"https://fd6-photos.leclercdrive.fr/image.ashx?id=2964682&use=l&cat=p&typeid=i","cat":314029},{"id":81243,"n":"Bière blonde Heineken Sans alcool - 12x25cl","p":8.22,"u":"2,74 €/L","img":"https://fd6-photos.leclercdrive.fr/image.ashx?id=2795944&use=l&cat=p&typeid=i","cat":334877},{"id":81246,"n":"Bière blonde Pelforth 12x25cl","p":6.9,"u":"2,30 €/L","img":"https://fd6-photos.leclercdrive.fr/image.ashx?id=2645146&use=l&cat=p&typeid=i","cat":334873},{"id":81250,"n":"Bière blonde Grimbergen 6,7° - 20x25cl","p":13.89,"u":"2,78 €/L","img":"https://fd6-photos.leclercdrive.fr/image.ashx?id=2294791&use=l&cat=p&typeid=i","cat":334852},{"id":81254,"n":"Bière blonde Grimbergen 6,7° - 12x25cl","p":8.84,"u":"2,95 €/L","img":"https://fd6-photos.leclercdrive.fr/image.ashx?id=2872865&use=l&cat=p&typeid=i","cat":334852},{"id":81255,"n":"Blère blonde Pelforth 6x25cl","p":4.23,"u":"2,82 €/L","img":"https://fd6-photos.leclercdrive.fr/image.ashx?id=2959025&use=l&cat=p&typeid=i","cat":334873},{"id":81262,"n":"Mort Subite Kriek Lambic 75cl","p":4.18,"u":"5,57 €/L","img":"https://fd6-photos.leclercdrive.fr/image.ashx?id=2944954&use=l&cat=p&typeid=i","cat":334878},{"id":81268,"n":"Bière blonde Grimbergen 6,7° - 6x25cl","p":4.88,"u":"3,25 €/L","img":"https://fd6-photos.leclercdrive.fr/image.ashx?id=2294381&use=l&cat=p&typeid=i","cat":334852},{"id":81272,"n":"Vin mousseux brut blanc  Produit en Allemagne - 75cl","p":1.57,"u":"2,09 €/L","img":"https://fd6-photos.leclercdrive.fr/image.ashx?id=2720133&use=l&cat=p&typeid=i","cat":284544},{"id":81277,"n":"Vin mousseux demi-sec blanc  Produit en Allemagne - 75cl","p":1.59,"u":"2,12 €/L","img":"https://fd6-photos.leclercdrive.fr/image.ashx?id=2720130&use=l&cat=p&typeid=i","cat":284544},{"id":81280,"n":"Fromage La Vache qui rit Toastinette nature 10 tranches","p":1.72,"u":"8,60 €/KG","img":"https://fd6-photos.leclercdrive.fr/image.ashx?id=2342776&use=l&cat=p&typeid=i","cat":314028},{"id":81281,"n":"Fromage La Vache qui rit Toastinette cheddar 10 tranches","p":1.72,"u":"8,60 €/KG","img":"https://fd6-photos.leclercdrive.fr/image.ashx?id=2342773&use=l&cat=p&typeid=i","cat":314028},{"id":81285,"n":"Céréales bébé soir Blédiner 8m Légumes en poudre - 240g","p":2.55,"u":"10,63 €/KG","img":"https://fd6-photos.leclercdrive.fr/image.ashx?id=2192763&use=l&cat=p&typeid=i","cat":312239},{"id":81291,"n":"Bière sans alcool Tourtel Twist Citron Vert Menthe 0,0° -6x27cl","p":4.04,"u":"2,45 €/L","img":"https://fd6-photos.leclercdrive.fr/image.ashx?id=2896567&use=l&cat=p&typeid=i","cat":334877},{"id":81316,"n":"Tablette KINDER Chocolat Chocolat au Lait x24 - 300g","p":4.23,"u":"14,10 €/KG","img":"https://fd6-photos.leclercdrive.fr/image.ashx?id=2868167&use=l&cat=p&typeid=i","cat":284498},{"id":81318,"n":"Bonbons KINDER Schoko-Bons Chocolat au lait - 500G","p":7.83,"u":"15,66 €/KG","img":"https://fd6-photos.leclercdrive.fr/image.ashx?id=2402925&use=l&cat=p&typeid=i","cat":304238},{"id":81322,"n":"Huile de Tournesol Eco+ 3L","p":4.89,"u":"1,63 €/L","img":"https://fd6-photos.leclercdrive.fr/image.ashx?id=3002506&use=l&cat=p&typeid=i","cat":284453},{"id":81323,"n":"Huile d'olive Bio Carapelli Extra-vierge - 75cl","p":11.99,"u":"15,99 €/L","img":"https://fd6-photos.leclercdrive.fr/image.ashx?id=2737447&use=l&cat=p&typeid=i","cat":284453},{"id":81330,"n":"Huile d'arachide Eco+ 1L","p":3.17,"u":"3,17 €/L","img":"https://fd6-photos.leclercdrive.fr/image.ashx?id=2493010&use=l&cat=p&typeid=i","cat":284453},{"id":81352,"n":"Dosettes Bio Village Bio Amérique latine  x36 - 252g","p":4.49,"u":"17,82 €/KG","img":"https://fd6-photos.leclercdrive.fr/image.ashx?id=3003070&use=l&cat=p&typeid=i","cat":293238},{"id":81354,"n":"Confiture Eco+ Abricot - 1kg","p":2.17,"u":"2,17 €/KG","img":"https://fd6-photos.leclercdrive.fr/image.ashx?id=2953194&use=l&cat=p&typeid=i","cat":284480},{"id":81371,"n":"Tartine de pain Pasquier Au blé complet - 240g","p":1.52,"u":"6,33 €/KG","img":"https://fd6-photos.leclercdrive.fr/image.ashx?id=2927339&use=l&cat=p&typeid=i","cat":284479},{"id":81378,"n":"Bière Arômatisée Desquiles Rhum - 5.9%vol - 50cl","p":1.7,"u":"3,40 €/L","img":"https://fd6-photos.leclercdrive.fr/image.ashx?id=2865074&use=l&cat=p&typeid=i","cat":334853},{"id":81380,"n":"Chorizo tranché César Moroni Doux 20 tranches - 100g","p":1.98,"u":"19,80 €/KG","img":"https://fd6-photos.leclercdrive.fr/image.ashx?id=2948836&use=l&cat=p&typeid=i","cat":316007},{"id":81382,"n":"Pastis Ricard Plantes Fraiches Anisé 45% vol - 70cl","p":19.15,"u":"27,36 €/L","img":"https://fd6-photos.leclercdrive.fr/image.ashx?id=2870302&use=l&cat=p&typeid=i","cat":284548},{"id":81383,"n":"Rillettes du Mans La Véritable Bordeau Chesnel - 220g","p":2.17,"u":"9,86 €/KG","img":"https://fd6-photos.leclercdrive.fr/image.ashx?id=2763100&use=l&cat=p&typeid=i","cat":316008},{"id":81384,"n":"Vodka Zubrowska Biala 37.5%vol - 70cl","p":10.45,"u":"14,93 €/L","img":"https://fd6-photos.leclercdrive.fr/image.ashx?id=2961227&use=l&cat=p&typeid=i","cat":284550},{"id":81450,"n":"Bière Blonde Duvel 6x33cl","p":10.73,"u":"5,42 €/L","img":"https://fd6-photos.leclercdrive.fr/image.ashx?id=2314587&use=l&cat=p&typeid=i","cat":334872},{"id":81462,"n":"Fromage Apéritif Apérivrais  Ail et Fines Herbes - 100g","p":2.08,"u":"20,80 €/KG","img":"https://fd6-photos.leclercdrive.fr/image.ashx?id=2854612&use=l&cat=p&typeid=i","cat":314027},{"id":81547,"n":"Capsules Nescafé Dolce Gusto  Cappuccino - x8 - 186g","p":4.48,"u":"24,09 €/KG","img":"https://fd6-photos.leclercdrive.fr/image.ashx?id=2838809&use=l&cat=p&typeid=i","cat":293239},{"id":81548,"n":"Pain de mie Harrys 100% mie Nature Sans croûte Maxi - 650g","p":2.1,"u":"3,23 €/KG","img":"https://fd6-photos.leclercdrive.fr/image.ashx?id=2517468&use=l&cat=p&typeid=i","cat":284477},{"id":81554,"n":"Riz au lait Bonne Maman Vanille Naturelle - 4x100g","p":2.29,"u":"5,73 €/KG","img":"https://fd6-photos.leclercdrive.fr/image.ashx?id=2619130&use=l&cat=p&typeid=i","cat":284418},{"id":81558,"n":"Pain de mie 100% Mie Harrys Nature petites tranches - 500g","p":1.71,"u":"3,42 €/KG","img":"https://fd6-photos.leclercdrive.fr/image.ashx?id=2517453&use=l&cat=p&typeid=i","cat":284477},{"id":81559,"n":"Yaourt Enfant Petits Filous Fruits Mixés Panaché - 12x50g","p":2.24,"u":"3,73 €/KG","img":"https://fd6-photos.leclercdrive.fr/image.ashx?id=2767359&use=l&cat=p&typeid=i","cat":284414},{"id":81563,"n":"AOP Champagne Canard Duchêne Demi Sec - 75cl","p":22.59,"u":"30,12 €/L","img":"https://fd6-photos.leclercdrive.fr/image.ashx?id=2757259&use=l&cat=p&typeid=i","cat":284542},{"id":81564,"n":"AOP Champagne Canard-Duchêne Brut - 75cl","p":22.59,"u":"30,12 €/L","img":"https://fd6-photos.leclercdrive.fr/image.ashx?id=2756909&use=l&cat=p&typeid=i","cat":284542},{"id":81566,"n":"Fromage Raclette Burger Les Croisés 8 Tranches - 150g","p":1.23,"u":"8,20 €/KG","img":"https://fd6-photos.leclercdrive.fr/image.ashx?id=2396607&use=l&cat=p&typeid=i","cat":314028},{"id":81626,"n":"Seau oval à Serpillère  12L - x1","p":3.99,"img":"https://fd6-photos.leclercdrive.fr/image.ashx?id=1526171&use=l&cat=p&typeid=i","cat":284669},{"id":81700,"n":"Compote bébé bio BabyBio Pomme châtaigne - 6 mois - 260g","p":2.25,"u":"8,65 €/KG","img":"https://fd6-photos.leclercdrive.fr/image.ashx?id=2838338&use=l&cat=p&typeid=i","cat":312388},{"id":81701,"n":"Repas bébé bio BabyBio 12 mois Patate douce Pintade - 230g","p":2.11,"u":"9,17 €/KG","img":"https://fd6-photos.leclercdrive.fr/image.ashx?id=2827410&use=l&cat=p&typeid=i","cat":312237},{"id":81735,"n":"Bière Blonde Delirium Tremens 33cl","p":2.48,"u":"7,52 €/L","img":"https://fd6-photos.leclercdrive.fr/image.ashx?id=2363111&use=l&cat=p&typeid=i","cat":334872},{"id":81740,"n":"Bière Saint Omer Forte - 8%vol - 50cl","p":1.23,"u":"2,46 €/L","img":"https://fd6-photos.leclercdrive.fr/image.ashx?id=2412570&use=l&cat=p&typeid=i","cat":334853},{"id":81756,"n":"Peppermint Pastille Giffard 21% vol - 70cl","p":9.64,"u":"13,77 €/L","img":"https://fd6-photos.leclercdrive.fr/image.ashx?id=2104960&use=l&cat=p&typeid=i","cat":286032},{"id":81768,"n":"Brioche tranchée La Boulangère Bio - 400g","p":2.28,"u":"5,70 €/KG","img":"https://fd6-photos.leclercdrive.fr/image.ashx?id=2912194&use=l&cat=p&typeid=i","cat":284478},{"id":81779,"n":"Thé noir Bio Ethiquable  Tchaï aux épices x20 - 36g","p":2.53,"u":"70,28 €/KG","img":"https://fd6-photos.leclercdrive.fr/image.ashx?id=2870833&use=l&cat=p&typeid=i","cat":293233},{"id":81781,"n":"Thé noir Bio Ethiquable  Earl grey Darjeeling x20 - 36g","p":2.0,"u":"55,56 €/KG","img":"https://fd6-photos.leclercdrive.fr/image.ashx?id=2870836&use=l&cat=p&typeid=i","cat":293233},{"id":81817,"n":"Blanc de dinde Fleury Michon -25% de sel x4 - 160g","p":3.08,"u":"19,25 €/KG","img":"https://fd6-photos.leclercdrive.fr/image.ashx?id=2962134&use=l&cat=p&typeid=i","cat":316010},{"id":81861,"n":"Pain de mie 100% Mie Harrys Nature grandes tranches - 500g","p":1.78,"u":"3,56 €/KG","img":"https://fd6-photos.leclercdrive.fr/image.ashx?id=2517456&use=l&cat=p&typeid=i","cat":284477},{"id":81890,"n":"Tablette chocolat au lait Milka Cacahuètes / Croquants - 2x90g","p":3.86,"u":"21,44 €/KG","img":"https://fd6-photos.leclercdrive.fr/image.ashx?id=2496338&use=l&cat=p&typeid=i","cat":284497},{"id":81909,"n":"Café moulu Grand Mère Familial - 250g","p":3.48,"u":"13,92 €/KG","img":"https://fd6-photos.leclercdrive.fr/image.ashx?id=1755046&use=l&cat=p&typeid=i","cat":284750},{"id":81927,"n":"Rhum Blanc Agricole AOC Martinique 40° - 2 L","p":28.71,"u":"14,36 €/L","img":"https://fd6-photos.leclercdrive.fr/image.ashx?id=1558483&use=l&cat=p&typeid=i","cat":284550},{"id":81967,"n":"Sauce Barbecue Halal Samia 350ml","p":2.22,"u":"6,34 €/L","img":"https://fd6-photos.leclercdrive.fr/image.ashx?id=2576961&use=l&cat=p&typeid=i","cat":318431},{"id":81968,"n":"Sauce Burger Halal Samia 350ml","p":2.44,"u":"6,97 €/L","img":"https://fd6-photos.leclercdrive.fr/image.ashx?id=2576958&use=l&cat=p&typeid=i","cat":289013},{"id":81972,"n":"Sauce Mayonnaise halal Samia 350ml","p":2.3,"u":"6,57 €/L","img":"https://fd6-photos.leclercdrive.fr/image.ashx?id=2291750&use=l&cat=p&typeid=i","cat":298295},{"id":81991,"n":"Courgettes rondelle Bio Village Bio - 600g","p":1.99,"u":"3,32 €/KG","img":"https://fd6-photos.leclercdrive.fr/image.ashx?id=2898089&use=l&cat=p&typeid=i","cat":319805},{"id":82004,"n":"Mozzarella mini Galbani 150g","p":2.45,"u":"16,33 €/KG","img":"https://fd6-photos.leclercdrive.fr/image.ashx?id=2766586&use=l&cat=p&typeid=i","cat":314026},{"id":82008,"n":"Emmental râpé fondant Président 3x70g","p":2.66,"u":"12,67 €/KG","img":"https://fd6-photos.leclercdrive.fr/image.ashx?id=2462741&use=l&cat=p&typeid=i","cat":314035},{"id":82099,"n":"Steak haché Eco+ x10 - 1kg","p":8.74,"u":"8,74 €/KG","img":"https://fd6-photos.leclercdrive.fr/image.ashx?id=2966532&use=l&cat=p&typeid=i","cat":319778},{"id":82127,"n":"Vin Italie rouge Chianti DOCG Piccini - 75cl","p":5.05,"u":"6,73 €/L","img":"https://fd6-photos.leclercdrive.fr/image.ashx?id=2794637&use=l&cat=p&typeid=i","cat":289556},{"id":82128,"n":"Fromage de brebis Salakis Tranche bio - 150g","p":2.97,"u":"19,80 €/KG","img":"https://fd6-photos.leclercdrive.fr/image.ashx?id=2729719&use=l&cat=p&typeid=i","cat":314026},{"id":82141,"n":"Lentilles vertes Jolie Campagne 500g","p":2.01,"u":"4,02 €/KG","img":"https://fd6-photos.leclercdrive.fr/image.ashx?id=2023943&use=l&cat=p&typeid=i","cat":284430},{"id":82145,"n":"Bière blonde La G de Goudale 7.9%vol - 75cl","p":3.99,"u":"5,32 €/L","img":"https://fd6-photos.leclercdrive.fr/image.ashx?id=2861566&use=l&cat=p&typeid=i","cat":334872},{"id":82148,"n":"Lardons fumés Supérieur Eco+ 2x100g","p":1.28,"u":"6,40 €/KG","img":"https://fd6-photos.leclercdrive.fr/image.ashx?id=2998895&use=l&cat=p&typeid=i","cat":316011},{"id":82149,"n":"lardons supérieurs ECO+ Nature - 2x100g","p":1.28,"u":"6,40 €/KG","img":"https://fd6-photos.leclercdrive.fr/image.ashx?id=2968655&use=l&cat=p&typeid=i","cat":316011},{"id":82152,"n":"Compote Andros Abricot Morceaux - 4x100g","p":2.26,"u":"5,65 €/KG","img":"https://fd6-photos.leclercdrive.fr/image.ashx?id=2853566&use=l&cat=p&typeid=i","cat":284416},{"id":82153,"n":"Pois cassés Jolie Campagne 500g","p":1.52,"u":"3,04 €/KG","img":"https://fd6-photos.leclercdrive.fr/image.ashx?id=2023949&use=l&cat=p&typeid=i","cat":284430},{"id":82157,"n":"Dessert fruitier pêche Andros En morceaux - 4x100g","p":1.9,"u":"4,75 €/KG","img":"https://fd6-photos.leclercdrive.fr/image.ashx?id=2845470&use=l&cat=p&typeid=i","cat":284416},{"id":82166,"n":"Compotes Andros Pomme Fraise - 4x100g","p":1.49,"u":"3,73 €/KG","img":"https://fd6-photos.leclercdrive.fr/image.ashx?id=2915572&use=l&cat=p&typeid=i","cat":284416},{"id":82167,"n":"Compotes Andros Pomme Banane - 4x100g","p":1.52,"u":"3,80 €/KG","img":"https://fd6-photos.leclercdrive.fr/image.ashx?id=2883997&use=l&cat=p&typeid=i","cat":284416},{"id":82172,"n":"Mini cônes Extrême  Vanille Caramel x8 - 312g","p":4.28,"u":"13,72 €/KG","img":"https://fd6-photos.leclercdrive.fr/image.ashx?id=2737033&use=l&cat=p&typeid=i","cat":284264},{"id":82174,"n":"Extrême  Citron Framboise - 6x71g","p":3.79,"u":"8,90 €/KG","img":"https://fd6-photos.leclercdrive.fr/image.ashx?id=2866076&use=l&cat=p&typeid=i","cat":284264},{"id":82177,"n":"Bière blonde Duvel 8.5%vol - 75cl","p":4.22,"u":"5,63 €/L","img":"https://fd6-photos.leclercdrive.fr/image.ashx?id=2111139&use=l&cat=p&typeid=i","cat":334872},{"id":82179,"n":"Bière blonde 3 Monts 75cl","p":2.47,"u":"3,29 €/L","img":"https://fd6-photos.leclercdrive.fr/image.ashx?id=2550553&use=l&cat=p&typeid=i","cat":334852},{"id":82181,"n":"Bière Mort Subite Kriek A la cerise - 33cl","p":1.43,"u":"4,33 €/L","img":"https://fd6-photos.leclercdrive.fr/image.ashx?id=2796414&use=l&cat=p&typeid=i","cat":334872},{"id":82184,"n":"Barres KINDER BUENO White  Chocolat Blanc x12 - 468g","p":8.35,"u":"17,84 €/KG","img":"https://fd6-photos.leclercdrive.fr/image.ashx?id=2679642&use=l&cat=p&typeid=i","cat":284498},{"id":82217,"n":"Gin Hendrick's 41.1%vol - 70cl","p":35.45,"u":"50,64 €/L","img":"https://fd6-photos.leclercdrive.fr/image.ashx?id=2225594&use=l&cat=p&typeid=i","cat":284550},{"id":82218,"n":"Emmental fromage rapé Les Croisés - 750g","p":5.98,"u":"7,97 €/KG","img":"https://fd6-photos.leclercdrive.fr/image.ashx?id=2900665&use=l&cat=p&typeid=i","cat":314035},{"id":82234,"n":"Liniment Corine de Farme Bio - 500ml","p":4.28,"u":"8,56 €/L","img":"https://fd6-photos.leclercdrive.fr/image.ashx?id=2424449&use=l&cat=p&typeid=i","cat":284741},{"id":82238,"n":"Arrangé Maison La Mauny Banane 30%vol. - 70cl","p":19.92,"u":"28,46 €/L","img":"https://fd6-photos.leclercdrive.fr/image.ashx?id=2956334&use=l&cat=p&typeid=i","cat":284551},{"id":82250,"n":"Thon au Naturel Petit Navire Démarche Responsable 140g","p":2.22,"u":"15,86 €/KG","img":"https://fd6-photos.leclercdrive.fr/image.ashx?id=2928360&use=l&cat=p&typeid=i","cat":303867},{"id":82251,"n":"Thon MSC Naturel Petit Navire Entier -  112g","p":3.18,"u":"28,39 €/KG","img":"https://fd6-photos.leclercdrive.fr/image.ashx?id=2928357&use=l&cat=p&typeid=i","cat":303867},{"id":82253,"n":"Biscuits Thé LU 350g","p":1.47,"u":"4,20 €/KG","img":"https://fd6-photos.leclercdrive.fr/image.ashx?id=2977738&use=l&cat=p&typeid=i","cat":284487},{"id":82265,"n":"Céréales Quaker Cruesli Chocolat - 450g","p":2.67,"u":"5,93 €/KG","img":"https://fd6-photos.leclercdrive.fr/image.ashx?id=2382791&use=l&cat=p&typeid=i","cat":309512},{"id":82266,"n":"Filet de sardines Saupiquet A l'huile d'olive - 100g","p":1.55,"u":"15,50 €/KG","img":"https://fd6-photos.leclercdrive.fr/image.ashx?id=2845347&use=l&cat=p&typeid=i","cat":305146},{"id":82267,"n":"Céréales Quaker Cruesli Chocolat au lait - 900g","p":5.19,"u":"5,77 €/KG","img":"https://fd6-photos.leclercdrive.fr/image.ashx?id=2212150&use=l&cat=p&typeid=i","cat":309512},{"id":82268,"n":"Filet de Sardines Saupiquet Marinade Citron Basilic - 100g","p":1.62,"u":"16,20 €/KG","img":"https://fd6-photos.leclercdrive.fr/image.ashx?id=2845326&use=l&cat=p&typeid=i","cat":305146},{"id":82276,"n":"Sardines Huile PARMENTIER Tournesol 135g","p":1.53,"u":"11,33 €/KG","img":"https://fd6-photos.leclercdrive.fr/image.ashx?id=2989057&use=l&cat=p&typeid=i","cat":305146},{"id":82281,"n":"Boulettes de boeuf Eco+ x30 - 900g","p":6.85,"u":"7,61 €/KG","img":"https://fd6-photos.leclercdrive.fr/image.ashx?id=2966529&use=l&cat=p&typeid=i","cat":319779},{"id":82284,"n":"Bière 3 Monts 33cl","p":1.72,"u":"5,21 €/L","img":"https://fd6-photos.leclercdrive.fr/image.ashx?id=2684143&use=l&cat=p&typeid=i","cat":334852},{"id":82307,"n":"Emmental d'Entremont En tranches - 150g","p":2.58,"u":"17,20 €/KG","img":"https://fd6-photos.leclercdrive.fr/image.ashx?id=2877742&use=l&cat=p&typeid=i","cat":314028},{"id":82309,"n":"yaourt fruits bio les 2 vaches brassé poire - 4x115g","p":1.99,"u":"4,33 €/KG","img":"https://fd6-photos.leclercdrive.fr/image.ashx?id=2571527&use=l&cat=p&typeid=i","cat":284410},{"id":82350,"n":"Frites fines McCain Côté Comptoir - 650g","p":2.72,"u":"4,18 €/KG","img":"https://fd6-photos.leclercdrive.fr/image.ashx?id=2693887&use=l&cat=p&typeid=i","cat":319791},{"id":82351,"n":"Frites incurvées McCain Côté Brasserie - 650g","p":2.19,"u":"3,37 €/KG","img":"https://fd6-photos.leclercdrive.fr/image.ashx?id=2927044&use=l&cat=p&typeid=i","cat":319791},{"id":82387,"n":"Grignottes de poulet Côté Croc Provençale - 250g","p":2.49,"u":"9,96 €/KG","img":"https://fd6-photos.leclercdrive.fr/image.ashx?id=2570043&use=l&cat=p&typeid=i","cat":333685},{"id":82398,"n":"Bière Blonde Corbeau 50cl","p":1.95,"u":"3,90 €/L","img":"https://fd6-photos.leclercdrive.fr/image.ashx?id=1741478&use=l&cat=p&typeid=i","cat":334853},{"id":82433,"n":"Cordons Bleus Côté Croc Poulet x4 - 400g","p":3.14,"u":"7,85 €/KG","img":"https://fd6-photos.leclercdrive.fr/image.ashx?id=2801052&use=l&cat=p&typeid=i","cat":333683},{"id":82440,"n":"Boisson lactée Candy'UP Vanille - 6x20cl","p":2.81,"u":"2,34 €/L","img":"https://fd6-photos.leclercdrive.fr/image.ashx?id=2485632&use=l&cat=p&typeid=i","cat":295246},{"id":82452,"n":"Pruneaux d'Agen Maître Prunille IGP Dénoyautés - 500g","p":5.96,"u":"11,92 €/KG","img":"https://fd6-photos.leclercdrive.fr/image.ashx?id=2016023&use=l&cat=p&typeid=i","cat":284357},{"id":82520,"n":"Fromage Croque emmental Président - 12 tranches - 200g","p":1.74,"u":"8,70 €/KG","img":"https://fd6-photos.leclercdrive.fr/image.ashx?id=2446356&use=l&cat=p&typeid=i","cat":314028},{"id":82575,"n":"Bière ambrée La Goudale 7.2%vol - 6x25cl","p":4.45,"u":"2,97 €/L","img":"https://fd6-photos.leclercdrive.fr/image.ashx?id=2915521&use=l&cat=p&typeid=i","cat":334852},{"id":82647,"n":"Garniture :bouchées à la reine Petit Jean 2+1 offert - 3x400g","p":4.1,"u":"3,42 €/KG","img":"https://fd6-photos.leclercdrive.fr/image.ashx?id=2185286&use=l&cat=p&typeid=i","cat":284441},{"id":82663,"n":"Arrangé Rivière du Mât Banane Vanillé - 70cl - 35%vol","p":16.78,"u":"23,97 €/L","img":"https://fd6-photos.leclercdrive.fr/image.ashx?id=2731300&use=l&cat=p&typeid=i","cat":284551},{"id":82667,"n":"Yaourt aux fruits bifidus Activia poire - 4x125g","p":1.87,"u":"3,74 €/KG","img":"https://fd6-photos.leclercdrive.fr/image.ashx?id=2885330&use=l&cat=p&typeid=i","cat":315000},{"id":82669,"n":"Yaourt aux fruits bifidus Activia mangue - 4x125g","p":1.87,"u":"3,74 €/KG","img":"https://fd6-photos.leclercdrive.fr/image.ashx?id=2886642&use=l&cat=p&typeid=i","cat":315000},{"id":82677,"n":"yaourt aux fruits bifidus activia fraise - 4x125g","p":1.86,"u":"3,72 €/KG","img":"https://fd6-photos.leclercdrive.fr/image.ashx?id=2886627&use=l&cat=p&typeid=i","cat":315000},{"id":82678,"n":"yaourt aux fruits bifidus activia - 16x125g","p":6.14,"u":"3,07 €/KG","img":"https://fd6-photos.leclercdrive.fr/image.ashx?id=2810609&use=l&cat=p&typeid=i","cat":315000},{"id":82688,"n":"Brandade de Morue Tipiak 1.050kg","p":6.2,"u":"5,90 €/KG","img":"https://fd6-photos.leclercdrive.fr/image.ashx?id=2944023&use=l&cat=p&typeid=i","cat":284254},{"id":82739,"n":"Poisson pané Croustibat Findus Petit trésor MSC - x15 - 450g","p":3.23,"u":"7,18 €/KG","img":"https://fd6-photos.leclercdrive.fr/image.ashx?id=3008758&use=l&cat=p&typeid=i","cat":319788},{"id":82741,"n":"Poisson pané Findus Colin  Alaska Fish and Chips x13- 364g","p":2.88,"u":"7,91 €/KG","img":"https://fd6-photos.leclercdrive.fr/image.ashx?id=3008761&use=l&cat=p&typeid=i","cat":319788},{"id":82745,"n":"Couches Activ+ Mots d'enfants  Taille 5 : 11/25kg - x35","p":12.99,"u":"0,37 €/P","img":"https://fd6-photos.leclercdrive.fr/image.ashx?id=2922424&use=l&cat=p&typeid=i","cat":284737},{"id":82748,"n":"Couches Activ+ Mots d'enfants  Taille 4+ 9/20kg - x37 changes","p":12.99,"u":"0,35 €/P","img":"https://fd6-photos.leclercdrive.fr/image.ashx?id=2699747&use=l&cat=p&typeid=i","cat":284737},{"id":82924,"n":"Bière Heineken 6x33cl","p":4.59,"u":"2,32 €/L","img":"https://fd6-photos.leclercdrive.fr/image.ashx?id=3008113&use=l&cat=p&typeid=i","cat":334853},{"id":83107,"n":"Bière La G de Goudale 7.9% vol - 33cl","p":1.74,"u":"5,27 €/L","img":"https://fd6-photos.leclercdrive.fr/image.ashx?id=1736938&use=l&cat=p&typeid=i","cat":334872},{"id":83109,"n":"Bières Rince Cochon rouge 75cl","p":4.76,"u":"6,35 €/L","img":"https://fd6-photos.leclercdrive.fr/image.ashx?id=2021238&use=l&cat=p&typeid=i","cat":334872},{"id":83117,"n":"Bière blonde Affligem Triple D'abbaye - 6x25cl","p":5.8,"u":"3,87 €/L","img":"https://fd6-photos.leclercdrive.fr/image.ashx?id=2959889&use=l&cat=p&typeid=i","cat":334852},{"id":83120,"n":"Bière brune Pelforth 12x25cl","p":7.99,"u":"2,66 €/L","img":"https://fd6-photos.leclercdrive.fr/image.ashx?id=2646182&use=l&cat=p&typeid=i","cat":334852},{"id":83132,"n":"Boisson lactée Tous mes amis pour chats - 3x200ml","p":2.13,"u":"3,55 €/L","img":"https://fd6-photos.leclercdrive.fr/image.ashx?id=1944634&use=l&cat=p&typeid=i","cat":285285},{"id":83194,"n":"Friand jambon emmental Vitacuire - 8x65g","p":3.24,"u":"6,23 €/KG","img":"https://fd6-photos.leclercdrive.fr/image.ashx?id=1745165&use=l&cat=p&typeid=i","cat":319776},{"id":83227,"n":"Nuggets de poulet Le Gaulois x10 - 200g","p":2.01,"u":"10,05 €/KG","img":"https://fd6-photos.leclercdrive.fr/image.ashx?id=2342818&use=l&cat=p&typeid=i","cat":333684},{"id":83240,"n":"Bière Brune Pelforth 6x25cl","p":5.06,"u":"3,37 €/L","img":"https://fd6-photos.leclercdrive.fr/image.ashx?id=2655880&use=l&cat=p&typeid=i","cat":334852},{"id":83303,"n":"Happy Cola Haribo Sachet bonbons - 300g","p":1.88,"u":"6,27 €/KG","img":"https://fd6-photos.leclercdrive.fr/image.ashx?id=2806087&use=l&cat=p&typeid=i","cat":304250},{"id":83350,"n":"Bonbons Haribo Moam Happy fruttis - 200g","p":1.64,"u":"8,20 €/KG","img":"https://fd6-photos.leclercdrive.fr/image.ashx?id=2984916&use=l&cat=p&typeid=i","cat":304250},{"id":83356,"n":"Chipolatas   1kg","p":12.95,"u":"12,95 €/KG","img":"https://fd6-photos.leclercdrive.fr/image.ashx?id=632145&use=l&cat=p&typeid=i","cat":284334},{"id":83377,"n":"Pâte à tartiner Karéléa Noisette sans sucre ajouté-400g","p":5.34,"u":"13,35 €/KG","img":"https://fd6-photos.leclercdrive.fr/image.ashx?id=2888013&use=l&cat=p&typeid=i","cat":284481},{"id":83429,"n":"AOP Côtes de Provence rosé H Haussmann - 75cl","p":7.51,"u":"10,01 €/L","img":"https://fd6-photos.leclercdrive.fr/image.ashx?id=2093535&use=l&cat=p&typeid=i","cat":289558},{"id":83474,"n":"Sauce pour pâtes Florelli Asperges tomates parmesan -190g","p":2.28,"u":"12,00 €/KG","img":"https://fd6-photos.leclercdrive.fr/image.ashx?id=3011665&use=l&cat=p&typeid=i","cat":289010},{"id":83682,"n":"Oeufs Flandr'oeufs Moyen - x12","p":3.11,"u":"0,26 €/P","img":"https://fd6-photos.leclercdrive.fr/image.ashx?id=2333294&use=l&cat=p&typeid=i","cat":284378},{"id":83684,"n":"Oeufs Falndr'oeufs  Moyen - x30","p":6.1,"u":"0,20 €/P","img":"https://fd6-photos.leclercdrive.fr/image.ashx?id=2743277&use=l&cat=p&typeid=i","cat":284378},{"id":83695,"n":"Vin d'Espagne rosé François d'Aubigné - 75cl","p":1.39,"u":"1,85 €/L","img":"https://fd6-photos.leclercdrive.fr/image.ashx?id=2747746&use=l&cat=p&typeid=i","cat":289558},{"id":83696,"n":"Vin d'Espagne rosé François D'Aubigné - BIB 5L","p":6.19,"u":"1,24 €/L","img":"https://fd6-photos.leclercdrive.fr/image.ashx?id=2483593&use=l&cat=p&typeid=i","cat":289560},{"id":83697,"n":"Vin d'Espagne blanc Sauvignon Bernard Cordelier - 75 cl","p":1.75,"u":"2,33 €/L","img":"https://fd6-photos.leclercdrive.fr/image.ashx?id=2886528&use=l&cat=p&typeid=i","cat":289557},{"id":83698,"n":"IGP Pays d'Oc Grenache vin rosé Vieux Carion 12.5% vol - 75cl","p":2.25,"u":"3,00 €/L","img":"https://fd6-photos.leclercdrive.fr/image.ashx?id=2722823&use=l&cat=p&typeid=i","cat":289558},{"id":83790,"n":"Desserts Lactés P'TIT BRASSE BIO Pomme Pêche 6M+ - 4x90g","p":2.05,"u":"5,69 €/KG","img":"https://fd6-photos.leclercdrive.fr/image.ashx?id=2670863&use=l&cat=p&typeid=i","cat":312392},{"id":83820,"n":"Chips Pom'Lisse  Saveur Chèvre miel - 135g","p":1.35,"u":"10,00 €/KG","img":"https://fd6-photos.leclercdrive.fr/image.ashx?id=2654474&use=l&cat=p&typeid=i","cat":284447},{"id":83854,"n":"Vin d'Espagne blanc François D'Aubigné - 75 cl","p":1.39,"u":"1,85 €/L","img":"https://fd6-photos.leclercdrive.fr/image.ashx?id=2888610&use=l&cat=p&typeid=i","cat":289557},{"id":83935,"n":"Thon mariné au piment d\"espelette Petit Navire - 110g","p":2.18,"u":"19,82 €/KG","img":"https://fd6-photos.leclercdrive.fr/image.ashx?id=2682863&use=l&cat=p&typeid=i","cat":303867},{"id":83944,"n":"Vin d'Espagne rouge Merlot Bernard Cordelier - 75cl","p":1.75,"u":"2,33 €/L","img":"https://fd6-photos.leclercdrive.fr/image.ashx?id=2756855&use=l&cat=p&typeid=i","cat":289556},{"id":83947,"n":"Vin d'Espagne vin rouge Bernard Cordelier - 75cl","p":1.75,"u":"2,33 €/L","img":"https://fd6-photos.leclercdrive.fr/image.ashx?id=2760789&use=l&cat=p&typeid=i","cat":289556},{"id":83951,"n":"IGP Pays d'Oc rouge Merlot J-P Chenet 13% vol BIB 3L","p":10.42,"u":"3,47 €/L","img":"https://fd6-photos.leclercdrive.fr/image.ashx?id=2941709&use=l&cat=p&typeid=i","cat":289560},{"id":83974,"n":"IGP  Pays d'Hérault vin rosé Bernard Cordelier - 75cl","p":1.99,"u":"2,65 €/L","img":"https://fd6-photos.leclercdrive.fr/image.ashx?id=2677651&use=l&cat=p&typeid=i","cat":289558},{"id":83979,"n":"Vin de l'Union Européenne Vieux Papes 12.5%vol - 75cl","p":2.25,"u":"3,00 €/L","img":"https://fd6-photos.leclercdrive.fr/image.ashx?id=2093388&use=l&cat=p&typeid=i","cat":289556},{"id":83985,"n":"IGP Pays d'Oc rouge Merlot Grand Sud 13% vol - 1L","p":3.92,"u":"3,92 €/L","img":"https://fd6-photos.leclercdrive.fr/image.ashx?id=2941583&use=l&cat=p&typeid=i","cat":289556},{"id":83986,"n":"IGP Pays d'Oc rosé Merlot Grand Sud 12.5% vol - 1L","p":3.92,"u":"3,92 €/L","img":"https://fd6-photos.leclercdrive.fr/image.ashx?id=2941580&use=l&cat=p&typeid=i","cat":289558},{"id":84002,"n":"Vin Blanc La villageoise  Union européenne - 1.5L","p":3.49,"u":"2,33 €/L","img":"https://fd6-photos.leclercdrive.fr/image.ashx?id=2414133&use=l&cat=p&typeid=i","cat":289557},{"id":84009,"n":"IGP Côtes de Gascogne vin rosé Terrasses d'Autan 12% vol 75cl","p":2.99,"u":"3,99 €/L","img":"https://fd6-photos.leclercdrive.fr/image.ashx?id=2750162&use=l&cat=p&typeid=i","cat":289558},{"id":84011,"n":"IGP  Pays d'Hérault vin rosé Bernard Cordelier - BIB 3L","p":5.99,"u":"2,00 €/L","img":"https://fd6-photos.leclercdrive.fr/image.ashx?id=2891911&use=l&cat=p&typeid=i","cat":289560},{"id":84014,"n":"AOP Bordeaux vin blanc Bernard Cordelier - 75 cl","p":2.99,"u":"3,99 €/L","img":"https://fd6-photos.leclercdrive.fr/image.ashx?id=2776561&use=l&cat=p&typeid=i","cat":289557},{"id":84017,"n":"AOC Corbères vin rouge Bernard Cordelier - 75 cl","p":1.99,"u":"2,65 €/L","img":"https://fd6-photos.leclercdrive.fr/image.ashx?id=2747607&use=l&cat=p&typeid=i","cat":289556},{"id":84019,"n":"IGP  Pays d'Hérault vin rouge Bernard Cordelier - BIB 3L","p":5.99,"u":"2,00 €/L","img":"https://fd6-photos.leclercdrive.fr/image.ashx?id=2758341&use=l&cat=p&typeid=i","cat":289560},{"id":84020,"n":"IGP  Pays d'Hérault vin rouge Bernard Cordelier - 75cl","p":1.85,"u":"2,47 €/L","img":"https://fd6-photos.leclercdrive.fr/image.ashx?id=2843863&use=l&cat=p&typeid=i","cat":289556},{"id":84028,"n":"IGP Méditerranée rosé Les Calandières 12% vol BIB 3L","p":11.89,"u":"3,96 €/L","img":"https://fd6-photos.leclercdrive.fr/image.ashx?id=2997766&use=l&cat=p&typeid=i","cat":289560},{"id":84031,"n":"Maca-ginseng-gimgembre  Tonifiant sexuel - 40 comprimés","p":3.41,"u":"0,09 €/P","img":"https://fd6-photos.leclercdrive.fr/image.ashx?id=2773376&use=l&cat=p&typeid=i","cat":313217},{"id":84057,"n":"Sommeil mélatonine  30 gélules","p":7.04,"u":"0,23 €/P","img":"https://fd6-photos.leclercdrive.fr/image.ashx?id=2744722&use=l&cat=p&typeid=i","cat":313217},{"id":84152,"n":"Pain pour Panini La Boulangère x4 - 300g","p":1.73,"u":"5,77 €/KG","img":"https://fd6-photos.leclercdrive.fr/image.ashx?id=2937457&use=l&cat=p&typeid=i","cat":284985},{"id":84154,"n":"Bonbons VICHY Menthe 230g","p":1.06,"u":"4,61 €/KG","img":"https://fd6-photos.leclercdrive.fr/image.ashx?id=2806342&use=l&cat=p&typeid=i","cat":304252},{"id":84156,"n":"Carambar mini mix 220g","p":2.26,"u":"10,27 €/KG","img":"https://fd6-photos.leclercdrive.fr/image.ashx?id=2817845&use=l&cat=p&typeid=i","cat":304250},{"id":84158,"n":"Bonbons CARAMBAR Fruits Assortiment - 320g","p":1.69,"u":"5,28 €/KG","img":"https://fd6-photos.leclercdrive.fr/image.ashx?id=2964499&use=l&cat=p&typeid=i","cat":304250},{"id":84159,"n":"Bonbons CARAMBAR Family Assortiment - 450g","p":2.69,"u":"5,98 €/KG","img":"https://fd6-photos.leclercdrive.fr/image.ashx?id=2903446&use=l&cat=p&typeid=i","cat":304250},{"id":84160,"n":"Bonbons CARAMBAR Caramel 320g","p":1.69,"u":"5,28 €/KG","img":"https://fd6-photos.leclercdrive.fr/image.ashx?id=2770124&use=l&cat=p&typeid=i","cat":304250},{"id":84161,"n":"Bonbons LA PIE QUI CHANTE Michoko Noir - 280g","p":2.38,"u":"8,50 €/KG","img":"https://fd6-photos.leclercdrive.fr/image.ashx?id=2817842&use=l&cat=p&typeid=i","cat":304250},{"id":84163,"n":"Break P'tit Déli 135g","p":1.33,"u":"9,85 €/KG","img":"https://fd6-photos.leclercdrive.fr/image.ashx?id=1419312&use=l&cat=p&typeid=i","cat":284488},{"id":84186,"n":"Lait bébé en poudre Bio Guigoz 2ème âge - 6-12 mois - 800g","p":18.41,"u":"23,01 €/KG","img":"https://fd6-photos.leclercdrive.fr/image.ashx?id=2740286&use=l&cat=p&typeid=i","cat":284727},{"id":84188,"n":"Lait bébé en poudre Bio Guigoz 1er âge - 0-6 mois - 800g","p":20.05,"u":"25,06 €/KG","img":"https://fd6-photos.leclercdrive.fr/image.ashx?id=3000438&use=l&cat=p&typeid=i","cat":284726},{"id":84247,"n":"Dentifrice Dentavie Bio Haleine fraiche - 75ml","p":3.53,"u":"47,07 €/L","img":"https://fd6-photos.leclercdrive.fr/image.ashx?id=2575522&use=l&cat=p&typeid=i","cat":284612},{"id":84249,"n":"Crème Bio Hydratante Sobio Etic Aloe Vera - 100ml","p":7.43,"u":"74,30 €/L","img":"https://fd6-photos.leclercdrive.fr/image.ashx?id=2787074&use=l&cat=p&typeid=i","cat":325345},{"id":84327,"n":"Chicorée en grains Leroux  nature - 520g","p":2.33,"u":"4,48 €/KG","img":"https://fd6-photos.leclercdrive.fr/image.ashx?id=2730496&use=l&cat=p&typeid=i","cat":284843},{"id":84392,"n":"Sauce tomate de Marmande 300g - Lucien Georgelin","p":2.25,"u":"7,50 €/KG","img":"https://fd6-photos.leclercdrive.fr/image.ashx?id=2015660&use=l&cat=p&typeid=i","cat":288384},{"id":84440,"n":"Saucisse perche d'Aveyron  NRT - 320g","p":6.96,"u":"21,75 €/KG","img":"https://fd6-photos.leclercdrive.fr/image.ashx?id=1910667&use=l&cat=p&typeid=i","cat":316006},{"id":84441,"n":"Trio saucissons Cévennes  Nos Régions ont du Talent 345g","p":6.84,"u":"19,83 €/KG","img":"https://fd6-photos.leclercdrive.fr/image.ashx?id=2776301&use=l&cat=p&typeid=i","cat":316006},{"id":84458,"n":"Crème glacée L'Angélys Artisanale Chocolat noir - 450g","p":5.18,"u":"11,51 €/KG","img":"https://fd6-photos.leclercdrive.fr/image.ashx?id=2963571&use=l&cat=p&typeid=i","cat":284263},{"id":84791,"n":"Cuisse de poulet jaune Le Gaulois - x2 - 500g","p":3.02,"u":"6,04 €/KG","img":"https://fd6-photos.leclercdrive.fr/image.ashx?id=2732749&use=l&cat=p&typeid=i","cat":284336},{"id":84794,"n":"Coton Lotus Baby Peau nette - x85","p":2.55,"u":"0,03 €/P","img":"https://fd6-photos.leclercdrive.fr/image.ashx?id=2981355&use=l&cat=p&typeid=i","cat":284739},{"id":84819,"n":"Cerneaux de noix Seeberger 150g","p":3.45,"u":"23,00 €/KG","img":"https://fd6-photos.leclercdrive.fr/image.ashx?id=2950615&use=l&cat=p&typeid=i","cat":284357},{"id":84996,"n":"Beurre Le Campagnou  Demi-sel - 500g","p":4.49,"u":"8,98 €/KG","img":"https://fd6-photos.leclercdrive.fr/image.ashx?id=2546626&use=l&cat=p&typeid=i","cat":284379},{"id":85022,"n":"Shampooing Naturé Moi Extra-doux - 250ml","p":2.23,"u":"8,92 €/L","img":"https://fd6-photos.leclercdrive.fr/image.ashx?id=2740673&use=l&cat=p&typeid=i","cat":284606},{"id":85040,"n":"Shampooing sec Batiste Cherry - 200ml","p":3.53,"u":"17,65 €/L","img":"https://fd6-photos.leclercdrive.fr/image.ashx?id=2983459&use=l&cat=p&typeid=i","cat":289143},{"id":85051,"n":"Endives Panier du Primeur x5","p":2.49,"u":"0,50 €/P","img":"https://fd6-photos.leclercdrive.fr/image.ashx?id=2655607&use=l&cat=p&typeid=i","cat":284352},{"id":85052,"n":"Croquettes petit chien Ultima  Nature Poulet - 1,25kg","p":6.4,"u":"5,12 €/KG","img":"https://fd6-photos.leclercdrive.fr/image.ashx?id=2593164&use=l&cat=p&typeid=i","cat":294526},{"id":85053,"n":"Papier Toilette Lotus Moltonel Sans tube - x4","p":5.11,"u":"1,28 €/P","img":"https://fd6-photos.leclercdrive.fr/image.ashx?id=2992317&use=l&cat=p&typeid=i","cat":284634},{"id":85059,"n":"Protection auditive Quies En mousse fluo - x16","p":6.2,"u":"0,39 €/P","img":"https://fd6-photos.leclercdrive.fr/image.ashx?id=2159511&use=l&cat=p&typeid=i","cat":284630},{"id":85090,"n":"Sauce 3 Poivres Heinz - 220g","p":1.88,"u":"8,55 €/KG","img":"https://fd6-photos.leclercdrive.fr/image.ashx?id=2973351&use=l&cat=p&typeid=i","cat":318431},{"id":85106,"n":"Mayonnaise American Style Heinz  - 395g","p":2.48,"u":"6,28 €/KG","img":"https://fd6-photos.leclercdrive.fr/image.ashx?id=2927059&use=l&cat=p&typeid=i","cat":298295},{"id":85206,"n":"Génoises fourrées Pim's LU Fraise des bois - 150g","p":1.65,"u":"11,00 €/KG","img":"https://fd6-photos.leclercdrive.fr/image.ashx?id=3002204&use=l&cat=p&typeid=i","cat":284489},{"id":85207,"n":"Génoise fourrées Pim's LU Poire - 150g","p":1.69,"u":"11,27 €/KG","img":"https://fd6-photos.leclercdrive.fr/image.ashx?id=2145202&use=l&cat=p&typeid=i","cat":284489},{"id":85268,"n":"Infusion Bio Ethiquable Rooibos Afrique du Sud x20 - 40g","p":1.85,"u":"2,31 €/KG","img":"https://fd6-photos.leclercdrive.fr/image.ashx?id=2870878&use=l&cat=p&typeid=i","cat":293233},{"id":85666,"n":"IGP Ardeche rosé Pont d'Arc 12.5% vol - BIB 5L","p":11.2,"u":"2,24 €/L","img":"https://fd6-photos.leclercdrive.fr/image.ashx?id=2527922&use=l&cat=p&typeid=i","cat":289560},{"id":85677,"n":"AOP Saumur Vin blanc pétillant  Ackerman brut - 75cl","p":5.6,"pp":4.2,"u":"5,60 €/L","img":"https://fd6-photos.leclercdrive.fr/image.ashx?id=2730232&use=l&cat=p&typeid=i","cat":284544},{"id":85693,"n":"Donut de poulet Maître Coq 800g","p":6.67,"u":"8,34 €/KG","img":"https://fd6-photos.leclercdrive.fr/image.ashx?id=2426941&use=l&cat=p&typeid=i","cat":333684},{"id":85735,"n":"Soda au cola Pepsi Zéro sucres La bouteille de 2L","p":1.58,"u":"0,79 €/L","img":"https://fd6-photos.leclercdrive.fr/image.ashx?id=2682297&use=l&cat=p&typeid=i","cat":284530},{"id":85739,"n":"Soda Pepsi Saveur cola sans sucres - 1L","p":1.11,"u":"1,11 €/L","img":"https://fd6-photos.leclercdrive.fr/image.ashx?id=2682300&use=l&cat=p&typeid=i","cat":284530},{"id":85745,"n":"Batonnets Surimi Coraya x30 - 450g","p":4.27,"u":"9,49 €/KG","img":"https://fd6-photos.leclercdrive.fr/image.ashx?id=2962683&use=l&cat=p&typeid=i","cat":285189},{"id":85768,"n":"Crème de violette Giffard 16%Vol - 50cl","p":5.5,"pp":4.95,"u":"9,90 €/L","img":"https://fd6-photos.leclercdrive.fr/image.ashx?id=2219162&use=l&cat=p&typeid=i","cat":295020},{"id":85769,"n":"Triple sec Giffard 25% Vol - 50cl","p":5.5,"u":"11,00 €/L","img":"https://fd6-photos.leclercdrive.fr/image.ashx?id=1567000&use=l&cat=p&typeid=i","cat":286032},{"id":85955,"n":"Vin d'Espagne rosé grenache Bio Alexandre de Montmirel - BIB 3L","p":11.95,"u":"3,98 €/L","img":"https://fd6-photos.leclercdrive.fr/image.ashx?id=2276729&use=l&cat=p&typeid=i","cat":289558},{"id":85960,"n":"AOP Bordeaux rosé Mouton Cadet - 75cl","p":5.59,"u":"7,45 €/L","img":"https://fd6-photos.leclercdrive.fr/image.ashx?id=2943987&use=l&cat=p&typeid=i","cat":289558},{"id":85998,"n":"Sauce Curry Mango Heinz - 225g","p":1.99,"u":"8,84 €/KG","img":"https://fd6-photos.leclercdrive.fr/image.ashx?id=2927050&use=l&cat=p&typeid=i","cat":318431},{"id":86071,"n":"AOP Prosecco Perlino Extra Dry - 75cl","p":6.3,"u":"8,40 €/L","img":"https://fd6-photos.leclercdrive.fr/image.ashx?id=2612778&use=l&cat=p&typeid=i","cat":289461},{"id":86208,"n":"Pâte à tartiner Nutella 1kg","p":6.62,"u":"6,62 €/KG","img":"https://fd6-photos.leclercdrive.fr/image.ashx?id=2935648&use=l&cat=p&typeid=i","cat":284481},{"id":86375,"n":"Rochers Suchard  Lait - 7x35g","p":3.9,"u":"15,92 €/KG","img":"https://fd6-photos.leclercdrive.fr/image.ashx?id=2950372&use=l&cat=p&typeid=i","cat":284499},{"id":86376,"n":"Rochers Suchard Noir - 7x35g","p":3.9,"u":"15,92 €/KG","img":"https://fd6-photos.leclercdrive.fr/image.ashx?id=2950375&use=l&cat=p&typeid=i","cat":284499},{"id":86403,"n":"Capsules café L'Or Espresso Delizioso N°5 x10","p":3.13,"u":"60,19 €/KG","img":"https://fd6-photos.leclercdrive.fr/image.ashx?id=3000462&use=l&cat=p&typeid=i","cat":284749},{"id":86411,"n":"Biscuit bio Bjorg Avoine pépites chocolat - 130g","p":2.5,"u":"19,23 €/KG","img":"https://fd6-photos.leclercdrive.fr/image.ashx?id=2999985&use=l&cat=p&typeid=i","cat":325066},{"id":86416,"n":"Confiture bio Bio Village Fruits rouges - 370g","p":2.79,"u":"7,54 €/KG","img":"https://fd6-photos.leclercdrive.fr/image.ashx?id=2965638&use=l&cat=p&typeid=i","cat":284480},{"id":86417,"n":"Barquettes Bio Village Fraise bio - 120g","p":1.99,"u":"16,58 €/KG","img":"https://fd6-photos.leclercdrive.fr/image.ashx?id=2546095&use=l&cat=p&typeid=i","cat":284489},{"id":86438,"n":"Dentifrice Integral 8 Signal Nature Elements Coco 75ml","p":1.72,"u":"22,93 €/L","img":"https://fd6-photos.leclercdrive.fr/image.ashx?id=2974659&use=l&cat=p&typeid=i","cat":284612},{"id":86451,"n":"Lessive gel Génie Lavage main - 200ml","p":1.51,"u":"7,55 €/L","img":"https://fd6-photos.leclercdrive.fr/image.ashx?id=2664142&use=l&cat=p&typeid=i","cat":284643},{"id":86470,"n":"Bonbons KREMA Festival Assortiment - 360g","p":2.38,"u":"6,61 €/KG","img":"https://fd6-photos.leclercdrive.fr/image.ashx?id=2817875&use=l&cat=p&typeid=i","cat":304250},{"id":86474,"n":"Bonbons KREMA Batna Réglisse & Anis - 360g","p":2.26,"u":"6,28 €/KG","img":"https://fd6-photos.leclercdrive.fr/image.ashx?id=2817878&use=l&cat=p&typeid=i","cat":304250},{"id":86482,"n":"Bonbons KREMA Régal'ad Assortiment Fruits - 360g","p":2.46,"u":"6,83 €/KG","img":"https://fd6-photos.leclercdrive.fr/image.ashx?id=2855295&use=l&cat=p&typeid=i","cat":304250},{"id":86488,"n":"Bonbons La pie qui chante Stoptou à la réglisse - 450g","p":2.49,"u":"5,53 €/KG","img":"https://fd6-photos.leclercdrive.fr/image.ashx?id=2817872&use=l&cat=p&typeid=i","cat":304250},{"id":86565,"n":"Chocolat en poudre Poulain Grand Arôme: 32% cacao - 800g","p":5.21,"u":"6,51 €/KG","img":"https://fd6-photos.leclercdrive.fr/image.ashx?id=2867119&use=l&cat=p&typeid=i","cat":293235},{"id":86570,"n":"Chewing gum Malabar Tutti Frutti - 214g","p":1.98,"u":"9,25 €/KG","img":"https://fd6-photos.leclercdrive.fr/image.ashx?id=2817848&use=l&cat=p&typeid=i","cat":304251},{"id":86586,"n":"Pain de mie Harrys Nature extra moelleux - 500g","p":1.29,"u":"2,58 €/KG","img":"https://fd6-photos.leclercdrive.fr/image.ashx?id=2660730&use=l&cat=p&typeid=i","cat":284477},{"id":86658,"n":"Thé vert Twinings Simplement pur - x25 - 37g","p":2.46,"u":"66,49 €/KG","img":"https://fd6-photos.leclercdrive.fr/image.ashx?id=2893015&use=l&cat=p&typeid=i","cat":293233},{"id":86660,"n":"Farine bio Mon Fournil Blé semi complète - 1kg","p":1.98,"u":"1,98 €/KG","img":"https://fd6-photos.leclercdrive.fr/image.ashx?id=2861677&use=l&cat=p&typeid=i","cat":284503},{"id":86661,"n":"Farine bio Mon Fournil Maïs sans gluten - 500g","p":3.47,"u":"6,94 €/KG","img":"https://fd6-photos.leclercdrive.fr/image.ashx?id=2378039&use=l&cat=p&typeid=i","cat":318654},{"id":86663,"n":"Farine complète bio Mon Fournil Riz sans gluten - 400g","p":3.37,"u":"8,43 €/KG","img":"https://fd6-photos.leclercdrive.fr/image.ashx?id=2378045&use=l&cat=p&typeid=i","cat":318654},{"id":86665,"n":"Dosettes café Senseo Grand Mère Classique x54","p":5.28,"u":"14,83 €/KG","img":"https://fd6-photos.leclercdrive.fr/image.ashx?id=2769837&use=l&cat=p&typeid=i","cat":293238},{"id":86669,"n":"Huile vierge Bio village  Sésame grillé bio - 25cl","p":2.67,"u":"10,68 €/L","img":"https://fd6-photos.leclercdrive.fr/image.ashx?id=3005715&use=l&cat=p&typeid=i","cat":284453},{"id":86713,"n":"St Feuillien triple 33cl","p":2.24,"u":"6,79 €/L","img":"https://fd6-photos.leclercdrive.fr/image.ashx?id=2458937&use=l&cat=p&typeid=i","cat":334872},{"id":86724,"n":"Huile d'olive Bio Village Bio Vierge extra fruité - 75 cl","p":7.99,"u":"10,65 €/L","img":"https://fd6-photos.leclercdrive.fr/image.ashx?id=3005712&use=l&cat=p&typeid=i","cat":284453},{"id":86725,"n":"Poudre de cacao bio Bio Village 500g - 32% de cacao","p":3.95,"u":"7,90 €/KG","img":"https://fd6-photos.leclercdrive.fr/image.ashx?id=2441516&use=l&cat=p&typeid=i","cat":293235},{"id":86732,"n":"Chips Barbecue Pom'lisse Maxi format - 270g","p":1.81,"u":"6,70 €/KG","img":"https://fd6-photos.leclercdrive.fr/image.ashx?id=2710837&use=l&cat=p&typeid=i","cat":284447},{"id":86734,"n":"Cookies P'tit Déli Triple chocolat - 200g","p":1.44,"u":"7,20 €/KG","img":"https://fd6-photos.leclercdrive.fr/image.ashx?id=2529608&use=l&cat=p&typeid=i","cat":325066},{"id":86738,"n":"Croquants des cordes NRT 90g","p":3.55,"u":"39,44 €/KG","img":"https://fd6-photos.leclercdrive.fr/image.ashx?id=2622341&use=l&cat=p&typeid=i","cat":284487},{"id":86739,"n":"Apéritif Lagoa Cocktail  Fruit de la passion s/al - 75cl","p":2.8,"u":"3,73 €/L","img":"https://fd6-photos.leclercdrive.fr/image.ashx?id=1865307&use=l&cat=p&typeid=i","cat":284549},{"id":86741,"n":"AOC Costières de Nîmes vin rosé Rives & Terrasses - BIB 3L","p":9.99,"u":"3,33 €/L","img":"https://fd6-photos.leclercdrive.fr/image.ashx?id=2930367&use=l&cat=p&typeid=i","cat":289560},{"id":86743,"n":"IGP Côtes de Gascogne blanc  Vieux Carion - 12% vol 75 cl","p":2.79,"u":"3,72 €/L","img":"https://fd6-photos.leclercdrive.fr/image.ashx?id=2872724&use=l&cat=p&typeid=i","cat":289557},{"id":86744,"n":"Mouchoirs blancs 3 plis Caresse Boîte mouchoirs papier parf x80","p":1.65,"u":"0,02 €/P","img":"https://fd6-photos.leclercdrive.fr/image.ashx?id=2837247&use=l&cat=p&typeid=i","cat":284638},{"id":86745,"n":"Lames de rasoir Carré Homme x5","p":7.5,"u":"1,50 €/P","img":"https://fd6-photos.leclercdrive.fr/image.ashx?id=1944625&use=l&cat=p&typeid=i","cat":284616},{"id":86747,"n":"Sacs de congélation Elembal Curseur moyen - x15","p":1.99,"u":"0,13 €/P","img":"https://fd6-photos.leclercdrive.fr/image.ashx?id=2511120&use=l&cat=p&typeid=i","cat":334134},{"id":86748,"n":"Adoucissant Hyperdou Lingettes Rêve de fraîcheur - x20","p":1.71,"u":"0,09 €/P","img":"https://fd6-photos.leclercdrive.fr/image.ashx?id=2489203&use=l&cat=p&typeid=i","cat":325302},{"id":86749,"n":"Rasoir Siliss 5 lames","p":5.99,"u":"3,00 €/P","img":"https://fd6-photos.leclercdrive.fr/image.ashx?id=2699732&use=l&cat=p&typeid=i","cat":325352},{"id":86753,"n":"Spray nettoyant Uni Vert Désinfectant écocert - 750ml","p":2.19,"u":"2,92 €/L","img":"https://fd6-photos.leclercdrive.fr/image.ashx?id=2569050&use=l&cat=p&typeid=i","cat":325357},{"id":86779,"n":"Colin d'Alaska Pêche Océan Beurre citron - MSC - 400g","p":3.39,"u":"8,48 €/KG","img":"https://fd6-photos.leclercdrive.fr/image.ashx?id=2930126&use=l&cat=p&typeid=i","cat":319786},{"id":86784,"n":"Frites au four Pom'Lisse Pom'Steak - 600g","p":1.46,"u":"2,43 €/KG","img":"https://fd6-photos.leclercdrive.fr/image.ashx?id=2770687&use=l&cat=p&typeid=i","cat":319791},{"id":86788,"n":"Tartinable thon Fromage frais MSC Ronde des mers - 140g","p":1.99,"u":"14,21 €/KG","img":"https://fd6-photos.leclercdrive.fr/image.ashx?id=2823084&use=l&cat=p&typeid=i","cat":285191},{"id":86834,"n":"Crème Solaire Spray Nivea Sun FPS 30 Protect&Bronze - 200ml","p":8.69,"u":"43,45 €/L","img":"https://fd6-photos.leclercdrive.fr/image.ashx?id=2986792&use=l&cat=p&typeid=i","cat":325355},{"id":86835,"n":"Crème Solaire Spray Nivea Sun FPS 50 Protect&Bronze - 200ml","p":12.11,"u":"60,55 €/L","img":"https://fd6-photos.leclercdrive.fr/image.ashx?id=2951986&use=l&cat=p&typeid=i","cat":325355},{"id":86884,"n":"Amande en poudre Vahiné 200g","p":4.22,"u":"21,10 €/KG","img":"https://fd6-photos.leclercdrive.fr/image.ashx?id=2559850&use=l&cat=p&typeid=i","cat":284504},{"id":86885,"n":"Pralin Vahiné 200g","p":4.05,"u":"20,25 €/KG","img":"https://fd6-photos.leclercdrive.fr/image.ashx?id=2524320&use=l&cat=p&typeid=i","cat":284504},{"id":86911,"n":"Muesli bio Happy Bio  Fruits rouges et chia - 375g","p":3.31,"u":"8,83 €/KG","img":"https://fd6-photos.leclercdrive.fr/image.ashx?id=2970984&use=l&cat=p&typeid=i","cat":309512},{"id":86914,"n":"Fromage Camembert Isigny NRT 250g","p":2.81,"u":"11,24 €/KG","img":"https://fd6-photos.leclercdrive.fr/image.ashx?id=1961500&use=l&cat=p&typeid=i","cat":314033},{"id":86916,"n":"Lames de rasoir Carré Homme 2 lames - x10","p":1.29,"u":"0,13 €/P","img":"https://fd6-photos.leclercdrive.fr/image.ashx?id=2591721&use=l&cat=p&typeid=i","cat":284616},{"id":86917,"n":"Lames de rasoir Siliss 5 lames - x3","p":6.49,"u":"2,16 €/P","img":"https://fd6-photos.leclercdrive.fr/image.ashx?id=2699735&use=l&cat=p&typeid=i","cat":325352},{"id":86940,"n":"Emmental fromage râpé bio Bio village - 400g","p":4.45,"u":"11,13 €/KG","img":"https://fd6-photos.leclercdrive.fr/image.ashx?id=2501688&use=l&cat=p&typeid=i","cat":314035},{"id":86947,"n":"Parmesan rapé AOP 30% MG Bio Bio village - 50g","p":1.66,"u":"33,20 €/KG","img":"https://fd6-photos.leclercdrive.fr/image.ashx?id=2887422&use=l&cat=p&typeid=i","cat":314035},{"id":86954,"n":"Croissants crus surgelés Gourmet d'Alsace - 1.5kg - x30","p":9.66,"u":"6,44 €/KG","img":"https://fd6-photos.leclercdrive.fr/image.ashx?id=2167101&use=l&cat=p&typeid=i","cat":288858},{"id":86957,"n":"Lentilles blondes Notre Jardin 500g","p":2.64,"u":"5,28 €/KG","img":"https://fd6-photos.leclercdrive.fr/image.ashx?id=2096455&use=l&cat=p&typeid=i","cat":284430},{"id":86967,"n":"Pois Cassés Notre Jardin 500g","p":2.15,"u":"4,30 €/KG","img":"https://fd6-photos.leclercdrive.fr/image.ashx?id=2096452&use=l&cat=p&typeid=i","cat":284430},{"id":86969,"n":"Haricots blancs Notre Jardin 500g","p":2.09,"u":"4,18 €/KG","img":"https://fd6-photos.leclercdrive.fr/image.ashx?id=2096449&use=l&cat=p&typeid=i","cat":284430},{"id":86986,"n":"Sachet fraicheur chat Sheba Thon saumon en gelée - 6x50g","p":2.66,"u":"8,87 €/KG","img":"https://fd6-photos.leclercdrive.fr/image.ashx?id=2850162&use=l&cat=p&typeid=i","cat":285286},{"id":87001,"n":"Petits Pois Notre Jardin 600g","p":1.69,"u":"2,82 €/KG","img":"https://fd6-photos.leclercdrive.fr/image.ashx?id=2873159&use=l&cat=p&typeid=i","cat":319805},{"id":87007,"n":"Bâtonnets à mâcher Dentalife Extra mini x23 - 207g","p":4.27,"u":"20,63 €/KG","img":"https://fd6-photos.leclercdrive.fr/image.ashx?id=2963970&use=l&cat=p&typeid=i","cat":294527},{"id":87011,"n":"Sachet repas chat Gourmet Perle Régal de sauces - 12x85g","p":5.7,"u":"5,59 €/KG","img":"https://fd6-photos.leclercdrive.fr/image.ashx?id=2902361&use=l&cat=p&typeid=i","cat":285286},{"id":87024,"n":"Smoothie innocent énergie boogie ruby 750ml","p":3.68,"u":"4,91 €/L","img":"https://fd6-photos.leclercdrive.fr/image.ashx?id=2187631&use=l&cat=p&typeid=i","cat":285435},{"id":87026,"n":"Smoothie innocent antioxydant green 750ml","p":3.63,"u":"4,84 €/L","img":"https://fd6-photos.leclercdrive.fr/image.ashx?id=2860049&use=l&cat=p&typeid=i","cat":285435},{"id":87038,"n":"Yaourt nature Danone 8x125g","p":1.83,"u":"1,83 €/KG","img":"https://fd6-photos.leclercdrive.fr/image.ashx?id=3001985&use=l&cat=p&typeid=i","cat":284409},{"id":87054,"n":"Yaourt à boire Michel&Augustin Mangue Passion - 500ml","p":2.64,"u":"5,28 €/L","img":"https://fd6-photos.leclercdrive.fr/image.ashx?id=2165707&use=l&cat=p&typeid=i","cat":284415},{"id":87061,"n":"Boisson gourmande PAGO ACE Orange carotte citron - 75cl","p":1.66,"u":"2,21 €/L","img":"https://fd6-photos.leclercdrive.fr/image.ashx?id=2861237&use=l&cat=p&typeid=i","cat":284916},{"id":87065,"n":"Yaourts aux fruits Délisse Saveur Orientale - 8x125g","p":2.59,"u":"2,59 €/KG","img":"https://fd6-photos.leclercdrive.fr/image.ashx?id=2520304&use=l&cat=p&typeid=i","cat":284410},{"id":87067,"n":"Yaourt à boire P'tit max  Délisse Fraise - 6x180g","p":2.03,"u":"1,88 €/KG","img":"https://fd6-photos.leclercdrive.fr/image.ashx?id=2762510&use=l&cat=p&typeid=i","cat":284415},{"id":87074,"n":"Nappe Damassée Homeside Grise - 7m","p":2.96,"img":"https://fd6-photos.leclercdrive.fr/image.ashx?id=1659750&use=l&cat=p&typeid=i","cat":334134},{"id":87079,"n":"Serviettes en papier Homeside Gris - 33x33cm - x50","p":1.99,"img":"https://fd6-photos.leclercdrive.fr/image.ashx?id=1659726&use=l&cat=p&typeid=i","cat":334134},{"id":87084,"n":"Rhum ambré Bacardi Carta Oro 37,5° - 70cl","p":17.25,"u":"24,64 €/L","img":"https://fd6-photos.leclercdrive.fr/image.ashx?id=2858171&use=l&cat=p&typeid=i","cat":284550},{"id":87090,"n":"Burrata di Bufala Casa Azzurra 200g","p":4.84,"u":"24,20 €/KG","img":"https://fd6-photos.leclercdrive.fr/image.ashx?id=1950711&use=l&cat=p&typeid=i","cat":314026},{"id":87091,"n":"St Jacques Marie Fondue de poireaux riz - 280g","p":3.94,"u":"14,07 €/KG","img":"https://fd6-photos.leclercdrive.fr/image.ashx?id=2317531&use=l&cat=p&typeid=i","cat":333665},{"id":87093,"n":"Eau coiffante Vitanove 150ml","p":1.99,"u":"13,27 €/L","img":"https://fd6-photos.leclercdrive.fr/image.ashx?id=2496419&use=l&cat=p&typeid=i","cat":284609},{"id":87100,"n":"Gel lavant Manava Purifiant mandarine - 300ml","p":1.25,"u":"4,17 €/L","img":"https://fd6-photos.leclercdrive.fr/image.ashx?id=2935519&use=l&cat=p&typeid=i","cat":284597},{"id":87133,"n":"Thé vert Bio Ethiquable  Menthe x20 - 36g","p":2.51,"u":"69,72 €/KG","img":"https://fd6-photos.leclercdrive.fr/image.ashx?id=2870875&use=l&cat=p&typeid=i","cat":293233},{"id":87348,"n":"IGP Pays d'Oc rosé Merlot Grand Sud 12.5% vol - 5L","p":15.43,"u":"3,09 €/L","img":"https://fd6-photos.leclercdrive.fr/image.ashx?id=2837454&use=l&cat=p&typeid=i","cat":289558},{"id":87375,"n":"Serviettes Doulys Ultra mince Nuit + large - x9","p":2.2,"u":"0,24 €/P","img":"https://fd6-photos.leclercdrive.fr/image.ashx?id=2839927&use=l&cat=p&typeid=i","cat":284624},{"id":87377,"n":"Shampooing douceur L'Arbre Vert 250ml","p":2.25,"u":"9,00 €/L","img":"https://fd6-photos.leclercdrive.fr/image.ashx?id=2886118&use=l&cat=p&typeid=i","cat":284606},{"id":87379,"n":"Shampooing L'Arbre Vert Nutrition cheveux secs - 250ml","p":2.25,"u":"9,00 €/L","img":"https://fd6-photos.leclercdrive.fr/image.ashx?id=2885390&use=l&cat=p&typeid=i","cat":284606},{"id":87701,"n":"Carrés feuilletés Croustipate x4 - 240g","p":1.43,"u":"5,96 €/KG","img":"https://fd6-photos.leclercdrive.fr/image.ashx?id=2875069&use=l&cat=p&typeid=i","cat":333681},{"id":87793,"n":"Flan Bande  580GR","p":4.5,"u":"7,76 €/KG","img":"https://fd6-photos.leclercdrive.fr/image.ashx?id=613062&use=l&cat=p&typeid=i","cat":284360},{"id":87849,"n":"Boisson végétale Alpro lait de coco riz - 1l","p":2.19,"u":"2,19 €/L","img":"https://fd6-photos.leclercdrive.fr/image.ashx?id=2790243&use=l&cat=p&typeid=i","cat":316067},{"id":87869,"n":"Moule à tarte Homeside 27cm","p":6.29,"img":"https://fd6-photos.leclercdrive.fr/image.ashx?id=2856639&use=l&cat=p&typeid=i","cat":298490},{"id":87883,"n":"Cherry Chouffe 33cl","p":2.36,"u":"7,15 €/L","img":"https://fd6-photos.leclercdrive.fr/image.ashx?id=2877082&use=l&cat=p&typeid=i","cat":334872},{"id":87891,"n":"Set de table New York Noir - x1","p":1.5,"img":"https://fd6-photos.leclercdrive.fr/image.ashx?id=1468630&use=l&cat=p&typeid=i","cat":334134},{"id":87894,"n":"Boisson énergisante Crazy Tiger Bouteille - 1L","p":1.99,"u":"1,99 €/L","img":"https://fd6-photos.leclercdrive.fr/image.ashx?id=2927555&use=l&cat=p&typeid=i","cat":284533},{"id":87923,"n":"Compotes  gourdes Pom'Potes Multivariétés - 12x90g","p":5.2,"u":"4,81 €/KG","img":"https://fd6-photos.leclercdrive.fr/image.ashx?id=3010942&use=l&cat=p&typeid=i","cat":284508},{"id":87924,"n":"Dosettes café Senseo Classique x40","p":6.33,"u":"22,85 €/KG","img":"https://fd6-photos.leclercdrive.fr/image.ashx?id=2876326&use=l&cat=p&typeid=i","cat":293238},{"id":87925,"n":"Dosettes café Senseo Corsé x40","p":6.37,"u":"23,00 €/KG","img":"https://fd6-photos.leclercdrive.fr/image.ashx?id=2393581&use=l&cat=p&typeid=i","cat":293238},{"id":87926,"n":"Dosettes café Senseo Doux x40","p":6.38,"u":"23,03 €/KG","img":"https://fd6-photos.leclercdrive.fr/image.ashx?id=2337567&use=l&cat=p&typeid=i","cat":293238},{"id":87927,"n":"Dosettes café Senseo Décaféiné x40","p":6.37,"u":"23,00 €/KG","img":"https://fd6-photos.leclercdrive.fr/image.ashx?id=2324921&use=l&cat=p&typeid=i","cat":293238},{"id":87929,"n":"Dosettes café Senseo Classique x54","p":8.27,"u":"22,05 €/KG","img":"https://fd6-photos.leclercdrive.fr/image.ashx?id=2391798&use=l&cat=p&typeid=i","cat":293238},{"id":87930,"n":"Dosettes café Senseo Corsé x54","p":8.11,"u":"21,63 €/KG","img":"https://fd6-photos.leclercdrive.fr/image.ashx?id=2326829&use=l&cat=p&typeid=i","cat":293238},{"id":87931,"n":"Dosettes café Senseo Doux x54","p":8.4,"u":"22,40 €/KG","img":"https://fd6-photos.leclercdrive.fr/image.ashx?id=2289951&use=l&cat=p&typeid=i","cat":293238},{"id":87950,"n":"Snacks chats Tous mes amis Liquide - 90g","p":1.45,"u":"16,11 €/KG","img":"https://fd6-photos.leclercdrive.fr/image.ashx?id=2520041&use=l&cat=p&typeid=i","cat":285285},{"id":88041,"n":"Croquettes chat stérilisé  Ultima saumon - 7,5kg","p":29.92,"u":"3,99 €/KG","img":"https://fd6-photos.leclercdrive.fr/image.ashx?id=2886184&use=l&cat=p&typeid=i","cat":284680},{"id":88048,"n":"Compote Charles & Alice Pommes Bananes Vanille -4x100g","p":1.7,"u":"4,38 €/KG","img":"https://fd6-photos.leclercdrive.fr/image.ashx?id=2757698&use=l&cat=p&typeid=i","cat":284416},{"id":88053,"n":"Lasagne à la bolognaise Marie - 1 kg","p":4.81,"u":"4,81 €/KG","img":"https://fd6-photos.leclercdrive.fr/image.ashx?id=2993394&use=l&cat=p&typeid=i","cat":284254},{"id":88056,"n":"Sachets repas Ultima Nature 2x Saumon - 2x Truite - 340g","p":2.77,"u":"8,15 €/KG","img":"https://fd6-photos.leclercdrive.fr/image.ashx?id=1592175&use=l&cat=p&typeid=i","cat":285601},{"id":88062,"n":"Matière grasse Primevere Oméga 3 - 55% - 250g","p":1.5,"u":"6,00 €/KG","img":"https://fd6-photos.leclercdrive.fr/image.ashx?id=2928468&use=l&cat=p&typeid=i","cat":315229},{"id":88064,"n":"Matière grasse Primevere 63%MG - oméga 3 - 250g","p":2.14,"u":"8,56 €/KG","img":"https://fd6-photos.leclercdrive.fr/image.ashx?id=2939325&use=l&cat=p&typeid=i","cat":315229},{"id":88115,"n":"yaourt à boire danonino fraise banane abricot - 6x100g","p":2.41,"u":"4,02 €/KG","img":"https://fd6-photos.leclercdrive.fr/image.ashx?id=3003143&use=l&cat=p&typeid=i","cat":284415},{"id":88203,"n":"Céréales bébé Blédine 12 mois  Choco biscuit - 400g","p":2.65,"u":"6,63 €/KG","img":"https://fd6-photos.leclercdrive.fr/image.ashx?id=2763121&use=l&cat=p&typeid=i","cat":312225},{"id":88206,"n":"Céréales bébé Blédine 12 mois  Vanille - 400g","p":2.42,"u":"6,05 €/KG","img":"https://fd6-photos.leclercdrive.fr/image.ashx?id=2763124&use=l&cat=p&typeid=i","cat":312225},{"id":88214,"n":"Céréales bébé Blédine 15 mois  vanille pépites  - 400g","p":2.61,"u":"6,53 €/KG","img":"https://fd6-photos.leclercdrive.fr/image.ashx?id=2760814&use=l&cat=p&typeid=i","cat":312225},{"id":88218,"n":"Céréales bébé Blédine 15 mois  Briochée pépite - 400g","p":2.91,"u":"7,28 €/KG","img":"https://fd6-photos.leclercdrive.fr/image.ashx?id=2763127&use=l&cat=p&typeid=i","cat":312225},{"id":88339,"n":"Purée de sésame Jardin Bio Tahini bio - 350g","p":6.53,"u":"18,66 €/KG","img":"https://fd6-photos.leclercdrive.fr/image.ashx?id=3000183&use=l&cat=p&typeid=i","cat":284481},{"id":88340,"n":"Berries Haribo Sachet bonbons - 200g","p":1.81,"u":"9,05 €/KG","img":"https://fd6-photos.leclercdrive.fr/image.ashx?id=2982411&use=l&cat=p&typeid=i","cat":304250},{"id":88344,"n":"Bonbons Regal'ad Krema 590g","p":3.44,"u":"5,83 €/KG","img":"https://fd6-photos.leclercdrive.fr/image.ashx?id=2806351&use=l&cat=p&typeid=i","cat":304250},{"id":88359,"n":"Bougies et chiffres Vahiné Plastique","p":3.8,"img":"https://fd6-photos.leclercdrive.fr/image.ashx?id=2402702&use=l&cat=p&typeid=i","cat":335913},{"id":88413,"n":"Beurre Allégé Elle&Vire Doux - 41% MG - 250g","p":2.17,"u":"8,68 €/KG","img":"https://fd6-photos.leclercdrive.fr/image.ashx?id=2969169&use=l&cat=p&typeid=i","cat":284379},{"id":88418,"n":"Boisson a base de thé Fresh Tea Pêche - 1L","p":0.89,"u":"0,89 €/L","img":"https://fd6-photos.leclercdrive.fr/image.ashx?id=2622275&use=l&cat=p&typeid=i","cat":295019},{"id":88429,"n":"Eau gazeuse San Pellegrino Minérale naturelle - 6x33cl","p":2.9,"u":"1,46 €/L","img":"https://fd6-photos.leclercdrive.fr/image.ashx?id=2459090&use=l&cat=p&typeid=i","cat":284536},{"id":88440,"n":"Fromage Crèmeux Saint Albray  Format Familial - 310g","p":4.29,"u":"13,84 €/KG","img":"https://fd6-photos.leclercdrive.fr/image.ashx?id=2686771&use=l&cat=p&typeid=i","cat":329558},{"id":88441,"n":"Fromage à tartiner St Môret Nature maxi format - 400g","p":4.3,"u":"10,75 €/KG","img":"https://fd6-photos.leclercdrive.fr/image.ashx?id=2755459&use=l&cat=p&typeid=i","cat":314029},{"id":88446,"n":"Fromage Le Rustique Tomme  Fruitée - 280g","p":3.98,"u":"14,21 €/KG","img":"https://fd6-photos.leclercdrive.fr/image.ashx?id=2921549&use=l&cat=p&typeid=i","cat":329184},{"id":88448,"n":"Fromage à Tartiner Carré Frais  Nature 0% - 8 Portions - 200g","p":2.37,"u":"11,85 €/KG","img":"https://fd6-photos.leclercdrive.fr/image.ashx?id=2868684&use=l&cat=p&typeid=i","cat":314029},{"id":88450,"n":"Escalope Cordon Bleu Père Dodu  Dinde x2 - 200g","p":2.61,"u":"13,05 €/KG","img":"https://fd6-photos.leclercdrive.fr/image.ashx?id=2957203&use=l&cat=p&typeid=i","cat":333683},{"id":88451,"n":"AOP Champagne Chanoine Frères Brut - 75cl","p":20.86,"u":"27,81 €/L","img":"https://fd6-photos.leclercdrive.fr/image.ashx?id=2673217&use=l&cat=p&typeid=i","cat":284542},{"id":88454,"n":"Saucisson Fuet Justin Bridou  170g","p":3.17,"u":"18,65 €/KG","img":"https://fd6-photos.leclercdrive.fr/image.ashx?id=2751165&use=l&cat=p&typeid=i","cat":316006},{"id":88460,"n":"Fromage de Chèvre Chavroux  9 Portions - 162g","p":3.02,"u":"18,64 €/KG","img":"https://fd6-photos.leclercdrive.fr/image.ashx?id=2936689&use=l&cat=p&typeid=i","cat":314031},{"id":88461,"n":"Salami Danois  Saint-Azay x16 - 160g","p":1.58,"u":"9,88 €/KG","img":"https://fd6-photos.leclercdrive.fr/image.ashx?id=2708354&use=l&cat=p&typeid=i","cat":316007},{"id":88471,"n":"Protège slip Tena Long - x20","p":2.49,"u":"0,12 €/P","img":"https://fd6-photos.leclercdrive.fr/image.ashx?id=2428588&use=l&cat=p&typeid=i","cat":284628},{"id":88548,"n":"Tartines campagne La Boulangère 450g","p":1.72,"u":"3,82 €/KG","img":"https://fd6-photos.leclercdrive.fr/image.ashx?id=2912395&use=l&cat=p&typeid=i","cat":284477},{"id":88557,"n":"Céréales bébé Blédine 6 mois  Vanille - 400g","p":2.24,"u":"5,60 €/KG","img":"https://fd6-photos.leclercdrive.fr/image.ashx?id=2773992&use=l&cat=p&typeid=i","cat":312225},{"id":88558,"n":"Céréales bébé Blédine 6 mois  Cacao - 400g","p":2.23,"u":"5,58 €/KG","img":"https://fd6-photos.leclercdrive.fr/image.ashx?id=2763112&use=l&cat=p&typeid=i","cat":312225},{"id":88560,"n":"Céréales bébé Blédine 6 mois  Biscuit - 400g","p":2.15,"u":"5,38 €/KG","img":"https://fd6-photos.leclercdrive.fr/image.ashx?id=2773295&use=l&cat=p&typeid=i","cat":312225},{"id":88561,"n":"Céréales bébé Blédine 6 mois  Multi céréales - 400g","p":2.15,"u":"5,38 €/KG","img":"https://fd6-photos.leclercdrive.fr/image.ashx?id=2763118&use=l&cat=p&typeid=i","cat":312225},{"id":88662,"n":"Yaourt bifidus Activia Vanille - 4x125g","p":1.6,"u":"3,20 €/KG","img":"https://fd6-photos.leclercdrive.fr/image.ashx?id=3006184&use=l&cat=p&typeid=i","cat":315000},{"id":88707,"n":"Endive bio Bio Village Sachet 400g","p":3.99,"u":"9,98 €/KG","img":"https://fd6-photos.leclercdrive.fr/image.ashx?id=2655619&use=l&cat=p&typeid=i","cat":284352},{"id":88738,"n":"Yaourt bifidus Activia citron vanille coco - 12x125g","p":4.76,"u":"3,17 €/KG","img":"https://fd6-photos.leclercdrive.fr/image.ashx?id=3003149&use=l&cat=p&typeid=i","cat":315000},{"id":88740,"n":"Yaourt bifidus Activia citron - 4x125g","p":1.6,"u":"3,20 €/KG","img":"https://fd6-photos.leclercdrive.fr/image.ashx?id=3006181&use=l&cat=p&typeid=i","cat":315000},{"id":88742,"n":"Yaourt bifidus Activia coco - 4x125g","p":1.65,"u":"3,30 €/KG","img":"https://fd6-photos.leclercdrive.fr/image.ashx?id=2886651&use=l&cat=p&typeid=i","cat":315000},{"id":88958,"n":"Pétillant aromatisé Listel Raisin Framboise - 75cl","p":4.54,"u":"6,05 €/L","img":"https://fd6-photos.leclercdrive.fr/image.ashx?id=2131908&use=l&cat=p&typeid=i","cat":284544},{"id":88981,"n":"Tablette chocolat au lait Milka Caramel - 3x100g","p":4.17,"u":"13,90 €/KG","img":"https://fd6-photos.leclercdrive.fr/image.ashx?id=2617078&use=l&cat=p&typeid=i","cat":284497},{"id":88986,"n":"Barre Chocolat au Lait KitKat x6 barres - 249g","p":3.14,"u":"12,61 €/KG","img":"https://fd6-photos.leclercdrive.fr/image.ashx?id=2989426&use=l&cat=p&typeid=i","cat":284498},{"id":89010,"n":"Fromage Roquefort Société Crème 2x100g","p":3.96,"u":"19,80 €/KG","img":"https://fd6-photos.leclercdrive.fr/image.ashx?id=2789706&use=l&cat=p&typeid=i","cat":314032},{"id":89054,"n":"Bière blonde Kronenbourg 4,2° - 50cl canette","p":0.94,"u":"1,88 €/L","img":"https://fd6-photos.leclercdrive.fr/image.ashx?id=1586574&use=l&cat=p&typeid=i","cat":334853},{"id":89088,"n":"Boisson au Soja Alpro Goût vanille - 1L","p":2.18,"u":"2,18 €/L","img":"https://fd6-photos.leclercdrive.fr/image.ashx?id=2944383&use=l&cat=p&typeid=i","cat":316067},{"id":89090,"n":"Boisson végétale Alpro Soja - 1L","p":1.76,"u":"1,76 €/L","img":"https://fd6-photos.leclercdrive.fr/image.ashx?id=2977681&use=l&cat=p&typeid=i","cat":316067},{"id":89092,"n":"Boisson au soja Alpro Saveur chocolat - 1L","p":2.54,"u":"2,54 €/L","img":"https://fd6-photos.leclercdrive.fr/image.ashx?id=1889294&use=l&cat=p&typeid=i","cat":316067},{"id":89093,"n":"Boisson végétale Alpro avoine - 1l","p":2.19,"u":"2,19 €/L","img":"https://fd6-photos.leclercdrive.fr/image.ashx?id=2986852&use=l&cat=p&typeid=i","cat":316067},{"id":89094,"n":"Boisson végétale lait d'amande grillée sans sucre alpro - 1l","p":2.12,"u":"2,12 €/L","img":"https://fd6-photos.leclercdrive.fr/image.ashx?id=2985543&use=l&cat=p&typeid=i","cat":316067},{"id":89135,"n":"Gaufres fourrées vanille 150gr Le lot de 5 paquets + 1 offert","p":3.98,"u":"4,42 €/KG","img":"https://fd6-photos.leclercdrive.fr/image.ashx?id=2465589&use=l&cat=p&typeid=i","cat":284487},{"id":89160,"n":"Recharge liquide nettoyant Swiffer WetJet - 1.25L","p":4.69,"pp":2.81,"u":"2,25 €/L","img":"https://fd6-photos.leclercdrive.fr/image.ashx?id=2867800&use=l&cat=p&typeid=i","cat":325364},{"id":89190,"n":"Carotte Bio Bio Village 1kg","p":1.89,"u":"1,89 €/KG","img":"https://fd6-photos.leclercdrive.fr/image.ashx?id=1457160&use=l&cat=p&typeid=i","cat":284352},{"id":89196,"n":"Eau gazeuse aromatisée Badoit Citron vert - 1L","p":1.2,"u":"1,20 €/L","img":"https://fd6-photos.leclercdrive.fr/image.ashx?id=2730658&use=l&cat=p&typeid=i","cat":284536},{"id":89198,"n":"Eau gazeuse aromatisée Badoit Citron menthe - 1L","p":1.3,"u":"1,30 €/L","img":"https://fd6-photos.leclercdrive.fr/image.ashx?id=2730661&use=l&cat=p&typeid=i","cat":284536},{"id":89329,"n":"Dentifrice Aquafresh Triple protection menthe - 75ml","p":1.28,"u":"17,07 €/L","img":"https://fd6-photos.leclercdrive.fr/image.ashx?id=2487614&use=l&cat=p&typeid=i","cat":284612},{"id":89336,"n":"Cire coiffante Vitanove Effet mat - 75ml","p":2.27,"u":"30,27 €/L","img":"https://fd6-photos.leclercdrive.fr/image.ashx?id=2791314&use=l&cat=p&typeid=i","cat":284609},{"id":89337,"n":"Cire coiffante Vitanove Brillance - 75ml","p":2.27,"u":"30,27 €/L","img":"https://fd6-photos.leclercdrive.fr/image.ashx?id=2780683&use=l&cat=p&typeid=i","cat":284609},{"id":89338,"n":"Soin anti-rides Inell Q10 Jour - 50ml","p":2.49,"u":"49,80 €/L","img":"https://fd6-photos.leclercdrive.fr/image.ashx?id=2822132&use=l&cat=p&typeid=i","cat":325345},{"id":89341,"n":"Gel lavant recharge Manava Antibactérien Mandarine - 250ml","p":0.54,"u":"2,16 €/L","img":"https://fd6-photos.leclercdrive.fr/image.ashx?id=2935522&use=l&cat=p&typeid=i","cat":284597},{"id":89344,"n":"Serviettes Normal Doulys Ultra mince - x28","p":2.42,"u":"0,09 €/P","img":"https://fd6-photos.leclercdrive.fr/image.ashx?id=2789143&use=l&cat=p&typeid=i","cat":284624},{"id":89345,"n":"Serviettes Super Doulys Ultra mince - x24","p":1.8,"u":"0,08 €/P","img":"https://fd6-photos.leclercdrive.fr/image.ashx?id=2839931&use=l&cat=p&typeid=i","cat":284624},{"id":89346,"n":"Serviettes Nuit Doulys Ultra mince - x20","p":2.55,"u":"0,13 €/P","img":"https://fd6-photos.leclercdrive.fr/image.ashx?id=2839935&use=l&cat=p&typeid=i","cat":284624},{"id":89383,"n":"Changes Bébé Harmonie Pampers T2 - x39","p":15.64,"u":"0,40 €/P","img":"https://fd6-photos.leclercdrive.fr/image.ashx?id=2542648&use=l&cat=p&typeid=i","cat":284737},{"id":89403,"n":"AOP Pinot gris Vendanges Tardives - Henry Erhart - 75cl","p":16.9,"u":"22,53 €/L","img":"https://fd6-photos.leclercdrive.fr/image.ashx?id=1643866&use=l&cat=p&typeid=i","cat":289557},{"id":89424,"n":"Pesto vert Bio Village Bio - 185g","p":1.8,"u":"9,73 €/KG","img":"https://fd6-photos.leclercdrive.fr/image.ashx?id=1466304&use=l&cat=p&typeid=i","cat":287599},{"id":89483,"n":"Salade & Cie Sodebo Stockhlom Saumon Pâtes - 320g","p":4.43,"u":"13,84 €/KG","img":"https://fd6-photos.leclercdrive.fr/image.ashx?id=2795722&use=l&cat=p&typeid=i","cat":333657},{"id":89506,"n":"Oeufs Plein air  Eco + x12","p":2.59,"u":"0,22 €/P","img":"https://fd6-photos.leclercdrive.fr/image.ashx?id=2696244&use=l&cat=p&typeid=i","cat":284378},{"id":89507,"n":"Xtrem Box Sodebo Radiatori à la Carbonara 400g","p":3.08,"u":"7,70 €/KG","img":"https://fd6-photos.leclercdrive.fr/image.ashx?id=2631588&use=l&cat=p&typeid=i","cat":334983},{"id":89515,"n":"Velouté de légumes Régal Soupe Instantané - 64g","p":1.35,"u":"21,09 €/KG","img":"https://fd6-photos.leclercdrive.fr/image.ashx?id=1886620&use=l&cat=p&typeid=i","cat":293527},{"id":89519,"n":"Bouillon chinois Régal Soupe Instantané - 48g","p":1.34,"u":"27,92 €/KG","img":"https://fd6-photos.leclercdrive.fr/image.ashx?id=2071345&use=l&cat=p&typeid=i","cat":288992},{"id":89520,"n":"Mouliné 10 légumes Régal Soupe Instantané - 80g","p":1.39,"u":"17,38 €/KG","img":"https://fd6-photos.leclercdrive.fr/image.ashx?id=2865086&use=l&cat=p&typeid=i","cat":293527},{"id":89521,"n":"Crème de champignon Régal Soupe Instantané - 80g","p":1.19,"u":"14,88 €/KG","img":"https://fd6-photos.leclercdrive.fr/image.ashx?id=2071348&use=l&cat=p&typeid=i","cat":293527},{"id":89523,"n":"Madeleines coquilles Eco+ Aux oeufs - 500g","p":1.55,"u":"3,10 €/KG","img":"https://fd6-photos.leclercdrive.fr/image.ashx?id=2780671&use=l&cat=p&typeid=i","cat":284492},{"id":89635,"n":"Infusion Les 2 Marmottes Thym x30 - 35g","p":4.69,"u":"134,00 €/KG","img":"https://fd6-photos.leclercdrive.fr/image.ashx?id=2833555&use=l&cat=p&typeid=i","cat":293234},{"id":89640,"n":"Infusion Les 2 marmottes Detox et vous x30 - 50g","p":5.48,"u":"109,60 €/KG","img":"https://fd6-photos.leclercdrive.fr/image.ashx?id=2833585&use=l&cat=p&typeid=i","cat":293234},{"id":89660,"n":"Xtrem Box Sodebo Radiatori  4 Fromages - 400g","p":3.27,"u":"8,18 €/KG","img":"https://fd6-photos.leclercdrive.fr/image.ashx?id=2631591&use=l&cat=p&typeid=i","cat":334983},{"id":89695,"n":"Poulet Weight Watchers Curry-coco - 300g","p":3.41,"u":"11,37 €/KG","img":"https://fd6-photos.leclercdrive.fr/image.ashx?id=2827203&use=l&cat=p&typeid=i","cat":333665},{"id":89848,"n":"Boisson Végétale lait d'amande  bjorg cappuccino - bio - 1l","p":3.01,"u":"3,01 €/L","img":"https://fd6-photos.leclercdrive.fr/image.ashx?id=2962488&use=l&cat=p&typeid=i","cat":316067},{"id":89897,"n":"Boisson Végétale lait d'amande grillée bio - 1l","p":2.85,"u":"2,85 €/L","img":"https://fd6-photos.leclercdrive.fr/image.ashx?id=2912065&use=l&cat=p&typeid=i","cat":316067},{"id":89914,"n":"Bouillon Cube Maggi Légumes x18 - 180g","p":1.5,"u":"8,33 €/KG","img":"https://fd6-photos.leclercdrive.fr/image.ashx?id=2737039&use=l&cat=p&typeid=i","cat":288379},{"id":89953,"n":"Entonnoir Curver Rouge - Grand modèle","p":1.49,"img":"https://fd6-photos.leclercdrive.fr/image.ashx?id=1870276&use=l&cat=p&typeid=i","cat":334135},{"id":89957,"n":"Essoreuse à salade Ulaop Vintage 4L","p":6.5,"img":"https://fd6-photos.leclercdrive.fr/image.ashx?id=2395766&use=l&cat=p&typeid=i","cat":334135},{"id":89959,"n":"Pelle et balayette","p":2.59,"img":"https://fd6-photos.leclercdrive.fr/image.ashx?id=1463745&use=l&cat=p&typeid=i","cat":284669},{"id":90039,"n":"Salade & Cie Sodebo Venezia Mozzarella Coppa Pâtes - 320g","p":3.81,"u":"11,91 €/KG","img":"https://fd6-photos.leclercdrive.fr/image.ashx?id=2745652&use=l&cat=p&typeid=i","cat":333657},{"id":90056,"n":"Quinotto Jardin Bio Bio légumes parmesan - 220g","p":2.12,"u":"9,64 €/KG","img":"https://fd6-photos.leclercdrive.fr/image.ashx?id=2535421&use=l&cat=p&typeid=i","cat":287600},{"id":90058,"n":"Ravioli Jardin Bio Bio chèvre ciboulette - 250g","p":2.12,"u":"8,48 €/KG","img":"https://fd6-photos.leclercdrive.fr/image.ashx?id=2534842&use=l&cat=p&typeid=i","cat":287600},{"id":90060,"n":"Thé vert Bio Ethiquable  Vietnam x20 - 36g","p":1.85,"u":"2,57 €/KG","img":"https://fd6-photos.leclercdrive.fr/image.ashx?id=2870845&use=l&cat=p&typeid=i","cat":293233},{"id":90090,"n":"Gnocchi à poêler Lustucru Extra Fromage 500g","p":2.91,"u":"5,82 €/KG","img":"https://fd6-photos.leclercdrive.fr/image.ashx?id=2786171&use=l&cat=p&typeid=i","cat":333682},{"id":90091,"n":"Gaufre vergeoise Lotus Bakeries Coeur fondant 5x2 pièce - 310g","p":2.68,"u":"8,65 €/KG","img":"https://fd6-photos.leclercdrive.fr/image.ashx?id=2695887&use=l&cat=p&typeid=i","cat":294777},{"id":90113,"n":"Petits suisses aux fruits bio Les 2 vaches - 12x50g","p":3.6,"u":"6,00 €/KG","img":"https://fd6-photos.leclercdrive.fr/image.ashx?id=2774103&use=l&cat=p&typeid=i","cat":284414},{"id":90119,"n":"Fromage Persillée Saint Agur  190g","p":3.58,"u":"18,84 €/KG","img":"https://fd6-photos.leclercdrive.fr/image.ashx?id=2981512&use=l&cat=p&typeid=i","cat":314032},{"id":90120,"n":"Crème Saint Agur  155g","p":2.61,"u":"16,84 €/KG","img":"https://fd6-photos.leclercdrive.fr/image.ashx?id=2760014&use=l&cat=p&typeid=i","cat":314029},{"id":90121,"n":"Fromage Caprice des Anges  Frais et Fondant - 200g","p":3.2,"u":"16,00 €/KG","img":"https://fd6-photos.leclercdrive.fr/image.ashx?id=2734837&use=l&cat=p&typeid=i","cat":314029},{"id":90122,"n":"Camembert Coeur de Lion 250g","p":1.97,"u":"7,88 €/KG","img":"https://fd6-photos.leclercdrive.fr/image.ashx?id=3008185&use=l&cat=p&typeid=i","cat":314033},{"id":90182,"n":"Savon Bionaïa Lait d'anesse - 100g","p":1.72,"u":"17,20 €/KG","img":"https://fd6-photos.leclercdrive.fr/image.ashx?id=2491047&use=l&cat=p&typeid=i","cat":284597},{"id":90188,"n":"Cremio Box Sodebo Poulet à l'Emmental - 280g","p":2.25,"u":"8,04 €/KG","img":"https://fd6-photos.leclercdrive.fr/image.ashx?id=2679068&use=l&cat=p&typeid=i","cat":334983},{"id":90213,"n":"Bière blonde Duvel  Tripel Hop 9.5%vol. - 33cl","p":2.33,"u":"7,06 €/L","img":"https://fd6-photos.leclercdrive.fr/image.ashx?id=2111133&use=l&cat=p&typeid=i","cat":334872},{"id":90218,"n":"Couteau d'office Ardence 1 pièce","p":5.9,"img":"https://fd6-photos.leclercdrive.fr/image.ashx?id=1474445&use=l&cat=p&typeid=i","cat":334135},{"id":90220,"n":"Couteau de cuisine Ardence 1 pièce","p":6.9,"img":"https://fd6-photos.leclercdrive.fr/image.ashx?id=1474538&use=l&cat=p&typeid=i","cat":334135},{"id":90227,"n":"Couteau de Chef Ardence x1","p":11.9,"u":"0,50 €/P","img":"https://fd6-photos.leclercdrive.fr/image.ashx?id=1474460&use=l&cat=p&typeid=i","cat":334135},{"id":90234,"n":"Terrine Familia Wiss Le Parfait Contenance de 350g - x6","p":15.5,"u":"2,58 €/P","img":"https://fd6-photos.leclercdrive.fr/image.ashx?id=2807480&use=l&cat=p&typeid=i","cat":284710},{"id":90236,"n":"Terrine Familia Wiss Le Parfait Contenance de 200g - x6","p":12.45,"u":"2,08 €/P","img":"https://fd6-photos.leclercdrive.fr/image.ashx?id=2807477&use=l&cat=p&typeid=i","cat":284710},{"id":90243,"n":"Terrine Super Le Parfait Contenance de 200g - x6","p":16.3,"u":"2,72 €/P","img":"https://fd6-photos.leclercdrive.fr/image.ashx?id=2807471&use=l&cat=p&typeid=i","cat":284710},{"id":90248,"n":"Boite fraîcheur Snips Rectangulaire - 0.5L - x3","p":3.3,"u":"1,10 €/P","img":"https://fd6-photos.leclercdrive.fr/image.ashx?id=1781996&use=l&cat=p&typeid=i","cat":284710},{"id":90250,"n":"Boite fraîcheur Snips Rectangulaire - 1L - x3","p":3.9,"u":"1,30 €/P","img":"https://fd6-photos.leclercdrive.fr/image.ashx?id=1781999&use=l&cat=p&typeid=i","cat":284710},{"id":90251,"n":"Bière blonde Secret des Moines Triple 8%vol. - 33cl","p":1.93,"u":"5,85 €/L","img":"https://fd6-photos.leclercdrive.fr/image.ashx?id=2685066&use=l&cat=p&typeid=i","cat":334872},{"id":90252,"n":"Rondelle Super Le Parfait  Diamètre de 100 mm - x10","p":2.85,"u":"0,29 €/P","img":"https://fd6-photos.leclercdrive.fr/image.ashx?id=2807495&use=l&cat=p&typeid=i","cat":284710},{"id":90258,"n":"Couteau à Steack Lot de 6","p":2.9,"u":"0,48 €/P","img":"https://fd6-photos.leclercdrive.fr/image.ashx?id=1552318&use=l&cat=p&typeid=i","cat":334134},{"id":90261,"n":"Protège Poelle Cuisy Lot de 2","p":1.9,"img":"https://fd6-photos.leclercdrive.fr/image.ashx?id=2735149&use=l&cat=p&typeid=i","cat":334135},{"id":90278,"n":"Set 3 casseroles Homeside 16-18-20cm +manche amovible","p":34.9,"img":"https://fd6-photos.leclercdrive.fr/image.ashx?id=1474505&use=l&cat=p&typeid=i","cat":298490},{"id":90279,"n":"Moule à tarte  Revêtement antiadhésif - 30cm","p":6.33,"img":"https://fd6-photos.leclercdrive.fr/image.ashx?id=2805996&use=l&cat=p&typeid=i","cat":298490},{"id":90280,"n":"Plaque à pâtisserie Homeside 38x28cm","p":7.9,"img":"https://fd6-photos.leclercdrive.fr/image.ashx?id=2833041&use=l&cat=p&typeid=i","cat":298490},{"id":90306,"n":"Moule à charlotte Aluminium revêtu - 18cm","p":5.5,"img":"https://fd6-photos.leclercdrive.fr/image.ashx?id=2833035&use=l&cat=p&typeid=i","cat":298490},{"id":90500,"n":"Verres à vin Gisèle Ardence 34cl - x4","p":7.4,"u":"21,76 €/L","img":"https://fd6-photos.leclercdrive.fr/image.ashx?id=1498691&use=l&cat=p&typeid=i","cat":334134},{"id":90547,"n":"Croquettes chat Purina One Chat Stérilisé Truite/Blé-1.5kg","p":7.41,"u":"4,94 €/KG","img":"https://fd6-photos.leclercdrive.fr/image.ashx?id=2488064&use=l&cat=p&typeid=i","cat":284680},{"id":90553,"n":"Sauce Tables du Monde Tikka Massala - 350g","p":1.75,"u":"5,00 €/KG","img":"https://fd6-photos.leclercdrive.fr/image.ashx?id=2556523&use=l&cat=p&typeid=i","cat":288992},{"id":90562,"n":"Yaourt bifidus Activia saveur framboise - 4x125g","p":1.74,"u":"3,48 €/KG","img":"https://fd6-photos.leclercdrive.fr/image.ashx?id=2886654&use=l&cat=p&typeid=i","cat":315000},{"id":90580,"n":"Mélange 4 baies bio Ducros 25g","p":3.41,"u":"136,40 €/KG","img":"https://fd6-photos.leclercdrive.fr/image.ashx?id=2484104&use=l&cat=p&typeid=i","cat":284457},{"id":90581,"n":"Poivre noir bio Ducros Moulin - 30g","p":3.92,"u":"130,67 €/KG","img":"https://fd6-photos.leclercdrive.fr/image.ashx?id=2484107&use=l&cat=p&typeid=i","cat":284457},{"id":90644,"n":"Thé vert Bio Clipper Framboise menthe - 35g","p":2.51,"u":"71,71 €/KG","img":"https://fd6-photos.leclercdrive.fr/image.ashx?id=2908303&use=l&cat=p&typeid=i","cat":293233},{"id":90667,"n":"Céréales Chocapic Nestlé Bio - 375g","p":3.51,"u":"9,36 €/KG","img":"https://fd6-photos.leclercdrive.fr/image.ashx?id=2997262&use=l&cat=p&typeid=i","cat":309513},{"id":90670,"n":"Muesli fruits bio sans sucres  ajoutés Terres et Céréales-1kg","p":5.15,"u":"5,15 €/KG","img":"https://fd6-photos.leclercdrive.fr/image.ashx?id=2858455&use=l&cat=p&typeid=i","cat":309512},{"id":90673,"n":"Pâte à tartiner Alter Eco Bio Sans huile de palme - 270g","p":3.68,"u":"13,63 €/KG","img":"https://fd6-photos.leclercdrive.fr/image.ashx?id=2264195&use=l&cat=p&typeid=i","cat":284481},{"id":90675,"n":"Crème dessert Mont Blanc Boîte Chocolat - 570g","p":2.32,"u":"4,07 €/KG","img":"https://fd6-photos.leclercdrive.fr/image.ashx?id=3011614&use=l&cat=p&typeid=i","cat":284506},{"id":90676,"n":"Crème dessert Mont Blanc Boîte Vanille - 570g","p":2.32,"u":"4,07 €/KG","img":"https://fd6-photos.leclercdrive.fr/image.ashx?id=3008830&use=l&cat=p&typeid=i","cat":284506},{"id":90682,"n":"Génoise P'tit Déli Fraise - 150g","p":1.41,"u":"9,40 €/KG","img":"https://fd6-photos.leclercdrive.fr/image.ashx?id=2482505&use=l&cat=p&typeid=i","cat":284489},{"id":90689,"n":"Lotus Biscoff Speculoos Biscuit Pocket 248g (16x2p)","p":2.32,"u":"9,35 €/KG","img":"https://fd6-photos.leclercdrive.fr/image.ashx?id=2694986&use=l&cat=p&typeid=i","cat":284487},{"id":90693,"n":"Chair et pattes de crabe Eco+ 121g","p":2.99,"u":"24,71 €/KG","img":"https://fd6-photos.leclercdrive.fr/image.ashx?id=2844833&use=l&cat=p&typeid=i","cat":305147},{"id":90697,"n":"Boisson Coco Végé 1L Végé - 200g","p":1.75,"u":"1,75 €/L","img":"https://fd6-photos.leclercdrive.fr/image.ashx?id=2869516&use=l&cat=p&typeid=i","cat":316067},{"id":90725,"n":"Infusion bio Clipper Vanille et saveur fraise - 40g","p":2.55,"u":"63,75 €/KG","img":"https://fd6-photos.leclercdrive.fr/image.ashx?id=2906751&use=l&cat=p&typeid=i","cat":293234},{"id":90750,"n":"Déodorant homme bille Sanex Men Natur Protect Respect - 50ml","p":3.05,"u":"61,00 €/L","img":"https://fd6-photos.leclercdrive.fr/image.ashx?id=2684644&use=l&cat=p&typeid=i","cat":284618},{"id":90819,"n":"Soupe liquide Knorr Tomate Pointe de basilic - 45cl","p":2.62,"u":"5,82 €/L","img":"https://fd6-photos.leclercdrive.fr/image.ashx?id=2525989&use=l&cat=p&typeid=i","cat":284462},{"id":90820,"n":"Soupe liquide Knorr Potiron - 45cl","p":2.39,"u":"5,31 €/L","img":"https://fd6-photos.leclercdrive.fr/image.ashx?id=2338663&use=l&cat=p&typeid=i","cat":284462},{"id":90822,"n":"Soupe liquide Knorr Légumes du potager - 45cl","p":2.42,"u":"5,38 €/L","img":"https://fd6-photos.leclercdrive.fr/image.ashx?id=2324357&use=l&cat=p&typeid=i","cat":284462},{"id":90843,"n":"Café moulu Grand Mère Familial - 4x250g","p":13.24,"u":"13,24 €/KG","img":"https://fd6-photos.leclercdrive.fr/image.ashx?id=1755049&use=l&cat=p&typeid=i","cat":284750},{"id":90847,"n":"Dosettes café Senseo Grand Mère Corsé x54","p":5.35,"u":"15,03 €/KG","img":"https://fd6-photos.leclercdrive.fr/image.ashx?id=2745817&use=l&cat=p&typeid=i","cat":293238},{"id":90887,"n":"Whisky Japonais Akashi blend Sous étui - 40% vol. - 50cl","p":26.25,"u":"52,50 €/L","img":"https://fd6-photos.leclercdrive.fr/image.ashx?id=2860508&use=l&cat=p&typeid=i","cat":284547},{"id":90892,"n":"Whisky Jack Daniel's Rye 70cL","p":26.5,"u":"37,86 €/L","img":"https://fd6-photos.leclercdrive.fr/image.ashx?id=2525432&use=l&cat=p&typeid=i","cat":284547},{"id":90993,"n":"Soda Pepsi Regular - 2L","p":1.58,"u":"0,79 €/L","img":"https://fd6-photos.leclercdrive.fr/image.ashx?id=1583915&use=l&cat=p&typeid=i","cat":284530},{"id":91004,"n":"Pur Jus Jardin Bio Ananas - 75cl","p":4.62,"u":"6,16 €/L","img":"https://fd6-photos.leclercdrive.fr/image.ashx?id=2071438&use=l&cat=p&typeid=i","cat":284916},{"id":91005,"n":"Pur Jus Jardin Bio Pomme Raisin Cranberry - 75cl","p":5.71,"u":"7,61 €/L","img":"https://fd6-photos.leclercdrive.fr/image.ashx?id=2347816&use=l&cat=p&typeid=i","cat":284915},{"id":91011,"n":"Jus de pomme Jardin Bio Pruneau Citron - 75cl","p":4.26,"u":"5,68 €/L","img":"https://fd6-photos.leclercdrive.fr/image.ashx?id=2683067&use=l&cat=p&typeid=i","cat":284915},{"id":91019,"n":"Pastis de Marseille Sigale 45%vol. - 50cl","p":9.89,"u":"19,78 €/L","img":"https://fd6-photos.leclercdrive.fr/image.ashx?id=2637820&use=l&cat=p&typeid=i","cat":284548},{"id":91020,"n":"Gin Brighton's London Dry 37,5%vol. - 70cl","p":9.96,"u":"14,23 €/L","img":"https://fd6-photos.leclercdrive.fr/image.ashx?id=2869838&use=l&cat=p&typeid=i","cat":284550},{"id":91022,"n":"Vodka Boriskov Pure grain 37.5%vol - 70cl","p":9.95,"u":"14,21 €/L","img":"https://fd6-photos.leclercdrive.fr/image.ashx?id=2805009&use=l&cat=p&typeid=i","cat":284550},{"id":91025,"n":"Pur Jus Bio Village Bio Grenade - 1L","p":4.87,"u":"4,87 €/L","img":"https://fd6-photos.leclercdrive.fr/image.ashx?id=2901545&use=l&cat=p&typeid=i","cat":284916},{"id":91026,"n":"Pur Jus d'orange Bio Village Bio Carotte Citron - 1L","p":2.89,"u":"2,89 €/L","img":"https://fd6-photos.leclercdrive.fr/image.ashx?id=2901557&use=l&cat=p&typeid=i","cat":284521},{"id":91036,"n":"AOP Beaumes de Venise blanc Domaine Saint Joseph - 75cl","p":13.65,"u":"18,20 €/L","img":"https://fd6-photos.leclercdrive.fr/image.ashx?id=1965285&use=l&cat=p&typeid=i","cat":289557},{"id":91176,"n":"Lait Démaquillant Nivea Visage&Yeux Camomille - 200ml","p":4.02,"u":"20,10 €/L","img":"https://fd6-photos.leclercdrive.fr/image.ashx?id=2836097&use=l&cat=p&typeid=i","cat":284603},{"id":91177,"n":"Démaquillant Yeux biphase Nivea Sensibles Waterproof - 125ml","p":2.66,"u":"21,28 €/L","img":"https://fd6-photos.leclercdrive.fr/image.ashx?id=2953944&use=l&cat=p&typeid=i","cat":284603},{"id":91178,"n":"Crème visage Jour FPS 15 Nivea Nourrissante Peau Sèche - 50ml","p":4.2,"u":"84,00 €/L","img":"https://fd6-photos.leclercdrive.fr/image.ashx?id=3014605&use=l&cat=p&typeid=i","cat":325345},{"id":91221,"n":"Pâtes Fusili Panzani Créatives - 500G","p":1.2,"u":"2,40 €/KG","img":"https://fd6-photos.leclercdrive.fr/image.ashx?id=2902942&use=l&cat=p&typeid=i","cat":284427},{"id":91231,"n":"Thé vert Twinings Framboise Passion x20 - 32g","p":2.76,"u":"86,25 €/KG","img":"https://fd6-photos.leclercdrive.fr/image.ashx?id=2893030&use=l&cat=p&typeid=i","cat":293233},{"id":91296,"n":"Assortiment chocolats Equador Fins - 195g","p":5.15,"u":"26,41 €/KG","img":"https://fd6-photos.leclercdrive.fr/image.ashx?id=3001214&use=l&cat=p&typeid=i","cat":327595},{"id":91330,"n":"AOC Crémant de Bourgogne 1/2 sec - Veuve Ambal - 75cl","p":7.99,"pp":5.99,"u":"7,99 €/L","img":"https://fd6-photos.leclercdrive.fr/image.ashx?id=1737211&use=l&cat=p&typeid=i","cat":284545},{"id":91376,"n":"Ampoule crayon Foxter ECO30 240W blanc chaud x1","p":3.99,"img":"https://fd6-photos.leclercdrive.fr/image.ashx?id=1505655&use=l&cat=p&typeid=i","cat":300573},{"id":91380,"n":"Ampoule crayon Foxter ECO30 400W blanc chaud x1","p":4.49,"img":"https://fd6-photos.leclercdrive.fr/image.ashx?id=1505658&use=l&cat=p&typeid=i","cat":300573},{"id":91389,"n":"Assortiment Cuadro Gold  Novi 168g","p":7.95,"u":"47,32 €/KG","img":"https://fd6-photos.leclercdrive.fr/image.ashx?id=2654390&use=l&cat=p&typeid=i","cat":327595},{"id":91391,"n":"Gold Gianduiotti Novi 150g","p":7.95,"u":"53,00 €/KG","img":"https://fd6-photos.leclercdrive.fr/image.ashx?id=2654384&use=l&cat=p&typeid=i","cat":327595},{"id":91434,"n":"Ampoule réflecteur Foxter LED E14 5-60W blanc chaud","p":6.99,"u":"Dont 0,12 € d'éco-part.","img":"https://fd6-photos.leclercdrive.fr/image.ashx?id=1505730&use=l&cat=p&typeid=i","cat":300573},{"id":91436,"n":"Ampoule Spot Foxter LED  GU5.3 8,2-50W dim blanc chaud","p":4.99,"img":"https://fd6-photos.leclercdrive.fr/image.ashx?id=2162528&use=l&cat=p&typeid=i","cat":300573},{"id":91455,"n":"Ampoule LED capsule Foxter G4 90 lumen - lumière chaude","p":4.99,"img":"https://fd6-photos.leclercdrive.fr/image.ashx?id=1872538&use=l&cat=p&typeid=i","cat":300573},{"id":91461,"n":"Mini toblerone Chocolat au lait - 280g","p":10.48,"u":"37,43 €/KG","img":"https://fd6-photos.leclercdrive.fr/image.ashx?id=2792951&use=l&cat=p&typeid=i","cat":284499},{"id":91462,"n":"Marrons glacés Equador Morceaux - 250g","p":6.6,"u":"26,40 €/KG","img":"https://fd6-photos.leclercdrive.fr/image.ashx?id=2228013&use=l&cat=p&typeid=i","cat":327603},{"id":91482,"n":"Riz Comptoir du Grain Champignons 2 min - 250g","p":1.22,"u":"4,88 €/KG","img":"https://fd6-photos.leclercdrive.fr/image.ashx?id=2856561&use=l&cat=p&typeid=i","cat":287600},{"id":91485,"n":"Riz long Comptoir du Grain Express 2 min - 250g","p":0.99,"u":"3,96 €/KG","img":"https://fd6-photos.leclercdrive.fr/image.ashx?id=2441393&use=l&cat=p&typeid=i","cat":287600},{"id":91553,"n":"Quinoa Céréal Bio  Bio repas express 220g","p":2.22,"u":"10,09 €/KG","img":"https://fd6-photos.leclercdrive.fr/image.ashx?id=2575081&use=l&cat=p&typeid=i","cat":287600},{"id":91554,"n":"Blé Riz quinoa Céréal Bio  Bio repas express 220g","p":1.99,"u":"9,05 €/KG","img":"https://fd6-photos.leclercdrive.fr/image.ashx?id=2662844&use=l&cat=p&typeid=i","cat":287600},{"id":91557,"n":"Lentilles Riz Soja Céréal Bio Bio repas express-250g","p":1.95,"u":"7,80 €/KG","img":"https://fd6-photos.leclercdrive.fr/image.ashx?id=2575084&use=l&cat=p&typeid=i","cat":287600},{"id":91585,"n":"Bicarbonate de soude Briochin Ecocert - 500g","p":3.7,"u":"7,40 €/KG","img":"https://fd6-photos.leclercdrive.fr/image.ashx?id=3000749&use=l&cat=p&typeid=i","cat":325365},{"id":91603,"n":"Gel pur So Bio Etic Aloe Vera bio - 125ml","p":7.44,"u":"59,52 €/L","img":"https://fd6-photos.leclercdrive.fr/image.ashx?id=2802497&use=l&cat=p&typeid=i","cat":325345},{"id":91605,"n":"Soin nutritif So Bio Etic Aloe Vera bio - 50ml","p":7.44,"u":"148,80 €/L","img":"https://fd6-photos.leclercdrive.fr/image.ashx?id=2992128&use=l&cat=p&typeid=i","cat":325345},{"id":91647,"n":"Caviar Baeri Prince Soukhanoff Boîte de 10g","p":7.95,"u":"795,00 €/KG","img":"https://fd6-photos.leclercdrive.fr/image.ashx?id=2095896&use=l&cat=p&typeid=i","cat":285191},{"id":91768,"n":"Roquefort AOP Société Fromage de brebis - 100g","p":2.44,"u":"24,40 €/KG","img":"https://fd6-photos.leclercdrive.fr/image.ashx?id=2729701&use=l&cat=p&typeid=i","cat":314032},{"id":91776,"n":"Crème UHT Elle&Vire Semi-Ep. Entière - 30% MG - 3x20cl","p":4.12,"u":"6,87 €/L","img":"https://fd6-photos.leclercdrive.fr/image.ashx?id=2979866&use=l&cat=p&typeid=i","cat":284381},{"id":91805,"n":"petit suisse aux fruits danonino - 18x50g","p":3.55,"u":"3,94 €/KG","img":"https://fd6-photos.leclercdrive.fr/image.ashx?id=3003137&use=l&cat=p&typeid=i","cat":284414},{"id":91807,"n":"petit suisse aux fruits danonino - 12x50g","p":2.4,"u":"4,00 €/KG","img":"https://fd6-photos.leclercdrive.fr/image.ashx?id=3003140&use=l&cat=p&typeid=i","cat":284414},{"id":91814,"n":"Pommes bicolores bio Bio Village Barquette x4","p":1.99,"u":"0,50 €/P","img":"https://fd6-photos.leclercdrive.fr/image.ashx?id=2556538&use=l&cat=p&typeid=i","cat":284356},{"id":91867,"n":"Desperados Mojito Pack 6x33cl","p":9.36,"u":"4,73 €/L","img":"https://fd6-photos.leclercdrive.fr/image.ashx?id=2651080&use=l&cat=p&typeid=i","cat":334878},{"id":91903,"n":"Biscuits Délichoc Chocolat noir - 3x150g","p":5.21,"u":"11,58 €/KG","img":"https://fd6-photos.leclercdrive.fr/image.ashx?id=2668332&use=l&cat=p&typeid=i","cat":284488},{"id":92027,"n":"Tablette chocolat au lait Lindt Caramel Pointe de sel - 100g","p":2.33,"u":"23,30 €/KG","img":"https://fd6-photos.leclercdrive.fr/image.ashx?id=2750384&use=l&cat=p&typeid=i","cat":284497},{"id":92072,"n":"Ecrasé Pom'lisse Pomme de terre et cèpes - 400g","p":3.95,"u":"9,88 €/KG","img":"https://fd6-photos.leclercdrive.fr/image.ashx?id=2373269&use=l&cat=p&typeid=i","cat":319793},{"id":92073,"n":"Légumes pour Wok Bio Village Bio - 600g","p":2.99,"u":"4,98 €/KG","img":"https://fd6-photos.leclercdrive.fr/image.ashx?id=2898071&use=l&cat=p&typeid=i","cat":319823},{"id":92247,"n":"Nettoyant spray La Croix Désinfectant Javel Frais -500ml","p":1.51,"u":"3,02 €/L","img":"https://fd6-photos.leclercdrive.fr/image.ashx?id=2471601&use=l&cat=p&typeid=i","cat":325357},{"id":92255,"n":"Soupe liquide brique Liebig  Courgettes Vache Qui Rit 2x30cl","p":3.01,"u":"5,02 €/L","img":"https://fd6-photos.leclercdrive.fr/image.ashx?id=2175518&use=l&cat=p&typeid=i","cat":284462},{"id":92256,"n":"Gourdes bio bébé Hipp Bio 4 variétés - 8x120g","p":8.71,"u":"9,07 €/KG","img":"https://fd6-photos.leclercdrive.fr/image.ashx?id=2915578&use=l&cat=p&typeid=i","cat":312393},{"id":92267,"n":"Soupe instantanée Royco  Indienne - 3x200ml","p":1.64,"u":"2,73 €/L","img":"https://fd6-photos.leclercdrive.fr/image.ashx?id=2650988&use=l&cat=p&typeid=i","cat":293527},{"id":92275,"n":"Asperges vertes Notre Jardin Pointes bocal - 100g","p":3.65,"u":"36,50 €/KG","img":"https://fd6-photos.leclercdrive.fr/image.ashx?id=2072716&use=l&cat=p&typeid=i","cat":312611},{"id":92342,"n":"AOP Bordeaux vin blanc Mouton Cadet - 75cl","p":5.59,"u":"7,45 €/L","img":"https://fd6-photos.leclercdrive.fr/image.ashx?id=2845985&use=l&cat=p&typeid=i","cat":289557},{"id":92351,"n":"Crème mains Inell Réparatrice - 100ml","p":1.45,"u":"14,50 €/L","img":"https://fd6-photos.leclercdrive.fr/image.ashx?id=2822135&use=l&cat=p&typeid=i","cat":325354},{"id":92356,"n":"Serviettes Hygieniques Vania  Maxi confort super - x16","p":1.78,"u":"0,11 €/P","img":"https://fd6-photos.leclercdrive.fr/image.ashx?id=2908168&use=l&cat=p&typeid=i","cat":284624},{"id":92436,"n":"Noix de Saint-Jacques ASC Ronde des Mers - 300g","p":8.7,"u":"29,00 €/KG","img":"https://fd6-photos.leclercdrive.fr/image.ashx?id=2835032&use=l&cat=p&typeid=i","cat":319787},{"id":92452,"n":"Tomates cerises bio Bio Village 250g","p":1.59,"u":"6,36 €/KG","img":"https://fd6-photos.leclercdrive.fr/image.ashx?id=2959755&use=l&cat=p&typeid=i","cat":284352},{"id":92454,"n":"Mini bûche Eskiss Fruits rouge x6 - 328g","p":2.29,"u":"6,98 €/KG","img":"https://fd6-photos.leclercdrive.fr/image.ashx?id=2790994&use=l&cat=p&typeid=i","cat":284266},{"id":92516,"n":"Poélée Légume Wok Notre Jardin Inde - 1kg","p":3.99,"u":"3,99 €/KG","img":"https://fd6-photos.leclercdrive.fr/image.ashx?id=2803957&use=l&cat=p&typeid=i","cat":319823},{"id":92530,"n":"Cidre fermier Doux NRT IGP  De Bretagne - 3%vol - 75cl","p":3.34,"u":"4,45 €/L","img":"https://fd6-photos.leclercdrive.fr/image.ashx?id=2791117&use=l&cat=p&typeid=i","cat":334880},{"id":92532,"n":"Céréales Quaker Cruesli Chocolat - 900g","p":5.19,"u":"5,77 €/KG","img":"https://fd6-photos.leclercdrive.fr/image.ashx?id=2212153&use=l&cat=p&typeid=i","cat":309512},{"id":92533,"n":"Céréales Quaker Cruesli Chocolat au lait - 450g","p":2.67,"u":"5,93 €/KG","img":"https://fd6-photos.leclercdrive.fr/image.ashx?id=2212156&use=l&cat=p&typeid=i","cat":309512},{"id":92693,"n":"Gel douche Mixa Bébé  Très Doux Corps Cheveux - 750ml","p":6.64,"u":"8,85 €/L","img":"https://fd6-photos.leclercdrive.fr/image.ashx?id=2316210&use=l&cat=p&typeid=i","cat":284740},{"id":92702,"n":"Tomate ronde grappe Bio Village Bio - 500g","p":2.49,"u":"4,98 €/KG","img":"https://fd6-photos.leclercdrive.fr/image.ashx?id=2551996&use=l&cat=p&typeid=i","cat":284352},{"id":92712,"n":"Adhésif transparent Eco+ 19mmx25m - x5","p":0.42,"u":"0,08 €/P","img":"https://fd6-photos.leclercdrive.fr/image.ashx?id=2943127&use=l&cat=p&typeid=i","cat":334133},{"id":92715,"n":"Pochettes coins Esquisses Transparentes - x10","p":1.5,"u":"0,15 €/P","img":"https://fd6-photos.leclercdrive.fr/image.ashx?id=1700197&use=l&cat=p&typeid=i","cat":284745},{"id":92761,"n":"Sacs poubelle 10L Eco+ Salle de bain - x30","p":1.08,"u":"0,04 €/P","img":"https://fd6-photos.leclercdrive.fr/image.ashx?id=1916280&use=l&cat=p&typeid=i","cat":285168},{"id":92780,"n":"Bière blonde Heineken 6x25cl","p":4.35,"u":"2,90 €/L","img":"https://fd6-photos.leclercdrive.fr/image.ashx?id=3011077&use=l&cat=p&typeid=i","cat":334873},{"id":92782,"n":"Thé glacé Fuze Tea Saveur pêche - 1.25L","p":1.48,"u":"1,18 €/L","img":"https://fd6-photos.leclercdrive.fr/image.ashx?id=2940390&use=l&cat=p&typeid=i","cat":295019},{"id":92809,"n":"IGP Tomme des Pyrénées noire 180g","p":2.43,"u":"13,50 €/KG","img":"https://fd6-photos.leclercdrive.fr/image.ashx?id=2864594&use=l&cat=p&typeid=i","cat":329184},{"id":92816,"n":"Tablette lave-vaisselle Rainett Tout en 1 Citron Vert x30 -600g","p":5.86,"u":"9,77 €/KG","img":"https://fd6-photos.leclercdrive.fr/image.ashx?id=2506483&use=l&cat=p&typeid=i","cat":284656},{"id":92818,"n":"Tablette lave-vaisselle Rainett Tout en 1 Bicarbonate x30 -600g","p":4.96,"u":"8,27 €/KG","img":"https://fd6-photos.leclercdrive.fr/image.ashx?id=2506477&use=l&cat=p&typeid=i","cat":284656},{"id":92823,"n":"Potage Bio petit pois courgette Brocoli - 98.5cl","p":5.24,"u":"5,32 €/L","img":"https://fd6-photos.leclercdrive.fr/image.ashx?id=2766412&use=l&cat=p&typeid=i","cat":287365},{"id":92834,"n":"Chips extra Vico 6x30g","p":1.96,"u":"10,89 €/KG","img":"https://fd6-photos.leclercdrive.fr/image.ashx?id=2917816&use=l&cat=p&typeid=i","cat":284447},{"id":92837,"n":"Tuiles Chaque jour sans gluten Goût salé - 170g","p":2.12,"u":"12,47 €/KG","img":"https://fd6-photos.leclercdrive.fr/image.ashx?id=2463410&use=l&cat=p&typeid=i","cat":318654},{"id":92838,"n":"Vinaigre Rustica Au jus de citron - 75cl","p":1.35,"u":"1,80 €/L","img":"https://fd6-photos.leclercdrive.fr/image.ashx?id=1515723&use=l&cat=p&typeid=i","cat":298543},{"id":92841,"n":"Huile de tournesol Rustica 50cl","p":1.39,"u":"2,78 €/L","img":"https://fd6-photos.leclercdrive.fr/image.ashx?id=2900349&use=l&cat=p&typeid=i","cat":284453},{"id":92842,"n":"Mélange 4 huiles Rustica Végétales - 50cl","p":1.79,"u":"3,58 €/L","img":"https://fd6-photos.leclercdrive.fr/image.ashx?id=2508885&use=l&cat=p&typeid=i","cat":284453},{"id":92861,"n":"Crème Visage Jour FPS 15 Nivea Hydratante - 50ml","p":4.08,"u":"81,60 €/L","img":"https://fd6-photos.leclercdrive.fr/image.ashx?id=3015335&use=l&cat=p&typeid=i","cat":325345},{"id":93023,"n":"Bière blonde Heineken 12x25cl","p":7.51,"u":"2,50 €/L","img":"https://fd6-photos.leclercdrive.fr/image.ashx?id=3011080&use=l&cat=p&typeid=i","cat":334873},{"id":93032,"n":"Saucisson Justin Bridou Bâton de Berger Nature 250g","p":3.93,"u":"15,72 €/KG","img":"https://fd6-photos.leclercdrive.fr/image.ashx?id=2921313&use=l&cat=p&typeid=i","cat":316006},{"id":93033,"n":"Saucisson Fuet César Moroni  170g","p":3.24,"u":"19,06 €/KG","img":"https://fd6-photos.leclercdrive.fr/image.ashx?id=2916138&use=l&cat=p&typeid=i","cat":316006},{"id":93036,"n":"Rosette tranchée Cochonou  10 tranches - 93g","p":1.79,"u":"19,25 €/KG","img":"https://fd6-photos.leclercdrive.fr/image.ashx?id=2924107&use=l&cat=p&typeid=i","cat":316007},{"id":93037,"n":"Saucisson sec Tranché Cochonou 30 tranches - 93g","p":1.65,"u":"17,74 €/KG","img":"https://fd6-photos.leclercdrive.fr/image.ashx?id=2924104&use=l&cat=p&typeid=i","cat":316007},{"id":93040,"n":"AOC Crémant de Bordeaux brut  Chantet Blanet - 75cl","p":4.99,"u":"6,65 €/L","img":"https://fd6-photos.leclercdrive.fr/image.ashx?id=2931717&use=l&cat=p&typeid=i","cat":284545},{"id":93041,"n":"Fromage Caprice Des Dieux 300g","p":3.58,"u":"11,93 €/KG","img":"https://fd6-photos.leclercdrive.fr/image.ashx?id=2763178&use=l&cat=p&typeid=i","cat":314033},{"id":93043,"n":"Crème dessert Bio village Bio - 4x95g  - Vanille","p":1.28,"u":"3,37 €/KG","img":"https://fd6-photos.leclercdrive.fr/image.ashx?id=2992648&use=l&cat=p&typeid=i","cat":285041},{"id":93044,"n":"AOC Côtes du Rhône Villages Bio Rouge Rives & Terrasses - 75cl","p":5.49,"u":"7,32 €/L","img":"https://fd6-photos.leclercdrive.fr/image.ashx?id=2835041&use=l&cat=p&typeid=i","cat":289556},{"id":93045,"n":"AOC Corbières BIO vin rouge Prieur Barsanne - 75cl","p":3.99,"u":"5,32 €/L","img":"https://fd6-photos.leclercdrive.fr/image.ashx?id=2718478&use=l&cat=p&typeid=i","cat":289556},{"id":93050,"n":"Poivron Bicolore bio Bio Village x2","p":2.79,"u":"1,40 €/P","img":"https://fd6-photos.leclercdrive.fr/image.ashx?id=2960541&use=l&cat=p&typeid=i","cat":284352},{"id":93070,"n":"Crème dessert Bio Bio village Chocolat - 4x95g","p":1.28,"u":"3,37 €/KG","img":"https://fd6-photos.leclercdrive.fr/image.ashx?id=2992645&use=l&cat=p&typeid=i","cat":285041},{"id":93079,"n":"Bûche glacée L'Angelys Fruits rouges et exotiques - 500g","p":8.48,"u":"16,96 €/KG","img":"https://fd6-photos.leclercdrive.fr/image.ashx?id=2963664&use=l&cat=p&typeid=i","cat":284266},{"id":93089,"n":"Cidre fermier Brut NRT IGP  De Bretagne - 3%vol - 75cl","p":3.34,"u":"4,45 €/L","img":"https://fd6-photos.leclercdrive.fr/image.ashx?id=2791114&use=l&cat=p&typeid=i","cat":334880},{"id":93091,"n":"Bûche glacée Eskiss Vanille Caramel Pécan - 534g","p":3.85,"u":"7,21 €/KG","img":"https://fd6-photos.leclercdrive.fr/image.ashx?id=2791329&use=l&cat=p&typeid=i","cat":284266},{"id":93105,"n":"Skyr danone  nature 0%mg - 2x140g","p":2.15,"u":"7,68 €/KG","img":"https://fd6-photos.leclercdrive.fr/image.ashx?id=2810606&use=l&cat=p&typeid=i","cat":284409},{"id":93108,"n":"Bière Desperados Pack de 12x33cl","p":14.45,"u":"3,65 €/L","img":"https://fd6-photos.leclercdrive.fr/image.ashx?id=2983123&use=l&cat=p&typeid=i","cat":334878},{"id":93109,"n":"Bière Desperados Pack de 6x33cl","p":7.22,"u":"3,65 €/L","img":"https://fd6-photos.leclercdrive.fr/image.ashx?id=2999865&use=l&cat=p&typeid=i","cat":334878},{"id":93110,"n":"Epinards hachés à la crème Bio Bio Village - 600g","p":2.1,"u":"3,50 €/KG","img":"https://fd6-photos.leclercdrive.fr/image.ashx?id=2043276&use=l&cat=p&typeid=i","cat":319805},{"id":93111,"n":"Camembert Le Rustique  250g","p":2.32,"u":"9,28 €/KG","img":"https://fd6-photos.leclercdrive.fr/image.ashx?id=2979722&use=l&cat=p&typeid=i","cat":314033},{"id":93112,"n":"Coulommiers Cœur de Lion  350g","p":2.62,"u":"7,49 €/KG","img":"https://fd6-photos.leclercdrive.fr/image.ashx?id=2766286&use=l&cat=p&typeid=i","cat":314033},{"id":93121,"n":"Escalope Cordon Bleu Père Dodu  Dinde x4 - 400g - Familial","p":5.15,"u":"12,88 €/KG","img":"https://fd6-photos.leclercdrive.fr/image.ashx?id=2957206&use=l&cat=p&typeid=i","cat":333683},{"id":93169,"n":"Jus ananas Caraïbos 75cl","p":2.17,"u":"2,89 €/L","img":"https://fd6-photos.leclercdrive.fr/image.ashx?id=3011287&use=l&cat=p&typeid=i","cat":284915},{"id":93181,"n":"Pains Façon Bretzel x6 - 270g","p":2.17,"u":"8,04 €/KG","img":"https://fd6-photos.leclercdrive.fr/image.ashx?id=2867401&use=l&cat=p&typeid=i","cat":325069},{"id":93185,"n":"Epinards hachés Bio Bio Village - 600g","p":1.77,"u":"2,95 €/KG","img":"https://fd6-photos.leclercdrive.fr/image.ashx?id=2898080&use=l&cat=p&typeid=i","cat":319805},{"id":93203,"n":"Lessive concentrée Epsil Pure fraîcheur x28 - 980ml","p":3.29,"u":"3,36 €/L","img":"https://fd6-photos.leclercdrive.fr/image.ashx?id=2450047&use=l&cat=p&typeid=i","cat":284640},{"id":93208,"n":"Brie 200g","p":2.44,"u":"12,20 €/KG","img":"https://fd6-photos.leclercdrive.fr/image.ashx?id=2864591&use=l&cat=p&typeid=i","cat":314033},{"id":93243,"n":"Dissolvant Inell Semi-permanent - 150ml","p":1.42,"u":"9,47 €/L","img":"https://fd6-photos.leclercdrive.fr/image.ashx?id=2691682&use=l&cat=p&typeid=i","cat":325347},{"id":93244,"n":"Sauce bolognaise Panzani 425g","p":1.89,"u":"4,45 €/KG","img":"https://fd6-photos.leclercdrive.fr/image.ashx?id=2989096&use=l&cat=p&typeid=i","cat":287599},{"id":93246,"n":"Assortiment Copains Copines Fraises bananes - 250g","p":1.19,"u":"4,76 €/KG","img":"https://fd6-photos.leclercdrive.fr/image.ashx?id=2934724&use=l&cat=p&typeid=i","cat":304250},{"id":93248,"n":"Assortiment Copains Copines Tubo gélifiés doux - 600g","p":3.32,"u":"5,53 €/KG","img":"https://fd6-photos.leclercdrive.fr/image.ashx?id=2934727&use=l&cat=p&typeid=i","cat":304250},{"id":93254,"n":"Assortiment Copains Copines Mini sachets - 500g","p":3.58,"u":"7,16 €/KG","img":"https://fd6-photos.leclercdrive.fr/image.ashx?id=2934736&use=l&cat=p&typeid=i","cat":304250},{"id":93260,"n":"Biscuits Calèche LU Sélection gourmande - 250g","p":3.86,"u":"15,44 €/KG","img":"https://fd6-photos.leclercdrive.fr/image.ashx?id=1916631&use=l&cat=p&typeid=i","cat":284490},{"id":93310,"n":"Yaourt bifidus Activia vanille - 12x125g","p":4.23,"u":"2,82 €/KG","img":"https://fd6-photos.leclercdrive.fr/image.ashx?id=2999835&use=l&cat=p&typeid=i","cat":315000},{"id":93318,"n":"Vin de France Pinot Noir Bouchard Ainé et Fils - 75cl","p":5.94,"u":"7,92 €/L","img":"https://fd6-photos.leclercdrive.fr/image.ashx?id=2916105&use=l&cat=p&typeid=i","cat":289556},{"id":93348,"n":"Assortiment 26%mg Les croisés 3 Variétés ss croûte - 700g","p":9.74,"u":"13,91 €/KG","img":"https://fd6-photos.leclercdrive.fr/image.ashx?id=2793269&use=l&cat=p&typeid=i","cat":314037},{"id":93398,"n":"Plat bébé Blédina 12 mois  Butternut dinde - 2x200g","p":2.69,"u":"6,73 €/KG","img":"https://fd6-photos.leclercdrive.fr/image.ashx?id=2975086&use=l&cat=p&typeid=i","cat":312237},{"id":93401,"n":"Bière blonde pression Heineken Fût de 5L","p":17.87,"u":"3,57 €/L","img":"https://fd6-photos.leclercdrive.fr/image.ashx?id=2646194&use=l&cat=p&typeid=i","cat":334879},{"id":93403,"n":"Bières Desperados 6x33cl","p":7.58,"u":"3,83 €/L","img":"https://fd6-photos.leclercdrive.fr/image.ashx?id=2977963&use=l&cat=p&typeid=i","cat":334853},{"id":93416,"n":"Sucre Beghin Say Vergeoise blonde nature - 500g","p":1.64,"u":"3,28 €/KG","img":"https://fd6-photos.leclercdrive.fr/image.ashx?id=2860184&use=l&cat=p&typeid=i","cat":284502},{"id":93421,"n":"Muscat Valauria  15,5%vol - 75cl","p":5.57,"u":"7,43 €/L","img":"https://fd6-photos.leclercdrive.fr/image.ashx?id=2484230&use=l&cat=p&typeid=i","cat":284913},{"id":93541,"n":"Bethmale au lait cru 150g","p":2.43,"u":"16,20 €/KG","img":"https://fd6-photos.leclercdrive.fr/image.ashx?id=2859464&use=l&cat=p&typeid=i","cat":329184},{"id":93574,"n":"Kit pour Burritos 510g","p":2.81,"u":"5,51 €/KG","img":"https://fd6-photos.leclercdrive.fr/image.ashx?id=2679774&use=l&cat=p&typeid=i","cat":288993},{"id":93596,"n":"Cidre bouché Envies De Doux - 75cl","p":2.69,"u":"3,59 €/L","img":"https://fd6-photos.leclercdrive.fr/image.ashx?id=2908978&use=l&cat=p&typeid=i","cat":334880},{"id":93624,"n":"Papier toilette Mimosa Blanc 3 plis - x12","p":4.61,"u":"0,38 €/P","img":"https://fd6-photos.leclercdrive.fr/image.ashx?id=2777863&use=l&cat=p&typeid=i","cat":284634},{"id":93625,"n":"Papier toilette Mimosa Rose 3 plis - x12","p":4.69,"u":"0,39 €/P","img":"https://fd6-photos.leclercdrive.fr/image.ashx?id=1513290&use=l&cat=p&typeid=i","cat":284634},{"id":93631,"n":"Graines de tournesol Eco+ 2.5kg","p":3.5,"u":"1,40 €/KG","img":"https://fd6-photos.leclercdrive.fr/image.ashx?id=2162123&use=l&cat=p&typeid=i","cat":284678},{"id":93685,"n":"Noix St Jacques Ronde des mers Sans Corail - MSC - 300g","p":12.99,"u":"43,30 €/KG","img":"https://fd6-photos.leclercdrive.fr/image.ashx?id=2545930&use=l&cat=p&typeid=i","cat":319787},{"id":93700,"n":"Tablette chocolat Côte d'Or Chocolat lait praliné - 200g","p":3.81,"u":"19,05 €/KG","img":"https://fd6-photos.leclercdrive.fr/image.ashx?id=2850222&use=l&cat=p&typeid=i","cat":284497},{"id":93727,"n":"Liquide de rinçage Rainett Pour Lave-vaisselle - 750ml","p":3.59,"u":"4,79 €/L","img":"https://fd6-photos.leclercdrive.fr/image.ashx?id=2338510&use=l&cat=p&typeid=i","cat":284657},{"id":93728,"n":"Clémentine à déguster bio Bio Village Sachet 750g","p":2.99,"u":"3,99 €/KG","img":"https://fd6-photos.leclercdrive.fr/image.ashx?id=2801058&use=l&cat=p&typeid=i","cat":284356},{"id":93742,"n":"Joker Bio Multifruits 1L","p":2.72,"u":"2,72 €/L","img":"https://fd6-photos.leclercdrive.fr/image.ashx?id=3001293&use=l&cat=p&typeid=i","cat":284917},{"id":93750,"n":"Ratatouille Cuisinée Cassegrain à la Provençale 380g","p":2.83,"u":"7,45 €/KG","img":"https://fd6-photos.leclercdrive.fr/image.ashx?id=2970831&use=l&cat=p&typeid=i","cat":312612},{"id":93765,"n":"Nettoyant moteur TECH9  300ml","p":4.99,"u":"16,63 €/L","img":"https://fd6-photos.leclercdrive.fr/image.ashx?id=2162492&use=l&cat=p&typeid=i","cat":298252},{"id":93774,"n":"Shampooing lustrant TECH9 500ml","p":2.99,"u":"5,98 €/L","img":"https://fd6-photos.leclercdrive.fr/image.ashx?id=2162453&use=l&cat=p&typeid=i","cat":298252},{"id":93776,"n":"Sauce tomate bio Jardin Bio Provençale - 510g","p":3.35,"u":"6,57 €/KG","img":"https://fd6-photos.leclercdrive.fr/image.ashx?id=2977435&use=l&cat=p&typeid=i","cat":287599},{"id":93788,"n":"Escalope Cordon Bleu Père Dodu  Poulet x2 - 200g","p":2.2,"u":"11,00 €/KG","img":"https://fd6-photos.leclercdrive.fr/image.ashx?id=2957170&use=l&cat=p&typeid=i","cat":333683},{"id":93790,"n":"Sauce tomate bio Jardin Bio Basilic - 510g","p":3.32,"u":"6,51 €/KG","img":"https://fd6-photos.leclercdrive.fr/image.ashx?id=2918832&use=l&cat=p&typeid=i","cat":287599},{"id":93794,"n":"Tissus à lustrer TECH9 x10","p":1.75,"u":"0,18 €/P","img":"https://fd6-photos.leclercdrive.fr/image.ashx?id=1543778&use=l&cat=p&typeid=i","cat":298252},{"id":93798,"n":"Dégrippant multi-fonction TECH9 300ml","p":3.45,"u":"11,50 €/L","img":"https://fd6-photos.leclercdrive.fr/image.ashx?id=2162486&use=l&cat=p&typeid=i","cat":298252},{"id":93808,"n":"Rénovateur TECH9 Peintures anciennes - 500ml","p":4.99,"u":"9,98 €/L","img":"https://fd6-photos.leclercdrive.fr/image.ashx?id=2162459&use=l&cat=p&typeid=i","cat":298252},{"id":93810,"n":"Shampooing 3 en 1 TECH9 500ml","p":5.45,"u":"10,90 €/L","img":"https://fd6-photos.leclercdrive.fr/image.ashx?id=2162456&use=l&cat=p&typeid=i","cat":298252},{"id":93817,"n":"Muesli croustillant 7 fruits  bio Terres et Céréales-1kg","p":5.95,"u":"5,95 €/KG","img":"https://fd6-photos.leclercdrive.fr/image.ashx?id=2802449&use=l&cat=p&typeid=i","cat":309512},{"id":93819,"n":"Poêlée de légume Notre Jardin Wok cuisiné Asie - 1kg","p":3.59,"u":"3,59 €/KG","img":"https://fd6-photos.leclercdrive.fr/image.ashx?id=2878600&use=l&cat=p&typeid=i","cat":319823},{"id":93820,"n":"Nettoyant TECH9 Insectes et fientes - 500ml","p":5.49,"u":"10,98 €/L","img":"https://fd6-photos.leclercdrive.fr/image.ashx?id=2162477&use=l&cat=p&typeid=i","cat":298252},{"id":93821,"n":"Nettoyant goudron résine TECH9 300ml","p":4.75,"u":"15,83 €/L","img":"https://fd6-photos.leclercdrive.fr/image.ashx?id=2162474&use=l&cat=p&typeid=i","cat":298252},{"id":93824,"n":"Brillant pneus TECH9 400ml","p":6.99,"u":"17,48 €/L","img":"https://fd6-photos.leclercdrive.fr/image.ashx?id=2162480&use=l&cat=p&typeid=i","cat":298252},{"id":93842,"n":"Coton rectangle bébé Eco+ x200","p":3.99,"u":"0,02 €/P","img":"https://fd6-photos.leclercdrive.fr/image.ashx?id=2869760&use=l&cat=p&typeid=i","cat":284739},{"id":93851,"n":"Petit Pois Tendres et Fondants Cassegrain 280g","p":1.84,"u":"6,57 €/KG","img":"https://fd6-photos.leclercdrive.fr/image.ashx?id=2955318&use=l&cat=p&typeid=i","cat":312607},{"id":93854,"n":"Aubergines Cuisinées Cassegrain à la Provençale 375g","p":2.98,"u":"7,95 €/KG","img":"https://fd6-photos.leclercdrive.fr/image.ashx?id=2962086&use=l&cat=p&typeid=i","cat":312612},{"id":93856,"n":"Polish rénovateur TECH9 500ml","p":2.99,"u":"5,98 €/L","img":"https://fd6-photos.leclercdrive.fr/image.ashx?id=2162462&use=l&cat=p&typeid=i","cat":298252},{"id":93857,"n":"Répare crevaison TECH9 500ml","p":6.9,"u":"13,80 €/L","img":"https://fd6-photos.leclercdrive.fr/image.ashx?id=2162489&use=l&cat=p&typeid=i","cat":298252},{"id":93860,"n":"Viande hachée bio- Bio Village  15%mg - 400g","p":8.15,"u":"20,38 €/KG","img":"https://fd6-photos.leclercdrive.fr/image.ashx?id=2946478&use=l&cat=p&typeid=i","cat":319779},{"id":93867,"n":"Rénovateur joints TECH9 300ml","p":4.99,"u":"16,63 €/L","img":"https://fd6-photos.leclercdrive.fr/image.ashx?id=2162483&use=l&cat=p&typeid=i","cat":298252},{"id":93936,"n":"Filets de poulet Eco+ Blanc - 1kg","p":9.49,"u":"9,49 €/KG","img":"https://fd6-photos.leclercdrive.fr/image.ashx?id=1931415&use=l&cat=p&typeid=i","cat":284336},{"id":93951,"n":"Huile fine TECH9 Multi-usage - 125ml","p":2.1,"u":"16,80 €/L","img":"https://fd6-photos.leclercdrive.fr/image.ashx?id=1543706&use=l&cat=p&typeid=i","cat":298253},{"id":94052,"n":"Haricot Vert Cassegrain Extra Fin Ceuillis main 220g","p":2.11,"u":"9,59 €/KG","img":"https://fd6-photos.leclercdrive.fr/image.ashx?id=2955321&use=l&cat=p&typeid=i","cat":312606},{"id":94053,"n":"Gaufrette P'tit Déli Fraise des bois - 160g","p":1.52,"u":"9,50 €/KG","img":"https://fd6-photos.leclercdrive.fr/image.ashx?id=2915299&use=l&cat=p&typeid=i","cat":284489},{"id":94164,"n":"Fromage Crèmeux Saint Albray  200g","p":2.86,"u":"14,30 €/KG","img":"https://fd6-photos.leclercdrive.fr/image.ashx?id=2731825&use=l&cat=p&typeid=i","cat":329558},{"id":94180,"n":"Croquettes chat Ultima Stérilisé sensible - 3kg","p":14.02,"u":"4,67 €/KG","img":"https://fd6-photos.leclercdrive.fr/image.ashx?id=2906580&use=l&cat=p&typeid=i","cat":284680},{"id":94189,"n":"Sachet chat sénior Perfect Fit dinde poisson sauce - 4x85g","p":2.36,"u":"6,94 €/KG","img":"https://fd6-photos.leclercdrive.fr/image.ashx?id=2759730&use=l&cat=p&typeid=i","cat":285286},{"id":94213,"n":"Raclette 3 poivres Ermitage 200g","p":2.69,"u":"13,45 €/KG","img":"https://fd6-photos.leclercdrive.fr/image.ashx?id=2831915&use=l&cat=p&typeid=i","cat":314037},{"id":94215,"n":"Raclette aux cèpes  Ermitage - 200g","p":2.69,"u":"13,45 €/KG","img":"https://fd6-photos.leclercdrive.fr/image.ashx?id=2544206&use=l&cat=p&typeid=i","cat":314037},{"id":94258,"n":"Bière blonde Leffe 24x33cl","p":23.94,"u":"3,02 €/L","img":"https://fd6-photos.leclercdrive.fr/image.ashx?id=1928536&use=l&cat=p&typeid=i","cat":334852},{"id":94281,"n":"Rhum blanc Bologne 50%vol - 100cl","p":19.31,"u":"19,31 €/L","img":"https://fd6-photos.leclercdrive.fr/image.ashx?id=2876554&use=l&cat=p&typeid=i","cat":284550},{"id":94309,"n":"Croquettes chat stérilisé D’intérieur Ultima - 3kg","p":14.57,"u":"4,86 €/KG","img":"https://fd6-photos.leclercdrive.fr/image.ashx?id=2922230&use=l&cat=p&typeid=i","cat":284680},{"id":94383,"n":"Désodorisant Air Wick Fleur de lotus Relaxant - 250ml","p":3.25,"u":"13,00 €/L","img":"https://fd6-photos.leclercdrive.fr/image.ashx?id=2971930&use=l&cat=p&typeid=i","cat":311626},{"id":94406,"n":"Yaourt Grec nature 4x150g Eleveurs des Hauts de France","p":1.99,"u":"3,32 €/KG","img":"https://fd6-photos.leclercdrive.fr/image.ashx?id=1672468&use=l&cat=p&typeid=i","cat":314999},{"id":94408,"n":"Liégeois café 4x100g Eleveurs des Hauts de France","p":1.59,"u":"3,98 €/KG","img":"https://fd6-photos.leclercdrive.fr/image.ashx?id=1672462&use=l&cat=p&typeid=i","cat":285042},{"id":94409,"n":"Liégeois chocolat 4x100g Eleveurs des Hauts de France","p":1.59,"u":"3,98 €/KG","img":"https://fd6-photos.leclercdrive.fr/image.ashx?id=1667698&use=l&cat=p&typeid=i","cat":285042},{"id":94410,"n":"Crème dessert vanille 4x125g Eleveurs des Hauts de France","p":1.25,"u":"2,50 €/KG","img":"https://fd6-photos.leclercdrive.fr/image.ashx?id=1667695&use=l&cat=p&typeid=i","cat":285041},{"id":94411,"n":"Crème dessert chocolat 4x125g Eleveurs des Hauts de France","p":1.25,"u":"2,50 €/KG","img":"https://fd6-photos.leclercdrive.fr/image.ashx?id=1667692&use=l&cat=p&typeid=i","cat":285041},{"id":94486,"n":"Crackers Epi D'or 250g","p":1.28,"u":"5,12 €/KG","img":"https://fd6-photos.leclercdrive.fr/image.ashx?id=2791326&use=l&cat=p&typeid=i","cat":297000},{"id":94489,"n":"Lames Wilkinson Quattro Titanium Sensitive - x4","p":8.96,"u":"2,24 €/P","img":"https://fd6-photos.leclercdrive.fr/image.ashx?id=2451405&use=l&cat=p&typeid=i","cat":284616},{"id":94501,"n":"Oeufs frais plein air  L'Oeuf de nos Villages x20","p":4.47,"u":"0,22 €/P","img":"https://fd6-photos.leclercdrive.fr/image.ashx?id=2985381&use=l&cat=p&typeid=i","cat":284378},{"id":94635,"n":"Brasse végétal nature Andros 4x100g","p":2.71,"u":"6,78 €/KG","img":"https://fd6-photos.leclercdrive.fr/image.ashx?id=2872012&use=l&cat=p&typeid=i","cat":316071},{"id":94643,"n":"Brassé végétal Andros Framboise - 400g","p":2.61,"u":"6,53 €/KG","img":"https://fd6-photos.leclercdrive.fr/image.ashx?id=2879089&use=l&cat=p&typeid=i","cat":316071},{"id":94654,"n":"Yaourt bifidus Activia Vanille - 16x125g","p":5.39,"u":"2,70 €/KG","img":"https://fd6-photos.leclercdrive.fr/image.ashx?id=2741775&use=l&cat=p&typeid=i","cat":315000},{"id":94801,"n":"Oeufs frais De Nos Régions Élevées au Sol - x12","p":2.71,"u":"0,23 €/P","img":"https://fd6-photos.leclercdrive.fr/image.ashx?id=2969830&use=l&cat=p&typeid=i","cat":284378},{"id":94807,"n":"Cage de transport Ptit Ami  Gris - Petit modèle 48cm","p":12.9,"img":"https://fd6-photos.leclercdrive.fr/image.ashx?id=1720452&use=l&cat=p&typeid=i","cat":285161},{"id":94808,"n":"Cage de transport Ptit Ami  Bleu - Petit modèle 48cm","p":12.9,"img":"https://fd6-photos.leclercdrive.fr/image.ashx?id=1720455&use=l&cat=p&typeid=i","cat":285161},{"id":94810,"n":"Cage de transport Ptit Ami  Bleu - Grand modèle 55cm","p":16.9,"img":"https://fd6-photos.leclercdrive.fr/image.ashx?id=1720461&use=l&cat=p&typeid=i","cat":285161},{"id":94856,"n":"Oeufs frais plein air Oméga 3 - x20","p":4.55,"u":"0,23 €/P","img":"https://fd6-photos.leclercdrive.fr/image.ashx?id=2969985&use=l&cat=p&typeid=i","cat":284378},{"id":94858,"n":"Oeufs frais De Nos Régions Elevées au sol - Gros - x6","p":1.55,"u":"0,26 €/P","img":"https://fd6-photos.leclercdrive.fr/image.ashx?id=2969848&use=l&cat=p&typeid=i","cat":284378},{"id":94859,"n":"Yaourt à la grecque YAOS  Stracciatella - 4x125g","p":2.45,"u":"4,90 €/KG","img":"https://fd6-photos.leclercdrive.fr/image.ashx?id=2679506&use=l&cat=p&typeid=i","cat":314999},{"id":94860,"n":"Oeufs frais De Nos Régions Élevées au sol - x6","p":1.49,"u":"0,25 €/P","img":"https://fd6-photos.leclercdrive.fr/image.ashx?id=2969818&use=l&cat=p&typeid=i","cat":284378},{"id":94916,"n":"Matière grasse St Hubert Omega 3 - 52% MG - 750g","p":4.9,"u":"6,53 €/KG","img":"https://fd6-photos.leclercdrive.fr/image.ashx?id=2734078&use=l&cat=p&typeid=i","cat":315229},{"id":94928,"n":"AOC Bourgogne Chardonnay blanc Couvent des Visitandines 75cl","p":9.23,"u":"12,31 €/L","img":"https://fd6-photos.leclercdrive.fr/image.ashx?id=2870218&use=l&cat=p&typeid=i","cat":289557},{"id":94999,"n":"12 Moules à croquer surgelées 180g","p":6.99,"u":"38,83 €/KG","img":"https://fd6-photos.leclercdrive.fr/image.ashx?id=2563559&use=l&cat=p&typeid=i","cat":319775},{"id":95001,"n":"Feuilletés apéritifs  Vitacuire 80 pièces - 900g","p":7.98,"u":"8,87 €/KG","img":"https://fd6-photos.leclercdrive.fr/image.ashx?id=1643630&use=l&cat=p&typeid=i","cat":319774},{"id":95008,"n":"Mini tablettes chocolat Milka Chocolat au lait - 8x25g","p":3.46,"u":"17,30 €/KG","img":"https://fd6-photos.leclercdrive.fr/image.ashx?id=2832419&use=l&cat=p&typeid=i","cat":284497},{"id":95069,"n":"Patchs purifiants Bioré Au charbon - x6","p":4.49,"u":"0,75 €/P","img":"https://fd6-photos.leclercdrive.fr/image.ashx?id=2986819&use=l&cat=p&typeid=i","cat":325346},{"id":95077,"n":"Gel anti-calcaire Calgon  Hygiène Plus - 750ml","p":4.97,"u":"6,63 €/L","img":"https://fd6-photos.leclercdrive.fr/image.ashx?id=2953767&use=l&cat=p&typeid=i","cat":284653},{"id":95112,"n":"Bière Cervoise des Ancêtres BlondeTriple - 8.5% vol. - 75cl","p":4.35,"pp":2.87,"u":"3,83 €/L","img":"https://fd6-photos.leclercdrive.fr/image.ashx?id=2021244&use=l&cat=p&typeid=i","cat":334872},{"id":95457,"n":"Rôti de porc Label Rouge L'Atelier Charcuterie - 180g","p":3.99,"u":"22,17 €/KG","img":"https://fd6-photos.leclercdrive.fr/image.ashx?id=2979565&use=l&cat=p&typeid=i","cat":316009},{"id":95498,"n":"Sorbet Plein fruit L'Angelys Pomme verte - 500g","p":6.09,"u":"12,18 €/KG","img":"https://fd6-photos.leclercdrive.fr/image.ashx?id=1558201&use=l&cat=p&typeid=i","cat":284263},{"id":95524,"n":"Essuie-tout bobine Mimosa 500 feuilles","p":3.7,"img":"https://fd6-photos.leclercdrive.fr/image.ashx?id=1523297&use=l&cat=p&typeid=i","cat":284635},{"id":95534,"n":"Saumon fumé Ronde des Mers Ecosse x4T - 140g","p":4.99,"u":"35,64 €/KG","img":"https://fd6-photos.leclercdrive.fr/image.ashx?id=2450053&use=l&cat=p&typeid=i","cat":285188},{"id":95535,"n":"Saumon fumé ASC Ronde des Mers Norvège x4T - 140g","p":4.99,"u":"35,64 €/KG","img":"https://fd6-photos.leclercdrive.fr/image.ashx?id=2832999&use=l&cat=p&typeid=i","cat":285188},{"id":95545,"n":"Matière grasse St Hubert Omega 3 - 52% MG - 510g","p":3.49,"u":"6,84 €/KG","img":"https://fd6-photos.leclercdrive.fr/image.ashx?id=2734072&use=l&cat=p&typeid=i","cat":315229},{"id":95547,"n":"Matière grasse St Hubert Omega 3 - 52% MG - 510g","p":3.49,"u":"6,84 €/KG","img":"https://fd6-photos.leclercdrive.fr/image.ashx?id=2734075&use=l&cat=p&typeid=i","cat":315229},{"id":95564,"n":"Crème fraîche légère Yoplait Fleurette 15% mg - 38cl","p":1.89,"u":"4,97 €/L","img":"https://fd6-photos.leclercdrive.fr/image.ashx?id=2733664&use=l&cat=p&typeid=i","cat":284381},{"id":95582,"n":"Papier toilette Mimosa Blanc 2 plis - x6","p":2.95,"u":"0,49 €/P","img":"https://fd6-photos.leclercdrive.fr/image.ashx?id=2777866&use=l&cat=p&typeid=i","cat":284634},{"id":95584,"n":"Dentifrice dentavie Bio Gencives sensibles - 75ml","p":3.53,"u":"47,07 €/L","img":"https://fd6-photos.leclercdrive.fr/image.ashx?id=2494764&use=l&cat=p&typeid=i","cat":284612},{"id":95586,"n":"Eau micellaire bio SoBio Etic Peau sensible aloé véra - 500ml","p":5.0,"u":"10,00 €/L","img":"https://fd6-photos.leclercdrive.fr/image.ashx?id=2801905&use=l&cat=p&typeid=i","cat":284603},{"id":95623,"n":"AOP Champagne Brut Demoiselle Vranken - 75cl","p":27.09,"u":"36,12 €/L","img":"https://fd6-photos.leclercdrive.fr/image.ashx?id=2203988&use=l&cat=p&typeid=i","cat":284542},{"id":95704,"n":"Vinaigrette Puget Xeres ail basilic - 330 ml","p":2.46,"u":"7,45 €/L","img":"https://fd6-photos.leclercdrive.fr/image.ashx?id=2939541&use=l&cat=p&typeid=i","cat":284456},{"id":95811,"n":"Mascara Waterproof L'OréalParis Lash Paradise Noir","p":13.42,"img":"https://fd6-photos.leclercdrive.fr/image.ashx?id=2559589&use=l&cat=p&typeid=i","cat":287029},{"id":95815,"n":"Dessert végétal soja alpro Vanille - 500g","p":1.81,"u":"3,62 €/KG","img":"https://fd6-photos.leclercdrive.fr/image.ashx?id=2977672&use=l&cat=p&typeid=i","cat":316071},{"id":95817,"n":"Dessert végétal soja alpro Nature à l'amande - 500g","p":1.83,"u":"3,66 €/KG","img":"https://fd6-photos.leclercdrive.fr/image.ashx?id=2977684&use=l&cat=p&typeid=i","cat":316071},{"id":95821,"n":"24 Escargots de Bourgogne Label Rouge + 2 fourchettes","p":10.99,"u":"56,65 €/KG","img":"https://fd6-photos.leclercdrive.fr/image.ashx?id=2565152&use=l&cat=p&typeid=i","cat":319775},{"id":95947,"n":"Pommes jaunes Panier du Primeur x6","p":2.49,"u":"0,42 €/P","img":"https://fd6-photos.leclercdrive.fr/image.ashx?id=2338700&use=l&cat=p&typeid=i","cat":284356},{"id":95950,"n":"Soda cola Dr Pepper Réduit en calories - 1.5L","p":2.32,"u":"1,55 €/L","img":"https://fd6-photos.leclercdrive.fr/image.ashx?id=2024702&use=l&cat=p&typeid=i","cat":284533},{"id":95973,"n":"Eau minérale naturelle Evian  6x1,5l","p":3.36,"u":"0,37 €/L","img":"https://fd6-photos.leclercdrive.fr/image.ashx?id=2967717&use=l&cat=p&typeid=i","cat":284535},{"id":95974,"n":"Bière blonde Bud 5% - 12x25cl","p":8.23,"u":"2,74 €/L","img":"https://fd6-photos.leclercdrive.fr/image.ashx?id=2995406&use=l&cat=p&typeid=i","cat":334873},{"id":95975,"n":"Liquide vaisselle Visior Pomme poire - 750ml","p":1.19,"u":"1,59 €/L","img":"https://fd6-photos.leclercdrive.fr/image.ashx?id=2872718&use=l&cat=p&typeid=i","cat":284655},{"id":95976,"n":"Liquide vaisselle Visior Fruit rouge & Fleur - 750ml","p":1.19,"u":"1,59 €/L","img":"https://fd6-photos.leclercdrive.fr/image.ashx?id=2724586&use=l&cat=p&typeid=i","cat":284655},{"id":95977,"n":"Liquide vaisselle Visior Amande Calendula - 750ml","p":1.26,"u":"1,68 €/L","img":"https://fd6-photos.leclercdrive.fr/image.ashx?id=1965566&use=l&cat=p&typeid=i","cat":284655},{"id":95978,"n":"Liquide vaisselle Visior Pamplemousse vinaigre - 750ml","p":1.3,"u":"1,73 €/L","img":"https://fd6-photos.leclercdrive.fr/image.ashx?id=1995827&use=l&cat=p&typeid=i","cat":284655},{"id":95979,"n":"Gel douche Manava Orchidée Camélia - 250ml","p":1.15,"u":"4,60 €/L","img":"https://fd6-photos.leclercdrive.fr/image.ashx?id=2805033&use=l&cat=p&typeid=i","cat":284594},{"id":96057,"n":"Café grains Méo Espresso - 1kg","p":15.25,"u":"15,25 €/KG","img":"https://fd6-photos.leclercdrive.fr/image.ashx?id=2593977&use=l&cat=p&typeid=i","cat":293237},{"id":96060,"n":"Chili con carné Bio Village Bio - 300g","p":3.49,"u":"11,63 €/KG","img":"https://fd6-photos.leclercdrive.fr/image.ashx?id=2437199&use=l&cat=p&typeid=i","cat":284953},{"id":96089,"n":"Gel douche Manava Citron basilic - 250ml","p":1.15,"u":"4,60 €/L","img":"https://fd6-photos.leclercdrive.fr/image.ashx?id=2626823&use=l&cat=p&typeid=i","cat":284594},{"id":96091,"n":"Gel douche Manava Concombre aloe vera - 250ml","p":1.18,"u":"4,72 €/L","img":"https://fd6-photos.leclercdrive.fr/image.ashx?id=2626826&use=l&cat=p&typeid=i","cat":284594},{"id":96094,"n":"Gel douche Manava Mangue Acai - 250ml","p":1.15,"u":"4,60 €/L","img":"https://fd6-photos.leclercdrive.fr/image.ashx?id=2805036&use=l&cat=p&typeid=i","cat":284594},{"id":96095,"n":"Gel douche Manava Envolée de pétales - 250ml","p":1.15,"u":"4,60 €/L","img":"https://fd6-photos.leclercdrive.fr/image.ashx?id=1980232&use=l&cat=p&typeid=i","cat":284594},{"id":96096,"n":"Gel douche Manava Crumble fruits rouges - 250ml","p":1.29,"u":"5,16 €/L","img":"https://fd6-photos.leclercdrive.fr/image.ashx?id=2486464&use=l&cat=p&typeid=i","cat":284594},{"id":96097,"n":"Gel douche Manava Noisettes caramel - 250ml","p":1.3,"u":"5,20 €/L","img":"https://fd6-photos.leclercdrive.fr/image.ashx?id=2805039&use=l&cat=p&typeid=i","cat":284594},{"id":96122,"n":"Ecorces de paillage Terdor 10/25 - 50L","p":6.9,"u":"0,14 €/L","img":"https://fd6-photos.leclercdrive.fr/image.ashx?id=2090144&use=l&cat=p&typeid=i","cat":335919},{"id":96131,"n":"Soda Eco+ Gout orange - 1.5L","p":0.37,"u":"0,25 €/L","img":"https://fd6-photos.leclercdrive.fr/image.ashx?id=2741595&use=l&cat=p&typeid=i","cat":284532},{"id":96284,"n":"Pois chiches - 3x130g","p":1.65,"u":"4,23 €/KG","img":"https://fd6-photos.leclercdrive.fr/image.ashx?id=3002626&use=l&cat=p&typeid=i","cat":312609},{"id":96287,"n":"Café San Marco Grains n°7 - 500g","p":10.98,"u":"21,96 €/KG","img":"https://fd6-photos.leclercdrive.fr/image.ashx?id=2322163&use=l&cat=p&typeid=i","cat":293237},{"id":96288,"n":"Donuts noisette Curly  100g","p":1.2,"u":"12,00 €/KG","img":"https://fd6-photos.leclercdrive.fr/image.ashx?id=2859398&use=l&cat=p&typeid=i","cat":284449},{"id":96289,"n":"Biscuit apéritif ancel Sticks Bretzels Original - 300g","p":1.8,"u":"6,00 €/KG","img":"https://fd6-photos.leclercdrive.fr/image.ashx?id=2841196&use=l&cat=p&typeid=i","cat":297000},{"id":96398,"n":"Compote Cool pomme banane bio Vitabio - 12x90g","p":8.0,"u":"7,41 €/KG","img":"https://fd6-photos.leclercdrive.fr/image.ashx?id=2621420&use=l&cat=p&typeid=i","cat":284508},{"id":96416,"n":"Sauce soja Kikkoman 250ml","p":4.13,"u":"16,52 €/L","img":"https://fd6-photos.leclercdrive.fr/image.ashx?id=2544952&use=l&cat=p&typeid=i","cat":288992},{"id":96455,"n":"Soupe nouilles cup Yum Yum Saveur poulet - 70g","p":1.25,"u":"17,86 €/KG","img":"https://fd6-photos.leclercdrive.fr/image.ashx?id=2888563&use=l&cat=p&typeid=i","cat":288992},{"id":96457,"n":"Soupe nouilles cup Yum Yum Saveur crevette - 70g","p":1.24,"u":"17,71 €/KG","img":"https://fd6-photos.leclercdrive.fr/image.ashx?id=2922320&use=l&cat=p&typeid=i","cat":288992},{"id":96563,"n":"Soufflés Monster Munch Barbecue - 2x100g","p":2.42,"u":"12,10 €/KG","img":"https://fd6-photos.leclercdrive.fr/image.ashx?id=2918787&use=l&cat=p&typeid=i","cat":284449},{"id":96571,"n":"Soufflés Monster Munch Salé - 2x100g","p":2.38,"u":"11,90 €/KG","img":"https://fd6-photos.leclercdrive.fr/image.ashx?id=2920549&use=l&cat=p&typeid=i","cat":284449},{"id":96601,"n":"Dosettes Café Carte Noire  Arabica Espresso n°8 x60 - 420g","p":9.45,"u":"22,50 €/KG","img":"https://fd6-photos.leclercdrive.fr/image.ashx?id=2922188&use=l&cat=p&typeid=i","cat":293238},{"id":96770,"n":"Eau minérale gazeuse Quézac  6x50cl","p":2.52,"u":"0,84 €/L","img":"https://fd6-photos.leclercdrive.fr/image.ashx?id=2884618&use=l&cat=p&typeid=i","cat":284536},{"id":96777,"n":"Crème mains Inell Hydratante - 100ml","p":1.35,"u":"13,50 €/L","img":"https://fd6-photos.leclercdrive.fr/image.ashx?id=2515688&use=l&cat=p&typeid=i","cat":325354},{"id":96808,"n":"Osso bucco de dinde Volandrie 800g","p":4.69,"u":"5,86 €/KG","img":"https://fd6-photos.leclercdrive.fr/image.ashx?id=2048878&use=l&cat=p&typeid=i","cat":284337},{"id":96832,"n":"Mini viennoiseries Epi d'Or x12 - 372g","p":4.23,"u":"11,37 €/KG","img":"https://fd6-photos.leclercdrive.fr/image.ashx?id=1879302&use=l&cat=p&typeid=i","cat":288858},{"id":96857,"n":"15 bottes du Père Noël Escal Pommes de terre - 525g","p":3.95,"u":"7,52 €/KG","img":"https://fd6-photos.leclercdrive.fr/image.ashx?id=2628842&use=l&cat=p&typeid=i","cat":319792},{"id":96858,"n":"Bonhommes de Neige Escal Pommes de terre - 525g","p":3.95,"u":"7,52 €/KG","img":"https://fd6-photos.leclercdrive.fr/image.ashx?id=1667716&use=l&cat=p&typeid=i","cat":319792},{"id":96920,"n":"Câbles de démarrage TECH9 25mm2","p":19.9,"img":"https://fd6-photos.leclercdrive.fr/image.ashx?id=2162561&use=l&cat=p&typeid=i","cat":298252},{"id":96932,"n":"Saumon fumé Rondes des Mers ASC Norvège x2T - 75g","p":3.95,"u":"52,67 €/KG","img":"https://fd6-photos.leclercdrive.fr/image.ashx?id=3004639&use=l&cat=p&typeid=i","cat":285188},{"id":96934,"n":"Saumon fumé Bio Bio Village Atlantique x2T - 65g","p":3.6,"u":"55,38 €/KG","img":"https://fd6-photos.leclercdrive.fr/image.ashx?id=2839589&use=l&cat=p&typeid=i","cat":285188},{"id":96936,"n":"Saumon fumé Ronde des Mers Ecosse x6T - 200g","p":8.2,"u":"41,00 €/KG","img":"https://fd6-photos.leclercdrive.fr/image.ashx?id=2450059&use=l&cat=p&typeid=i","cat":285188},{"id":96937,"n":"Saumon fumé Eco+ Norvège - 200g","p":4.65,"u":"23,25 €/KG","img":"https://fd6-photos.leclercdrive.fr/image.ashx?id=2794823&use=l&cat=p&typeid=i","cat":285188},{"id":96938,"n":"Saumon fumé Ronde des Mers ASC Norvège x6T - 210g","p":8.5,"u":"40,48 €/KG","img":"https://fd6-photos.leclercdrive.fr/image.ashx?id=2833135&use=l&cat=p&typeid=i","cat":285188},{"id":96946,"n":"Houmous Bio Bio Village 160g","p":2.5,"u":"15,63 €/KG","img":"https://fd6-photos.leclercdrive.fr/image.ashx?id=1921643&use=l&cat=p&typeid=i","cat":315999},{"id":96959,"n":"Pains au chocolat Epi d'Or x6 - 450g","p":2.95,"u":"6,56 €/KG","img":"https://fd6-photos.leclercdrive.fr/image.ashx?id=1983598&use=l&cat=p&typeid=i","cat":284267},{"id":97033,"n":"Gel Bain douche Manava Fleur de cerisier - 500ml","p":1.88,"u":"3,76 €/L","img":"https://fd6-photos.leclercdrive.fr/image.ashx?id=2618356&use=l&cat=p&typeid=i","cat":284594},{"id":97045,"n":"Thon entier Petit Navire Au naturel - 2x93g","p":3.18,"u":"17,10 €/KG","img":"https://fd6-photos.leclercdrive.fr/image.ashx?id=2961837&use=l&cat=p&typeid=i","cat":303867},{"id":97060,"n":"Tagada Haribo Sachet bonbons - 400g","p":1.7,"u":"4,25 €/KG","img":"https://fd6-photos.leclercdrive.fr/image.ashx?id=2801854&use=l&cat=p&typeid=i","cat":304250},{"id":97163,"n":"Stylo roller thermo Esquisse Rouge + 3 recharges","p":2.95,"img":"https://fd6-photos.leclercdrive.fr/image.ashx?id=1663017&use=l&cat=p&typeid=i","cat":284696},{"id":97286,"n":"Crayons de couleurs Esquisse Bicolores - x12","p":1.65,"u":"0,14 €/P","img":"https://fd6-photos.leclercdrive.fr/image.ashx?id=1678787&use=l&cat=p&typeid=i","cat":284696},{"id":97287,"n":"Feutres de coloriage Esquisse Lavables Pointe large - x12","p":1.79,"u":"0,15 €/P","img":"https://fd6-photos.leclercdrive.fr/image.ashx?id=1698631&use=l&cat=p&typeid=i","cat":284696},{"id":97516,"n":"Feuilles simples perforées Eco+ 17x22cm - x200","p":1.25,"img":"https://fd6-photos.leclercdrive.fr/image.ashx?id=1698502&use=l&cat=p&typeid=i","cat":284697},{"id":97662,"n":"Thé vert Twinings Menthe x25 - 38g","p":2.53,"u":"66,58 €/KG","img":"https://fd6-photos.leclercdrive.fr/image.ashx?id=2906763&use=l&cat=p&typeid=i","cat":293233},{"id":97667,"n":"Thé russian Twinings Earl grey x20 - 30g","p":2.54,"u":"84,67 €/KG","img":"https://fd6-photos.leclercdrive.fr/image.ashx?id=2878306&use=l&cat=p&typeid=i","cat":293233},{"id":97671,"n":"Thé russian Earl Grey Twinings 150g","p":6.52,"u":"43,47 €/KG","img":"https://fd6-photos.leclercdrive.fr/image.ashx?id=2950729&use=l&cat=p&typeid=i","cat":293233},{"id":97677,"n":"Thé Twinings English breakfast x25 - 40g","p":2.79,"u":"69,75 €/KG","img":"https://fd6-photos.leclercdrive.fr/image.ashx?id=2893027&use=l&cat=p&typeid=i","cat":293233},{"id":97678,"n":"Céréales Jordans Country Crisp 4 Baies - 550g","p":2.35,"u":"4,27 €/KG","img":"https://fd6-photos.leclercdrive.fr/image.ashx?id=2997205&use=l&cat=p&typeid=i","cat":309512},{"id":97695,"n":"Cidre Dégustation Loïc Raison 75cl - 6% vol.","p":3.44,"u":"4,59 €/L","img":"https://fd6-photos.leclercdrive.fr/image.ashx?id=2432079&use=l&cat=p&typeid=i","cat":334880},{"id":97713,"n":"Soda Tonic Sprink's 6x33cl","p":2.49,"u":"1,26 €/L","img":"https://fd6-photos.leclercdrive.fr/image.ashx?id=2956768&use=l&cat=p&typeid=i","cat":284531},{"id":97849,"n":"Semelles Gel Soft Femme Talons Quotidiens - 1 paire","p":17.45,"img":"https://fd6-photos.leclercdrive.fr/image.ashx?id=2226289&use=l&cat=p&typeid=i","cat":325354},{"id":97938,"n":"Biscuits aux amandes Kambly Tradition Suisse Rocher - 2x80g","p":3.28,"u":"20,50 €/KG","img":"https://fd6-photos.leclercdrive.fr/image.ashx?id=2181029&use=l&cat=p&typeid=i","cat":284490},{"id":98098,"n":"Liquide vaisselle Visior Antiodeur - 500ml","p":0.64,"u":"1,28 €/L","img":"https://fd6-photos.leclercdrive.fr/image.ashx?id=2951122&use=l&cat=p&typeid=i","cat":284655},{"id":98145,"n":"Orange à jus bio Bio Village Sachet 1kg","p":2.89,"u":"2,89 €/KG","img":"https://fd6-photos.leclercdrive.fr/image.ashx?id=2566874&use=l&cat=p&typeid=i","cat":284356},{"id":98251,"n":"Liquide Vaisselle Brillance  VISIOR - 500ml","p":0.64,"u":"1,28 €/L","img":"https://fd6-photos.leclercdrive.fr/image.ashx?id=2951125&use=l&cat=p&typeid=i","cat":284655},{"id":98252,"n":"Liquide vaisselle Visior Antibactérien - 500ml","p":0.64,"u":"1,28 €/L","img":"https://fd6-photos.leclercdrive.fr/image.ashx?id=2951131&use=l&cat=p&typeid=i","cat":284655},{"id":98253,"n":"Liquide vaisselle Visior Désincrustant sel - 500ml","p":0.64,"u":"1,28 €/L","img":"https://fd6-photos.leclercdrive.fr/image.ashx?id=2951128&use=l&cat=p&typeid=i","cat":284655},{"id":98296,"n":"Semoule au lait Yabon  Nappage caramel - 4x125g","p":2.78,"u":"5,56 €/KG","img":"https://fd6-photos.leclercdrive.fr/image.ashx?id=2644289&use=l&cat=p&typeid=i","cat":284506},{"id":98392,"n":"Désodorisant Stick TECH9 Bubble Gum - x4","p":2.5,"u":"0,63 €/P","img":"https://fd6-photos.leclercdrive.fr/image.ashx?id=1545003&use=l&cat=p&typeid=i","cat":298252},{"id":98417,"n":"Liquide vaisselle floral Visior 500ml","p":0.64,"u":"1,28 €/L","img":"https://fd6-photos.leclercdrive.fr/image.ashx?id=2951134&use=l&cat=p&typeid=i","cat":284655},{"id":98422,"n":"Pavés de Saumon Bio Bio Village 200g","p":8.59,"u":"42,95 €/KG","img":"https://fd6-photos.leclercdrive.fr/image.ashx?id=2934802&use=l&cat=p&typeid=i","cat":319786},{"id":98426,"n":"Spécial mie Epi d'Or Nature - 780g","p":2.14,"u":"2,74 €/KG","img":"https://fd6-photos.leclercdrive.fr/image.ashx?id=3012863&use=l&cat=p&typeid=i","cat":284477},{"id":98427,"n":"Spécial mie longue 2pi d'Or Conservation - 400g","p":1.59,"u":"3,98 €/KG","img":"https://fd6-photos.leclercdrive.fr/image.ashx?id=3012866&use=l&cat=p&typeid=i","cat":284477},{"id":98429,"n":"Petits pains précuits Epi d'Or 4x75g","p":1.57,"u":"5,23 €/KG","img":"https://fd6-photos.leclercdrive.fr/image.ashx?id=1982824&use=l&cat=p&typeid=i","cat":325069},{"id":98434,"n":"Galette des rois Pommes 6 parts  1p","p":6.99,"img":"https://fd6-photos.leclercdrive.fr/image.ashx?id=591258&use=l&cat=p&typeid=i","cat":284360},{"id":98437,"n":"Chorizo fort Eco+ 250g","p":1.63,"u":"6,52 €/KG","img":"https://fd6-photos.leclercdrive.fr/image.ashx?id=2430680&use=l&cat=p&typeid=i","cat":316006},{"id":98443,"n":"Soda Coca-Cola Original Bouteille - Pack 6x1L","p":10.2,"u":"1,70 €/L","img":"https://fd6-photos.leclercdrive.fr/image.ashx?id=2830897&use=l&cat=p&typeid=i","cat":284530},{"id":98475,"n":"Blé soja haricots Céréal Bio  Façon Chili bio -220g","p":1.96,"u":"8,91 €/KG","img":"https://fd6-photos.leclercdrive.fr/image.ashx?id=2575096&use=l&cat=p&typeid=i","cat":287600},{"id":98499,"n":"Saumon fumé Petit Navire Ecosse - 4 tranches - 120g","p":6.6,"u":"55,00 €/KG","img":"https://fd6-photos.leclercdrive.fr/image.ashx?id=2950474&use=l&cat=p&typeid=i","cat":285188},{"id":98630,"n":"Compotes Douceur du Verger Panachées - x16","p":4.11,"u":"0,26 €/P","img":"https://fd6-photos.leclercdrive.fr/image.ashx?id=1693241&use=l&cat=p&typeid=i","cat":284416},{"id":98693,"n":"Masque Pieds Très Hydratant Huile de noix de coco - 1 paire","p":3.03,"img":"https://fd6-photos.leclercdrive.fr/image.ashx?id=3011011&use=l&cat=p&typeid=i","cat":325354},{"id":98703,"n":"Diffuseur Sense & Spray Glade Sea Minerals Magnolia","p":7.68,"img":"https://fd6-photos.leclercdrive.fr/image.ashx?id=1649337&use=l&cat=p&typeid=i","cat":311629},{"id":98746,"n":"Mousse Maronsui's La Laitière Crème de marrons - 4x68,8g","p":1.75,"u":"6,36 €/KG","img":"https://fd6-photos.leclercdrive.fr/image.ashx?id=2729755&use=l&cat=p&typeid=i","cat":284417},{"id":98807,"n":"Purée fruit bébé Blédina 6 mois Pomme cerise vanille - 4x100g","p":1.79,"u":"4,48 €/KG","img":"https://fd6-photos.leclercdrive.fr/image.ashx?id=2983024&use=l&cat=p&typeid=i","cat":312388},{"id":98811,"n":"Comprimé antibactérien Polident x36","p":2.36,"u":"0,07 €/P","img":"https://fd6-photos.leclercdrive.fr/image.ashx?id=2303843&use=l&cat=p&typeid=i","cat":285158},{"id":98813,"n":"Dentifrice Parodontax Soin blancheur - 75ml","p":3.62,"u":"48,27 €/L","img":"https://fd6-photos.leclercdrive.fr/image.ashx?id=2606391&use=l&cat=p&typeid=i","cat":284612},{"id":98814,"n":"Dentifrice Parodontax Soin quotidien - 75ml","p":3.62,"u":"48,27 €/L","img":"https://fd6-photos.leclercdrive.fr/image.ashx?id=2606394&use=l&cat=p&typeid=i","cat":284612},{"id":98822,"n":"Purée fruit bébé Blédina 6 mois Pomme kiwi ananas - 4x100g","p":1.74,"u":"4,35 €/KG","img":"https://fd6-photos.leclercdrive.fr/image.ashx?id=2983030&use=l&cat=p&typeid=i","cat":312388},{"id":98828,"n":"Purée fruit bébé Blédina 6 mois Pomme poire mandarine - 4x100g","p":1.62,"u":"4,05 €/KG","img":"https://fd6-photos.leclercdrive.fr/image.ashx?id=2983033&use=l&cat=p&typeid=i","cat":312388},{"id":98831,"n":"Purée fruit bébé Blédina 6 mois Harmonie de fruits - 4x100g","p":1.78,"u":"4,45 €/KG","img":"https://fd6-photos.leclercdrive.fr/image.ashx?id=2983036&use=l&cat=p&typeid=i","cat":312388},{"id":98837,"n":"Purée fruit bébé Blédina 6 mois Pomme fraises banane - 4x100g","p":1.82,"u":"4,55 €/KG","img":"https://fd6-photos.leclercdrive.fr/image.ashx?id=2983048&use=l&cat=p&typeid=i","cat":312388},{"id":98872,"n":"Boisson Thé Glacé FuzeTea Mangue Camomille - 1,25L","p":1.59,"u":"1,27 €/L","img":"https://fd6-photos.leclercdrive.fr/image.ashx?id=2997220&use=l&cat=p&typeid=i","cat":295019},{"id":98875,"n":"Thé glacé Fuze Tea  Pêche Hibiscus - 1,25L","p":1.67,"u":"1,34 €/L","img":"https://fd6-photos.leclercdrive.fr/image.ashx?id=2940393&use=l&cat=p&typeid=i","cat":295019},{"id":98894,"n":"Haché Happy Family Charal 600g","p":8.23,"u":"13,72 €/KG","img":"https://fd6-photos.leclercdrive.fr/image.ashx?id=1919780&use=l&cat=p&typeid=i","cat":284332},{"id":98911,"n":"IGP Pays d'Oc rouge Roche Mazet Les Accords -75cl","p":3.44,"u":"4,59 €/L","img":"https://fd6-photos.leclercdrive.fr/image.ashx?id=2748284&use=l&cat=p&typeid=i","cat":289556},{"id":98942,"n":"Crème fouettée allégée Isigny 20%mg - 250g","p":2.35,"u":"9,40 €/KG","img":"https://fd6-photos.leclercdrive.fr/image.ashx?id=2962563&use=l&cat=p&typeid=i","cat":284382},{"id":99045,"n":"Ravioli bio au blé complet Rana Épinards, Ricotta - 250g","p":2.96,"u":"11,84 €/KG","img":"https://fd6-photos.leclercdrive.fr/image.ashx?id=2439878&use=l&cat=p&typeid=i","cat":333682},{"id":99216,"n":"Beurre Elle&Vire Condé sur Vire Doux - 82% MG - 250g","p":2.95,"u":"11,80 €/KG","img":"https://fd6-photos.leclercdrive.fr/image.ashx?id=2811131&use=l&cat=p&typeid=i","cat":284379},{"id":99248,"n":"Bouillon Kub Or Maggi 32 cubes - 128g","p":1.21,"u":"9,45 €/KG","img":"https://fd6-photos.leclercdrive.fr/image.ashx?id=2692737&use=l&cat=p&typeid=i","cat":288379},{"id":99417,"n":"Lait nettoyant Love & Green Bio Sans parfum - 500ml","p":6.69,"u":"13,38 €/L","img":"https://fd6-photos.leclercdrive.fr/image.ashx?id=2696016&use=l&cat=p&typeid=i","cat":284741},{"id":99489,"n":"Lingettes Pampers Sensitive x80","p":3.0,"u":"0,04 €/P","img":"https://fd6-photos.leclercdrive.fr/image.ashx?id=2956664&use=l&cat=p&typeid=i","cat":284738},{"id":99508,"n":"Piles Duracell CR2032 Lithium 3V - x4","p":9.4,"u":"2,35 €/P","img":"https://fd6-photos.leclercdrive.fr/image.ashx?id=3003405&use=l&cat=p&typeid=i","cat":300572},{"id":99526,"n":"Dentifrice Soin Sanogyl Essence Blancheur - 2x75ml","p":7.01,"u":"46,73 €/L","img":"https://fd6-photos.leclercdrive.fr/image.ashx?id=2335631&use=l&cat=p&typeid=i","cat":284612},{"id":99545,"n":"Mogettes bio Bio VIllage 215g","p":1.73,"u":"8,05 €/KG","img":"https://fd6-photos.leclercdrive.fr/image.ashx?id=3002680&use=l&cat=p&typeid=i","cat":312606},{"id":99547,"n":"Haricots rouge Bio Village Bio - 205g","p":2.31,"u":"11,27 €/KG","img":"https://fd6-photos.leclercdrive.fr/image.ashx?id=1947761&use=l&cat=p&typeid=i","cat":312606},{"id":99553,"n":"Pois chiche Bio VIllage Bio - 215g","p":2.1,"u":"9,77 €/KG","img":"https://fd6-photos.leclercdrive.fr/image.ashx?id=3002683&use=l&cat=p&typeid=i","cat":312609},{"id":99555,"n":"Lentilles Bio Village Bio - 215g","p":2.04,"u":"9,49 €/KG","img":"https://fd6-photos.leclercdrive.fr/image.ashx?id=1947752&use=l&cat=p&typeid=i","cat":312609},{"id":99562,"n":"Haricots verts Eco  Très fins - 440g","p":1.02,"u":"2,32 €/KG","img":"https://fd6-photos.leclercdrive.fr/image.ashx?id=3003723&use=l&cat=p&typeid=i","cat":312606},{"id":99564,"n":"Haricots Blancs à la tomate 800g","p":1.0,"u":"1,89 €/KG","img":"https://fd6-photos.leclercdrive.fr/image.ashx?id=3003735&use=l&cat=p&typeid=i","cat":312606},{"id":99570,"n":"Ratatouille Eco+ 750g","p":1.08,"u":"1,44 €/KG","img":"https://fd6-photos.leclercdrive.fr/image.ashx?id=2703446&use=l&cat=p&typeid=i","cat":312612},{"id":99574,"n":"Poêlée savoyarde  900g","p":4.06,"u":"4,51 €/KG","img":"https://fd6-photos.leclercdrive.fr/image.ashx?id=2478931&use=l&cat=p&typeid=i","cat":319823},{"id":99597,"n":"Rasoir jetable Wilkinson Xtreme3 Ultimate - Lot 2x8","p":16.97,"u":"1,06 €/P","img":"https://fd6-photos.leclercdrive.fr/image.ashx?id=2293618&use=l&cat=p&typeid=i","cat":284616},{"id":99700,"n":"Cotons Démaquillants Demak'Up Expert - 6x70 disques","p":6.1,"u":"0,01 €/P","img":"https://fd6-photos.leclercdrive.fr/image.ashx?id=2844415&use=l&cat=p&typeid=i","cat":284636},{"id":99702,"n":"Dentifrice Sensodyne Blancheur multiprotect - 2x75ml","p":6.01,"u":"40,07 €/L","img":"https://fd6-photos.leclercdrive.fr/image.ashx?id=2833285&use=l&cat=p&typeid=i","cat":284612},{"id":99703,"n":"Eau micellaire Diadermine Hydratant - 400ml","p":4.25,"u":"10,63 €/L","img":"https://fd6-photos.leclercdrive.fr/image.ashx?id=2549624&use=l&cat=p&typeid=i","cat":284603},{"id":99734,"n":"Capsules café L'Or Espresso Or Absolu N°9 x20","p":7.43,"u":"71,44 €/KG","img":"https://fd6-photos.leclercdrive.fr/image.ashx?id=2859971&use=l&cat=p&typeid=i","cat":284749},{"id":99774,"n":"Biscuits sablés Granola Chocolat noir - 195g","p":1.68,"u":"8,62 €/KG","img":"https://fd6-photos.leclercdrive.fr/image.ashx?id=2982979&use=l&cat=p&typeid=i","cat":284488},{"id":99788,"n":"Capsules café L'Or Espresso Lungo Profondo N°8 x20","p":6.59,"u":"63,37 €/KG","img":"https://fd6-photos.leclercdrive.fr/image.ashx?id=3005796&use=l&cat=p&typeid=i","cat":284749},{"id":99850,"n":"Mouliné légumes La Potagère De nos campagne - Bio - 2x30cl","p":2.62,"u":"4,37 €/L","img":"https://fd6-photos.leclercdrive.fr/image.ashx?id=2927402&use=l&cat=p&typeid=i","cat":284462},{"id":99851,"n":"Velouté légumes La Potagère De nos campagne - Bio - 2x30cl","p":2.54,"u":"4,23 €/L","img":"https://fd6-photos.leclercdrive.fr/image.ashx?id=2927405&use=l&cat=p&typeid=i","cat":284462},{"id":99860,"n":"Sacs poubelle 30L Poubel'sak Senteur vanille - x20","p":2.78,"u":"0,14 €/P","img":"https://fd6-photos.leclercdrive.fr/image.ashx?id=1885287&use=l&cat=p&typeid=i","cat":285168},{"id":99880,"n":"Crème Visage Jour FPS 30 Nivea Anti-rides Cellular - 50ml","p":14.95,"u":"299,00 €/L","img":"https://fd6-photos.leclercdrive.fr/image.ashx?id=2298775&use=l&cat=p&typeid=i","cat":325345},{"id":99921,"n":"Shampooing Nateis Cheveux gris ou blancs - 250ml","p":1.39,"u":"5,56 €/L","img":"https://fd6-photos.leclercdrive.fr/image.ashx?id=2395820&use=l&cat=p&typeid=i","cat":284606},{"id":99922,"n":"Lait de douche Manava Framboise - 250ml","p":0.94,"u":"3,76 €/L","img":"https://fd6-photos.leclercdrive.fr/image.ashx?id=2618353&use=l&cat=p&typeid=i","cat":284594},{"id":99965,"n":"Biscuit speculoos Lotus Biscoff 750g (6x125g)","p":3.37,"u":"4,49 €/KG","img":"https://fd6-photos.leclercdrive.fr/image.ashx?id=2693818&use=l&cat=p&typeid=i","cat":284487},{"id":99967,"n":"Pois chiches bio Jardin Bio Au naturel - 420g","p":2.46,"u":"5,86 €/KG","img":"https://fd6-photos.leclercdrive.fr/image.ashx?id=2971215&use=l&cat=p&typeid=i","cat":312609},{"id":99973,"n":"Biscuits petit déjeuner Belvita Moelleux fruits rouges - 250g","p":2.42,"u":"9,68 €/KG","img":"https://fd6-photos.leclercdrive.fr/image.ashx?id=3005329&use=l&cat=p&typeid=i","cat":284491},{"id":99975,"n":"Vodka Zubrowka Bison grass - 37.5%vol - 70cl","p":14.71,"u":"21,01 €/L","img":"https://fd6-photos.leclercdrive.fr/image.ashx?id=2879820&use=l&cat=p&typeid=i","cat":284550},{"id":99976,"n":"Biscuit petit déjeuner Belvita Brut - 600g","p":3.64,"u":"6,07 €/KG","img":"https://fd6-photos.leclercdrive.fr/image.ashx?id=2112935&use=l&cat=p&typeid=i","cat":285281},{"id":100250,"n":"Yaourt nature sucré Kit-Kat Billes chocolat - 4x115g","p":2.93,"u":"6,37 €/KG","img":"https://fd6-photos.leclercdrive.fr/image.ashx?id=2875954&use=l&cat=p&typeid=i","cat":284414},{"id":100320,"n":"Brosse adhésive 1 pièce","p":2.29,"img":"https://fd6-photos.leclercdrive.fr/image.ashx?id=2840743&use=l&cat=p&typeid=i","cat":284669},{"id":100322,"n":"Plumeau antistatique 1 pièce","p":4.29,"img":"https://fd6-photos.leclercdrive.fr/image.ashx?id=2083972&use=l&cat=p&typeid=i","cat":325364},{"id":100334,"n":"Gel bain douche Manava Coton macadamia - 500ml","p":1.88,"u":"3,76 €/L","img":"https://fd6-photos.leclercdrive.fr/image.ashx?id=1644734&use=l&cat=p&typeid=i","cat":284594},{"id":100349,"n":"Bain de bouche Parodontax Menthe douce - 500ml","p":4.94,"u":"9,88 €/L","img":"https://fd6-photos.leclercdrive.fr/image.ashx?id=2485982&use=l&cat=p&typeid=i","cat":284613},{"id":100352,"n":"Poudre fondante L'Oréal Paris Accord Parfait 2R Vanille rosé","p":13.35,"img":"https://fd6-photos.leclercdrive.fr/image.ashx?id=2395547&use=l&cat=p&typeid=i","cat":287029},{"id":100356,"n":"Crayon Yeux Maybelline Effet Tatouage 900 Deep Onyx","p":7.03,"img":"https://fd6-photos.leclercdrive.fr/image.ashx?id=2904865&use=l&cat=p&typeid=i","cat":287029},{"id":100485,"n":"Chocolat noir Bio Village Bio Dégustation 85% cacao 100g","p":1.87,"u":"18,70 €/KG","img":"https://fd6-photos.leclercdrive.fr/image.ashx?id=2915654&use=l&cat=p&typeid=i","cat":284956},{"id":100589,"n":"Gateaux au yaourt P'tit Déli Talonne chocolat - 210g","p":2.49,"u":"11,86 €/KG","img":"https://fd6-photos.leclercdrive.fr/image.ashx?id=1981526&use=l&cat=p&typeid=i","cat":294776},{"id":100594,"n":"Petit pois carotte Bio Village Bio - 215g","p":1.63,"u":"7,58 €/KG","img":"https://fd6-photos.leclercdrive.fr/image.ashx?id=3002692&use=l&cat=p&typeid=i","cat":312607},{"id":100595,"n":"Papier toilette Uni Vert Blanc 3 plis recyclés - x6","p":2.34,"u":"0,39 €/P","img":"https://fd6-photos.leclercdrive.fr/image.ashx?id=2571938&use=l&cat=p&typeid=i","cat":284634},{"id":100596,"n":"Petits pois fins Bio Village Bio - 230g","p":1.81,"u":"7,87 €/KG","img":"https://fd6-photos.leclercdrive.fr/image.ashx?id=3002689&use=l&cat=p&typeid=i","cat":312607},{"id":100604,"n":"Pur jus Bio Village Pomme mangue Bio - 1L","p":3.75,"u":"3,75 €/L","img":"https://fd6-photos.leclercdrive.fr/image.ashx?id=2901551&use=l&cat=p&typeid=i","cat":284917},{"id":100616,"n":"Jus pomme pétillant Bio Village Bio sans alcool - 75cl","p":2.08,"u":"2,77 €/L","img":"https://fd6-photos.leclercdrive.fr/image.ashx?id=2052277&use=l&cat=p&typeid=i","cat":289460},{"id":100618,"n":"Pur jus Bio Village Bio Pomme poire - 1L","p":4.17,"u":"4,17 €/L","img":"https://fd6-photos.leclercdrive.fr/image.ashx?id=2901554&use=l&cat=p&typeid=i","cat":284522},{"id":100670,"n":"Nectar Cidou Pomme douce - 1.75L","p":2.23,"u":"1,27 €/L","img":"https://fd6-photos.leclercdrive.fr/image.ashx?id=2342505&use=l&cat=p&typeid=i","cat":284522},{"id":100673,"n":"Soda Coca-Cola sans sucres Bouteilles - 6x1L","p":7.46,"u":"1,24 €/L","img":"https://fd6-photos.leclercdrive.fr/image.ashx?id=2178352&use=l&cat=p&typeid=i","cat":284530},{"id":100705,"n":"Tartine Petit dejeuner Jacquet 410g","p":1.58,"u":"3,85 €/KG","img":"https://fd6-photos.leclercdrive.fr/image.ashx?id=2991855&use=l&cat=p&typeid=i","cat":284477},{"id":100725,"n":"Pain de mie La Boulangère Toastiligne Aux céréales - 500g","p":1.53,"u":"3,06 €/KG","img":"https://fd6-photos.leclercdrive.fr/image.ashx?id=2912401&use=l&cat=p&typeid=i","cat":284477},{"id":100728,"n":"Gache tranchée La Boulangère 400g","p":2.37,"u":"5,93 €/KG","img":"https://fd6-photos.leclercdrive.fr/image.ashx?id=2912179&use=l&cat=p&typeid=i","cat":284478},{"id":100729,"n":"Croissants La Boulangère Pur beurre - x8 - 320g","p":3.29,"u":"10,28 €/KG","img":"https://fd6-photos.leclercdrive.fr/image.ashx?id=2750552&use=l&cat=p&typeid=i","cat":296366},{"id":100756,"n":"Nettoyant multi-usages Rainett Ecolabel citron vert - 1L","p":1.87,"u":"1,87 €/L","img":"https://fd6-photos.leclercdrive.fr/image.ashx?id=2312218&use=l&cat=p&typeid=i","cat":284907},{"id":100790,"n":"Kit fajitas Old El Paso tomates poivrons - 500g","p":5.43,"u":"10,86 €/KG","img":"https://fd6-photos.leclercdrive.fr/image.ashx?id=2764628&use=l&cat=p&typeid=i","cat":288993},{"id":100792,"n":"Wraps Old El Paso de blé complet x6 - 350g","p":2.22,"u":"6,34 €/KG","img":"https://fd6-photos.leclercdrive.fr/image.ashx?id=2940573&use=l&cat=p&typeid=i","cat":288993},{"id":100813,"n":"Paillis d'ardoises 18L - 22kg","p":7.69,"u":"0,35 €/KG","img":"https://fd6-photos.leclercdrive.fr/image.ashx?id=2162537&use=l&cat=p&typeid=i","cat":335919},{"id":100979,"n":"Chocolat au lait Lindt Création Le Rocher lait - 150g","p":3.06,"u":"20,40 €/KG","img":"https://fd6-photos.leclercdrive.fr/image.ashx?id=2685805&use=l&cat=p&typeid=i","cat":284497},{"id":100981,"n":"Courgettes Cuisinées Cassegrain à la Provençale 375g","p":3.19,"u":"8,51 €/KG","img":"https://fd6-photos.leclercdrive.fr/image.ashx?id=2977951&use=l&cat=p&typeid=i","cat":312612},{"id":100989,"n":"Céréales Trésor de Kellogg's Choco Roulette - 620g","p":4.31,"u":"6,95 €/KG","img":"https://fd6-photos.leclercdrive.fr/image.ashx?id=2598337&use=l&cat=p&typeid=i","cat":309513},{"id":100991,"n":"Céréales Trésor de Kellogg's Chocolat Noisettes - 410g","p":3.01,"u":"7,34 €/KG","img":"https://fd6-photos.leclercdrive.fr/image.ashx?id=2584238&use=l&cat=p&typeid=i","cat":309513},{"id":101047,"n":"Croquettes chat Ultima  Nature Poulet - 1.25kg","p":7.13,"u":"5,70 €/KG","img":"https://fd6-photos.leclercdrive.fr/image.ashx?id=2569959&use=l&cat=p&typeid=i","cat":284680},{"id":101050,"n":"Croquette chat stérilisé Ultima  Nature - Saumon - 1.25kg","p":7.17,"u":"5,74 €/KG","img":"https://fd6-photos.leclercdrive.fr/image.ashx?id=2569962&use=l&cat=p&typeid=i","cat":284680},{"id":101056,"n":"Adoucissant concentré Hyperdou Rosée du matin - 750ml","p":1.99,"u":"2,65 €/L","img":"https://fd6-photos.leclercdrive.fr/image.ashx?id=2602910&use=l&cat=p&typeid=i","cat":284650},{"id":101058,"n":"Adoucissant concentré Hyperdou Passion tropicale - 750ml","p":1.99,"u":"2,65 €/L","img":"https://fd6-photos.leclercdrive.fr/image.ashx?id=2683565&use=l&cat=p&typeid=i","cat":284650},{"id":101059,"n":"Adoucissant concentré Hyperdou Couché soleil - 750ml","p":1.99,"u":"2,65 €/L","img":"https://fd6-photos.leclercdrive.fr/image.ashx?id=2602943&use=l&cat=p&typeid=i","cat":284650},{"id":101080,"n":"Pot crème glacée Ben& Jerry's Cookie/Brownie 4 x 100ml","p":6.15,"u":"15,38 €/L","img":"https://fd6-photos.leclercdrive.fr/image.ashx?id=2657012&use=l&cat=p&typeid=i","cat":284725},{"id":101115,"n":"Céréales Trésor de Kellogg's Chocolat au Lait - 410g","p":2.94,"u":"7,17 €/KG","img":"https://fd6-photos.leclercdrive.fr/image.ashx?id=2584241&use=l&cat=p&typeid=i","cat":309513},{"id":101126,"n":"Bière blonde Grimbergen Pale Ale 5,5° - 6x25cl","p":5.9,"u":"3,93 €/L","img":"https://fd6-photos.leclercdrive.fr/image.ashx?id=2312801&use=l&cat=p&typeid=i","cat":334852},{"id":101231,"n":"Le Gourmand Garden Gourmet Soja, Poivre et Persil 160g","p":2.56,"u":"16,00 €/KG","img":"https://fd6-photos.leclercdrive.fr/image.ashx?id=2988683&use=l&cat=p&typeid=i","cat":316036},{"id":101288,"n":"Mousse végétal Andros Chocolat - 4x55g","p":3.02,"u":"13,73 €/KG","img":"https://fd6-photos.leclercdrive.fr/image.ashx?id=2963433&use=l&cat=p&typeid=i","cat":316071},{"id":101290,"n":"Compotée Bonne Maman Fraise/Famboise/Sureau - 260g","p":2.74,"u":"10,54 €/KG","img":"https://fd6-photos.leclercdrive.fr/image.ashx?id=2874033&use=l&cat=p&typeid=i","cat":284416},{"id":101312,"n":"Serviettes Kraft Homeside 40x40cm - x20","p":2.65,"u":"0,13 €/P","img":"https://fd6-photos.leclercdrive.fr/image.ashx?id=1664429&use=l&cat=p&typeid=i","cat":334134},{"id":101314,"n":"Serviettes kraft Homeside 12x12cm - x50","p":1.99,"u":"0,04 €/P","img":"https://fd6-photos.leclercdrive.fr/image.ashx?id=2411674&use=l&cat=p&typeid=i","cat":334134},{"id":101327,"n":"Yaourt à boire actimel nature 0%mg - 12x100g","p":4.81,"u":"4,01 €/KG","img":"https://fd6-photos.leclercdrive.fr/image.ashx?id=2996479&use=l&cat=p&typeid=i","cat":284415},{"id":101348,"n":"Barres Chocolatées KINDER BUENO  Chocolat au Lait x12 - 516g","p":8.35,"u":"16,18 €/KG","img":"https://fd6-photos.leclercdrive.fr/image.ashx?id=2402946&use=l&cat=p&typeid=i","cat":284498},{"id":101349,"n":"Crème dessert Danette Vanille - 6x125g","p":1.95,"u":"2,60 €/KG","img":"https://fd6-photos.leclercdrive.fr/image.ashx?id=2923498&use=l&cat=p&typeid=i","cat":285041},{"id":101350,"n":"liégeois vanille danette - 4x100g","p":1.48,"u":"3,70 €/KG","img":"https://fd6-photos.leclercdrive.fr/image.ashx?id=2907848&use=l&cat=p&typeid=i","cat":285042},{"id":101352,"n":"Crème dessert Danette  Chocolat - 6x125g","p":1.9,"u":"2,53 €/KG","img":"https://fd6-photos.leclercdrive.fr/image.ashx?id=2915395&use=l&cat=p&typeid=i","cat":285041},{"id":101374,"n":"Scotch Whisky William Peel 40% Vol - 50cl","p":10.06,"u":"20,12 €/L","img":"https://fd6-photos.leclercdrive.fr/image.ashx?id=2559214&use=l&cat=p&typeid=i","cat":284547},{"id":101401,"n":"Jachère fleurie Beaux Jours Biodiversité 50m² - 500g","p":10.95,"u":"21,90 €/KG","img":"https://fd6-photos.leclercdrive.fr/image.ashx?id=1654639&use=l&cat=p&typeid=i","cat":335920},{"id":101415,"n":"Couteaux en bois Homeside x20","p":1.38,"u":"0,07 €/P","img":"https://fd6-photos.leclercdrive.fr/image.ashx?id=1663736&use=l&cat=p&typeid=i","cat":334134},{"id":101416,"n":"Fourchettes en bois Homeside x20","p":1.38,"u":"0,07 €/P","img":"https://fd6-photos.leclercdrive.fr/image.ashx?id=1663733&use=l&cat=p&typeid=i","cat":334134},{"id":101418,"n":"Cuillères en bois Homeside x20","p":1.38,"u":"0,07 €/P","img":"https://fd6-photos.leclercdrive.fr/image.ashx?id=1663730&use=l&cat=p&typeid=i","cat":334134},{"id":101431,"n":"Plateau doré  33x43cm - x2","p":3.9,"u":"1,95 €/P","img":"https://fd6-photos.leclercdrive.fr/image.ashx?id=2940552&use=l&cat=p&typeid=i","cat":334134},{"id":101432,"n":"Plateaux dorés 34cm - x2","p":3.5,"u":"1,75 €/P","img":"https://fd6-photos.leclercdrive.fr/image.ashx?id=2940549&use=l&cat=p&typeid=i","cat":334134},{"id":101456,"n":"Barres Chocolatées KINDER Maxi Chocolat au Lait x18 - 378g","p":5.38,"u":"14,23 €/KG","img":"https://fd6-photos.leclercdrive.fr/image.ashx?id=2673854&use=l&cat=p&typeid=i","cat":284498},{"id":101461,"n":"Pâtes Collezione Barilla Fusilli Bucati Corti - 500g","p":1.48,"u":"2,96 €/KG","img":"https://fd6-photos.leclercdrive.fr/image.ashx?id=2991003&use=l&cat=p&typeid=i","cat":284427},{"id":101462,"n":"Ménagère réutilisable Homeside Anis - 18 couverts","p":2.9,"u":"0,16 €/P","img":"https://fd6-photos.leclercdrive.fr/image.ashx?id=1660495&use=l&cat=p&typeid=i","cat":334134},{"id":101465,"n":"Ménagère réutilisable Homeside Turquoise - 18 couverts","p":2.9,"u":"0,16 €/P","img":"https://fd6-photos.leclercdrive.fr/image.ashx?id=1660492&use=l&cat=p&typeid=i","cat":334134},{"id":101473,"n":"Petit Pois, Carotte Cassegrain Tendre et Fondant 265g","p":1.85,"u":"6,98 €/KG","img":"https://fd6-photos.leclercdrive.fr/image.ashx?id=2951692&use=l&cat=p&typeid=i","cat":312607},{"id":101476,"n":"Saladière mexicana Saupiquet 220g","p":2.8,"u":"12,73 €/KG","img":"https://fd6-photos.leclercdrive.fr/image.ashx?id=2857042&use=l&cat=p&typeid=i","cat":284437},{"id":101483,"n":"Tablette chocolat Côte d'Or Chocolat noir 70% - 100g","p":1.81,"u":"18,10 €/KG","img":"https://fd6-photos.leclercdrive.fr/image.ashx?id=2985591&use=l&cat=p&typeid=i","cat":284956},{"id":101502,"n":"Crème dessert Danette Vanille - 4x125g","p":1.51,"u":"3,02 €/KG","img":"https://fd6-photos.leclercdrive.fr/image.ashx?id=2029487&use=l&cat=p&typeid=i","cat":285041},{"id":101505,"n":"Jus de pruneaux Bio Village Bio - 1L","p":3.99,"u":"3,99 €/L","img":"https://fd6-photos.leclercdrive.fr/image.ashx?id=2901560&use=l&cat=p&typeid=i","cat":284915},{"id":101506,"n":"Boisson Cranberry  Bio Village   Bio - 1L","p":3.55,"u":"3,55 €/L","img":"https://fd6-photos.leclercdrive.fr/image.ashx?id=2958774&use=l&cat=p&typeid=i","cat":284915},{"id":101540,"n":"Beurre moulé baratte Doux - 82% MG - 250g","p":2.89,"u":"11,56 €/KG","img":"https://fd6-photos.leclercdrive.fr/image.ashx?id=1707836&use=l&cat=p&typeid=i","cat":284379},{"id":101541,"n":"Beurre moulé baratte 1/2 sel - 80% MG - 250g","p":2.89,"u":"11,56 €/KG","img":"https://fd6-photos.leclercdrive.fr/image.ashx?id=1913400&use=l&cat=p&typeid=i","cat":284379},{"id":101542,"n":"Beurre moulé baratte Yabon Doux - 82% MG - 500g","p":5.1,"u":"10,20 €/KG","img":"https://fd6-photos.leclercdrive.fr/image.ashx?id=1707842&use=l&cat=p&typeid=i","cat":284379},{"id":101543,"n":"Beurre moulé baratte 1/2 sel - 80% MG - 500g","p":5.1,"u":"10,20 €/KG","img":"https://fd6-photos.leclercdrive.fr/image.ashx?id=1707839&use=l&cat=p&typeid=i","cat":284379},{"id":101580,"n":"Banane Bio Max Havelaar  Bio Village x5","p":1.99,"u":"0,40 €/P","img":"https://fd6-photos.leclercdrive.fr/image.ashx?id=2323988&use=l&cat=p&typeid=i","cat":284356},{"id":101620,"n":"Matière grasse Rustica Omega 3 50%MG -Doux -250G","p":0.99,"u":"3,96 €/KG","img":"https://fd6-photos.leclercdrive.fr/image.ashx?id=1664898&use=l&cat=p&typeid=i","cat":315229},{"id":101629,"n":"Pur jus clémentine Bio Village Bio - 1L","p":2.99,"u":"2,99 €/L","img":"https://fd6-photos.leclercdrive.fr/image.ashx?id=2901548&use=l&cat=p&typeid=i","cat":284915},{"id":101666,"n":"Flacon doseur 0,5L","p":1.75,"u":"3,50 €/L","img":"https://fd6-photos.leclercdrive.fr/image.ashx?id=2864885&use=l&cat=p&typeid=i","cat":334135},{"id":101688,"n":"Gel concentré vaisselle UniVert Citron - 685ml","p":5.13,"u":"7,49 €/L","img":"https://fd6-photos.leclercdrive.fr/image.ashx?id=2598003&use=l&cat=p&typeid=i","cat":284655},{"id":101695,"n":"crème dessert chocolat danette - 8x125g","p":2.89,"u":"2,89 €/KG","img":"https://fd6-photos.leclercdrive.fr/image.ashx?id=2949841&use=l&cat=p&typeid=i","cat":285041},{"id":101696,"n":"crème dessert caramel danette - 4x125g","p":1.55,"u":"3,10 €/KG","img":"https://fd6-photos.leclercdrive.fr/image.ashx?id=2926236&use=l&cat=p&typeid=i","cat":285041},{"id":101697,"n":"crème dessert chocolat noisette danette - 4x125g","p":1.64,"u":"3,28 €/KG","img":"https://fd6-photos.leclercdrive.fr/image.ashx?id=2902630&use=l&cat=p&typeid=i","cat":285041},{"id":101699,"n":"crème dessert pistache danette - 4x125g","p":1.7,"u":"3,40 €/KG","img":"https://fd6-photos.leclercdrive.fr/image.ashx?id=1984885&use=l&cat=p&typeid=i","cat":285041},{"id":101701,"n":"crème dessert chocolat caramel vanille danette - 12x115g","p":3.51,"u":"2,54 €/KG","img":"https://fd6-photos.leclercdrive.fr/image.ashx?id=2949844&use=l&cat=p&typeid=i","cat":285041},{"id":101702,"n":"Crème dessert Danette Caramel - 6x125g","p":2.49,"u":"3,32 €/KG","img":"https://fd6-photos.leclercdrive.fr/image.ashx?id=2915398&use=l&cat=p&typeid=i","cat":285041},{"id":101707,"n":"crème dessert chocolat danette - 4x125g","p":1.51,"u":"3,02 €/KG","img":"https://fd6-photos.leclercdrive.fr/image.ashx?id=2927291&use=l&cat=p&typeid=i","cat":285041},{"id":101708,"n":"liégeois chocolat danette - 8x100g","p":2.98,"u":"3,73 €/KG","img":"https://fd6-photos.leclercdrive.fr/image.ashx?id=1984897&use=l&cat=p&typeid=i","cat":285042},{"id":101709,"n":"liégeois chocolat vanille danette - 8x100g","p":2.88,"u":"3,60 €/KG","img":"https://fd6-photos.leclercdrive.fr/image.ashx?id=2926245&use=l&cat=p&typeid=i","cat":285042},{"id":101710,"n":"crème dessert chocolat noir danette - 4x125g","p":1.61,"u":"3,22 €/KG","img":"https://fd6-photos.leclercdrive.fr/image.ashx?id=2927294&use=l&cat=p&typeid=i","cat":285041},{"id":101711,"n":"Crème dessert Danette Chocolat Vanille - 12x115g","p":3.66,"u":"2,65 €/KG","img":"https://fd6-photos.leclercdrive.fr/image.ashx?id=2228528&use=l&cat=p&typeid=i","cat":285041},{"id":101712,"n":"crème dessert 3 chocolats danette - 12x115g","p":3.72,"u":"2,70 €/KG","img":"https://fd6-photos.leclercdrive.fr/image.ashx?id=2949847&use=l&cat=p&typeid=i","cat":285041},{"id":101715,"n":"Petit beurre Michel et Augustin Comté poivre noir - 100g","p":2.44,"u":"24,40 €/KG","img":"https://fd6-photos.leclercdrive.fr/image.ashx?id=2108975&use=l&cat=p&typeid=i","cat":297000},{"id":101762,"n":"Noix de St Jacques Eco+ Sans corail - MSC - 300g","p":6.85,"u":"22,83 €/KG","img":"https://fd6-photos.leclercdrive.fr/image.ashx?id=2790868&use=l&cat=p&typeid=i","cat":319787},{"id":101833,"n":"Gel lavage Visior Concentré - 900ml","p":5.56,"u":"6,18 €/L","img":"https://fd6-photos.leclercdrive.fr/image.ashx?id=2598000&use=l&cat=p&typeid=i","cat":284657},{"id":101836,"n":"Pastilles anti-calcaire Texil x17","p":3.12,"u":"0,18 €/P","img":"https://fd6-photos.leclercdrive.fr/image.ashx?id=2964580&use=l&cat=p&typeid=i","cat":284653},{"id":101837,"n":"Pastilles anti-calcaire Texil x48","p":4.6,"u":"0,10 €/P","img":"https://fd6-photos.leclercdrive.fr/image.ashx?id=2964583&use=l&cat=p&typeid=i","cat":284653},{"id":101850,"n":"Litière agglomérante Catsan  Active fresh pour chat - 5L","p":6.26,"u":"1,25 €/L","img":"https://fd6-photos.leclercdrive.fr/image.ashx?id=2681928&use=l&cat=p&typeid=i","cat":284683},{"id":101880,"n":"Moule à quatre quart en aluminium - 26cm","p":5.5,"img":"https://fd6-photos.leclercdrive.fr/image.ashx?id=2832640&use=l&cat=p&typeid=i","cat":298490},{"id":101884,"n":"Moule 9 muffins En silicone renforcé x1","p":7.5,"img":"https://fd6-photos.leclercdrive.fr/image.ashx?id=1943295&use=l&cat=p&typeid=i","cat":298490},{"id":101887,"n":"Moule à cake en silicone renforcé - 24cm -x1","p":7.5,"img":"https://fd6-photos.leclercdrive.fr/image.ashx?id=1864536&use=l&cat=p&typeid=i","cat":298490},{"id":102006,"n":"Gel bain douche Manava Pamplemousse raisin blanc-500ml","p":2.37,"u":"4,74 €/L","img":"https://fd6-photos.leclercdrive.fr/image.ashx?id=2652870&use=l&cat=p&typeid=i","cat":284594},{"id":102007,"n":"Gel douche Manava Gommant - 250ml","p":1.3,"u":"5,20 €/L","img":"https://fd6-photos.leclercdrive.fr/image.ashx?id=2805042&use=l&cat=p&typeid=i","cat":284594},{"id":102008,"n":"Gel douche Manava Sans savon - 500ml","p":1.82,"u":"3,64 €/L","img":"https://fd6-photos.leclercdrive.fr/image.ashx?id=2741303&use=l&cat=p&typeid=i","cat":284594},{"id":102012,"n":"Déodorant bille bio So Bio Etic Tous types de peau - 50ml","p":5.0,"u":"100,00 €/L","img":"https://fd6-photos.leclercdrive.fr/image.ashx?id=2986606&use=l&cat=p&typeid=i","cat":284595},{"id":102027,"n":"Crème visage La Provençale Bio  Hydratante 48h - 50ml","p":6.48,"u":"129,60 €/L","img":"https://fd6-photos.leclercdrive.fr/image.ashx?id=2335922&use=l&cat=p&typeid=i","cat":325345},{"id":102068,"n":"Poudre détachante - 500g Spéciale textiles - UNI VERT","p":3.99,"u":"7,98 €/KG","img":"https://fd6-photos.leclercdrive.fr/image.ashx?id=2216963&use=l&cat=p&typeid=i","cat":284651},{"id":102079,"n":"Spaghetti Côté Table Bolognaise - 300g","p":3.2,"u":"10,67 €/KG","img":"https://fd6-photos.leclercdrive.fr/image.ashx?id=2846562&use=l&cat=p&typeid=i","cat":333665},{"id":102081,"n":"Poulet à la tomate Côté Table Purée courgette - 300g","p":2.19,"u":"7,30 €/KG","img":"https://fd6-photos.leclercdrive.fr/image.ashx?id=1656991&use=l&cat=p&typeid=i","cat":333665},{"id":102082,"n":"Poulet et risotto Côté Table Champignons - 280g","p":2.59,"u":"9,25 €/KG","img":"https://fd6-photos.leclercdrive.fr/image.ashx?id=2816145&use=l&cat=p&typeid=i","cat":333665},{"id":102103,"n":"Eau gazeuse St Yorre 6x1,15L","p":3.18,"u":"0,46 €/L","img":"https://fd6-photos.leclercdrive.fr/image.ashx?id=2877730&use=l&cat=p&typeid=i","cat":284536},{"id":102104,"n":"Eau Aromatisée Vittel Aro bio Citron - 1L","p":1.21,"u":"1,21 €/L","img":"https://fd6-photos.leclercdrive.fr/image.ashx?id=2737093&use=l&cat=p&typeid=i","cat":284537},{"id":102110,"n":"Eau Aromatisée Vittel Aro bio Citron - 4x50cl","p":2.78,"u":"1,39 €/L","img":"https://fd6-photos.leclercdrive.fr/image.ashx?id=2764610&use=l&cat=p&typeid=i","cat":284537},{"id":102139,"n":"Spray vaporisateur 500ml Plastique - 1 pièce","p":1.9,"img":"https://fd6-photos.leclercdrive.fr/image.ashx?id=2884519&use=l&cat=p&typeid=i","cat":334135},{"id":102140,"n":"Bouchon bouteille Silicone x3","p":2.95,"u":"0,98 €/P","img":"https://fd6-photos.leclercdrive.fr/image.ashx?id=2989276&use=l&cat=p&typeid=i","cat":334135},{"id":102207,"n":"Corne de patissier Lily Cook Silicone M36 - 1 pièce","p":2.82,"img":"https://fd6-photos.leclercdrive.fr/image.ashx?id=2022885&use=l&cat=p&typeid=i","cat":334135},{"id":102211,"n":"Boule à thé acier inoxydable Feuille silicone M24","p":1.99,"img":"https://fd6-photos.leclercdrive.fr/image.ashx?id=2022897&use=l&cat=p&typeid=i","cat":334135},{"id":102226,"n":"Classic Fresh Container 1L Set de 3 pièces","p":3.5,"img":"https://fd6-photos.leclercdrive.fr/image.ashx?id=1752760&use=l&cat=p&typeid=i","cat":284710},{"id":102234,"n":"Nouvelle recharge Smarteo + 1 pièce","p":6.36,"img":"https://fd6-photos.leclercdrive.fr/image.ashx?id=2570433&use=l&cat=p&typeid=i","cat":284669},{"id":102336,"n":"Muesli croustillant chocolat  bio Terres et Céréales - 500g","p":3.76,"u":"7,52 €/KG","img":"https://fd6-photos.leclercdrive.fr/image.ashx?id=2802440&use=l&cat=p&typeid=i","cat":309512},{"id":102338,"n":"Muesli fruits rouges bio  Terres et Céréales - 500g","p":4.83,"u":"9,66 €/KG","img":"https://fd6-photos.leclercdrive.fr/image.ashx?id=2802443&use=l&cat=p&typeid=i","cat":309512},{"id":102374,"n":"Bière sans alcool Tourtel Twist Cerise 0,0° - 6x27,5cl","p":4.68,"u":"2,84 €/L","img":"https://fd6-photos.leclercdrive.fr/image.ashx?id=2688803&use=l&cat=p&typeid=i","cat":334877},{"id":102412,"n":"Kidibul Pomme  75cl","p":2.79,"pp":1.84,"u":"2,45 €/L","img":"https://fd6-photos.leclercdrive.fr/image.ashx?id=2766066&use=l&cat=p&typeid=i","cat":289460},{"id":102413,"n":"Kidibul Pomme Fraise 75cl","p":2.79,"pp":1.84,"u":"2,45 €/L","img":"https://fd6-photos.leclercdrive.fr/image.ashx?id=2769149&use=l&cat=p&typeid=i","cat":289460},{"id":102480,"n":"Petits Suisses Gervais 9,5%MG - 12x60g","p":2.42,"u":"3,36 €/KG","img":"https://fd6-photos.leclercdrive.fr/image.ashx?id=2230381&use=l&cat=p&typeid=i","cat":284409},{"id":102611,"n":"Eau minérale gazeuse Rozana 1L","p":0.48,"u":"0,48 €/L","img":"https://fd6-photos.leclercdrive.fr/image.ashx?id=2675481&use=l&cat=p&typeid=i","cat":284536},{"id":102632,"n":"Soda rouge Orangina Orange Sanguine - 6x33cl","p":3.58,"u":"1,81 €/L","img":"https://fd6-photos.leclercdrive.fr/image.ashx?id=2551650&use=l&cat=p&typeid=i","cat":284532},{"id":102633,"n":"Soda Schweppes Saveur Agrumes Zero - 1L","p":1.64,"u":"1,64 €/L","img":"https://fd6-photos.leclercdrive.fr/image.ashx?id=2852432&use=l&cat=p&typeid=i","cat":284532},{"id":102660,"n":"DOC Prosecco blanc Vilaveroni Bio - 75cl","p":8.94,"u":"11,92 €/L","img":"https://fd6-photos.leclercdrive.fr/image.ashx?id=2504236&use=l&cat=p&typeid=i","cat":289461},{"id":102661,"n":"Thé vert bio Jardin Bio Digestion x20 - 30g","p":2.62,"u":"87,33 €/KG","img":"https://fd6-photos.leclercdrive.fr/image.ashx?id=3014527&use=l&cat=p&typeid=i","cat":293233},{"id":102667,"n":"Haricots verts D'Aucy Extra fin - 58cl - 280g","p":2.96,"u":"10,57 €/KG","img":"https://fd6-photos.leclercdrive.fr/image.ashx?id=2110005&use=l&cat=p&typeid=i","cat":312606},{"id":102669,"n":"Capsules café L'Or Espresso Or Rose N°7 x10","p":3.71,"u":"71,35 €/KG","img":"https://fd6-photos.leclercdrive.fr/image.ashx?id=2100290&use=l&cat=p&typeid=i","cat":284749},{"id":102676,"n":"Capsules café L'Or Barista Double Espresso N°7 x10","p":4.98,"u":"47,88 €/KG","img":"https://fd6-photos.leclercdrive.fr/image.ashx?id=1742978&use=l&cat=p&typeid=i","cat":284749},{"id":102695,"n":"Friandises chien Pedigree Ranchos original bœuf - 70g","p":2.52,"u":"36,00 €/KG","img":"https://fd6-photos.leclercdrive.fr/image.ashx?id=2897279&use=l&cat=p&typeid=i","cat":294527},{"id":102729,"n":"Rubans Baygon Attrape Mouches - 4 rubans","p":1.06,"img":"https://fd6-photos.leclercdrive.fr/image.ashx?id=2116296&use=l&cat=p&typeid=i","cat":298368},{"id":102819,"n":"Panaché Falsbourg Grenadine <0,5% - 20x25cl","p":5.99,"u":"1,20 €/L","img":"https://fd6-photos.leclercdrive.fr/image.ashx?id=2637964&use=l&cat=p&typeid=i","cat":334877},{"id":102829,"n":"Bandeaux Copains Copines Colorés - 200g","p":1.13,"u":"5,65 €/KG","img":"https://fd6-photos.leclercdrive.fr/image.ashx?id=2934745&use=l&cat=p&typeid=i","cat":304250},{"id":102834,"n":"Fils Copains Copines Colorés - 200g","p":1.09,"u":"5,45 €/KG","img":"https://fd6-photos.leclercdrive.fr/image.ashx?id=2934748&use=l&cat=p&typeid=i","cat":304250},{"id":102980,"n":"Chips ondulées nature Lay's Sel - 120g","p":1.76,"u":"14,67 €/KG","img":"https://fd6-photos.leclercdrive.fr/image.ashx?id=2788505&use=l&cat=p&typeid=i","cat":284447},{"id":103032,"n":"Baguette viennoise  La Boulangère - x6 - 510g","p":2.3,"pp":1.61,"u":"3,16 €/KG","img":"https://fd6-photos.leclercdrive.fr/image.ashx?id=2912413&use=l&cat=p&typeid=i","cat":284985},{"id":103036,"n":"Pâte brisée Marie Pur beurre - 230g","p":1.37,"u":"5,96 €/KG","img":"https://fd6-photos.leclercdrive.fr/image.ashx?id=2318540&use=l&cat=p&typeid=i","cat":333681},{"id":103046,"n":"Céréales Trésor Kellogg's Chocolat Noisette - 750g","p":3.56,"u":"4,75 €/KG","img":"https://fd6-photos.leclercdrive.fr/image.ashx?id=2586291&use=l&cat=p&typeid=i","cat":309513},{"id":103047,"n":"Nutella Biscuit pâte à tartiner Cacao Noisettes - 304g","p":3.01,"u":"9,90 €/KG","img":"https://fd6-photos.leclercdrive.fr/image.ashx?id=2896432&use=l&cat=p&typeid=i","cat":284488},{"id":103063,"n":"Paille Pik Haribo Sachet bonbons acidulés - 180g","p":1.78,"u":"9,89 €/KG","img":"https://fd6-photos.leclercdrive.fr/image.ashx?id=2984922&use=l&cat=p&typeid=i","cat":304250},{"id":103074,"n":"Tajine de Légumes Grillés Cassegrain à la Coriandre 375g","p":3.85,"u":"10,27 €/KG","img":"https://fd6-photos.leclercdrive.fr/image.ashx?id=2636955&use=l&cat=p&typeid=i","cat":312612},{"id":103078,"n":"Cocobat Haribo Sachet bonbons réglisse - 300g","p":1.85,"u":"6,17 €/KG","img":"https://fd6-photos.leclercdrive.fr/image.ashx?id=2805231&use=l&cat=p&typeid=i","cat":304250},{"id":103094,"n":"Crème légère semi épaisse  Bridélice 18%mg - 2x25cl","p":2.76,"u":"5,52 €/L","img":"https://fd6-photos.leclercdrive.fr/image.ashx?id=2806156&use=l&cat=p&typeid=i","cat":284381},{"id":103104,"n":"Crème entière 30% Président 2x25cl","p":3.79,"u":"7,58 €/L","img":"https://fd6-photos.leclercdrive.fr/image.ashx?id=2973577&use=l&cat=p&typeid=i","cat":284381},{"id":103144,"n":"Bière blonde Bud 5% - 6x25cl","p":5.06,"u":"3,37 €/L","img":"https://fd6-photos.leclercdrive.fr/image.ashx?id=2481032&use=l&cat=p&typeid=i","cat":334873},{"id":103150,"n":"Bière Rouge Kasteel 33cl","p":1.98,"u":"6,00 €/L","img":"https://fd6-photos.leclercdrive.fr/image.ashx?id=2433449&use=l&cat=p&typeid=i","cat":334872},{"id":103157,"n":"Rissolées Pom Bistro à la Graisse de Canard - 500g","p":2.68,"u":"5,36 €/KG","img":"https://fd6-photos.leclercdrive.fr/image.ashx?id=2866430&use=l&cat=p&typeid=i","cat":319792},{"id":103158,"n":"Tartine Grilletine de Pasquier Sans sucre ajouté - x18 - 255g","p":2.08,"u":"8,16 €/KG","img":"https://fd6-photos.leclercdrive.fr/image.ashx?id=2333057&use=l&cat=p&typeid=i","cat":284479},{"id":103183,"n":"Bières blonde Desperados Lime - 6x33cl","p":8.46,"u":"4,27 €/L","img":"https://fd6-photos.leclercdrive.fr/image.ashx?id=2638163&use=l&cat=p&typeid=i","cat":334878},{"id":103186,"n":"Boisson Citronnade Jafaden 1.5L","p":1.31,"u":"0,87 €/L","img":"https://fd6-photos.leclercdrive.fr/image.ashx?id=2591415&use=l&cat=p&typeid=i","cat":295018},{"id":103191,"n":"Bière sans alcool Tourtel Twist Pêche 0,0° - 6x27,5cl","p":4.04,"u":"2,45 €/L","img":"https://fd6-photos.leclercdrive.fr/image.ashx?id=2896564&use=l&cat=p&typeid=i","cat":334877},{"id":103196,"n":"Boisson Citronnade Jafaden Citron vert - 1.5L","p":1.56,"u":"1,04 €/L","img":"https://fd6-photos.leclercdrive.fr/image.ashx?id=2664581&use=l&cat=p&typeid=i","cat":295018},{"id":103197,"n":"Boisson thé infusé Fresh Tea Passion - 1L","p":0.99,"u":"0,99 €/L","img":"https://fd6-photos.leclercdrive.fr/image.ashx?id=2622278&use=l&cat=p&typeid=i","cat":295019},{"id":103203,"n":"Mélange Tropical  500g - Daco Bello","p":5.24,"u":"10,48 €/KG","img":"https://fd6-photos.leclercdrive.fr/image.ashx?id=2292895&use=l&cat=p&typeid=i","cat":316002},{"id":103206,"n":"Mix Cranberries Daco Bello - 350g","p":3.39,"u":"9,69 €/KG","img":"https://fd6-photos.leclercdrive.fr/image.ashx?id=2292889&use=l&cat=p&typeid=i","cat":284357},{"id":103259,"n":"IGP Méditerrannée rouge Cellier des Dauphins 6x25cl","p":6.68,"u":"4,45 €/L","img":"https://fd6-photos.leclercdrive.fr/image.ashx?id=2338144&use=l&cat=p&typeid=i","cat":289556},{"id":103269,"n":"Gaufres fourrées Lotus Coeur fondant vanille - 310g","p":2.95,"u":"9,52 €/KG","img":"https://fd6-photos.leclercdrive.fr/image.ashx?id=2695890&use=l&cat=p&typeid=i","cat":294777},{"id":103281,"n":"Bière Blonde Jade sans alcool Bio - 6x25cl","p":5.38,"u":"3,59 €/L","img":"https://fd6-photos.leclercdrive.fr/image.ashx?id=2970978&use=l&cat=p&typeid=i","cat":334877},{"id":103285,"n":"Poisson pané Findus Colin  Alaska Fish and Chips x4 - 400g","p":2.92,"u":"7,30 €/KG","img":"https://fd6-photos.leclercdrive.fr/image.ashx?id=2985348&use=l&cat=p&typeid=i","cat":319788},{"id":103300,"n":"Infusion Jardin Bio Digestion bio - 20 sachet - 28g","p":2.62,"u":"93,57 €/KG","img":"https://fd6-photos.leclercdrive.fr/image.ashx?id=2990685&use=l&cat=p&typeid=i","cat":293234},{"id":103308,"n":"Bière Desperados Red Fut - 5L","p":22.99,"u":"4,60 €/L","img":"https://fd6-photos.leclercdrive.fr/image.ashx?id=2770404&use=l&cat=p&typeid=i","cat":334879},{"id":103317,"n":"Sauce Jardin Biologique Arrabbiata - 200g","p":1.75,"u":"8,75 €/KG","img":"https://fd6-photos.leclercdrive.fr/image.ashx?id=1963170&use=l&cat=p&typeid=i","cat":287599},{"id":103377,"n":"Cornichons bio Bio Village Vinaigre - 185g","p":2.4,"u":"12,97 €/KG","img":"https://fd6-photos.leclercdrive.fr/image.ashx?id=2974849&use=l&cat=p&typeid=i","cat":284458},{"id":103381,"n":"Whisky Grant's  Triple wood 40%vol - 70cl","p":13.35,"pp":12.01,"u":"17,16 €/L","img":"https://fd6-photos.leclercdrive.fr/image.ashx?id=2866022&use=l&cat=p&typeid=i","cat":284547},{"id":103384,"n":"IGP Whisky Grant's  Triple wood - 40%vol - 1L","p":17.25,"u":"17,25 €/L","img":"https://fd6-photos.leclercdrive.fr/image.ashx?id=2917531&use=l&cat=p&typeid=i","cat":284547},{"id":103437,"n":"Wrap multigrains Mission 370g","p":3.5,"u":"9,46 €/KG","img":"https://fd6-photos.leclercdrive.fr/image.ashx?id=2890505&use=l&cat=p&typeid=i","cat":288993},{"id":103451,"n":"Lingettes sensitive Pampers 4x52","p":4.97,"u":"0,02 €/P","img":"https://fd6-photos.leclercdrive.fr/image.ashx?id=2849280&use=l&cat=p&typeid=i","cat":284738},{"id":103453,"n":"Panaché Falsbourg Grenadine - <0,5% vol. - 6x25cl","p":2.71,"u":"1,81 €/L","img":"https://fd6-photos.leclercdrive.fr/image.ashx?id=2637961&use=l&cat=p&typeid=i","cat":334877},{"id":103470,"n":"Croquettes chat Purina One Poulet chat adulte - 450g","p":2.83,"u":"6,29 €/KG","img":"https://fd6-photos.leclercdrive.fr/image.ashx?id=2902265&use=l&cat=p&typeid=i","cat":284680},{"id":103479,"n":"Tartine Petit Dej Jacquet Complet - 410g","p":1.58,"u":"3,85 €/KG","img":"https://fd6-photos.leclercdrive.fr/image.ashx?id=2991849&use=l&cat=p&typeid=i","cat":284477},{"id":103500,"n":"Panaché Falsbourg <0.5% vol. - 20x25cl","p":5.95,"u":"1,19 €/L","img":"https://fd6-photos.leclercdrive.fr/image.ashx?id=2637970&use=l&cat=p&typeid=i","cat":334877},{"id":103501,"n":"Pochons prémium Plénima chat au Saumon / Dinde - 4x85g","p":1.76,"u":"5,18 €/KG","img":"https://fd6-photos.leclercdrive.fr/image.ashx?id=2361128&use=l&cat=p&typeid=i","cat":285286},{"id":103503,"n":"Capsules Nescafé Dolce Gusto  Espresso Intenso - x16","p":4.68,"u":"41,79 €/KG","img":"https://fd6-photos.leclercdrive.fr/image.ashx?id=3009110&use=l&cat=p&typeid=i","cat":293239},{"id":103505,"n":"Barre de céréales Nature Valley Protéine chocolat x4-160g","p":2.61,"u":"16,31 €/KG","img":"https://fd6-photos.leclercdrive.fr/image.ashx?id=2657000&use=l&cat=p&typeid=i","cat":285869},{"id":103509,"n":"Yaourt à boire Yop Aromatisé Fraise - 825g","p":1.7,"u":"2,06 €/KG","img":"https://fd6-photos.leclercdrive.fr/image.ashx?id=2855564&use=l&cat=p&typeid=i","cat":284415},{"id":103543,"n":"Crème glacée Haagen Dazs Caramel Biscuit cream - 560g","p":6.03,"u":"10,77 €/KG","img":"https://fd6-photos.leclercdrive.fr/image.ashx?id=2893414&use=l&cat=p&typeid=i","cat":284725},{"id":103546,"n":"Crème glacée Haagen Dazs  Vanilla Pecan - 560g","p":6.29,"u":"11,23 €/KG","img":"https://fd6-photos.leclercdrive.fr/image.ashx?id=2893423&use=l&cat=p&typeid=i","cat":284725},{"id":103561,"n":"Barre de céréales Nature Valley  Protéine caramel salé x4 - 160","p":2.85,"u":"17,81 €/KG","img":"https://fd6-photos.leclercdrive.fr/image.ashx?id=2657003&use=l&cat=p&typeid=i","cat":285869},{"id":103563,"n":"Batonnets de glace Nuii Salted Caramel macadamia - 272g","p":4.4,"u":"16,18 €/KG","img":"https://fd6-photos.leclercdrive.fr/image.ashx?id=2506798&use=l&cat=p&typeid=i","cat":284265},{"id":103566,"n":"Batonnets de glaces Nuii Almond & java vanilla - x4","p":4.65,"u":"17,35 €/KG","img":"https://fd6-photos.leclercdrive.fr/image.ashx?id=2506801&use=l&cat=p&typeid=i","cat":284265},{"id":103619,"n":"Crème glacée Häagen-Dazs  Vanille - 400g","p":4.62,"u":"11,55 €/KG","img":"https://fd6-photos.leclercdrive.fr/image.ashx?id=2893429&use=l&cat=p&typeid=i","cat":284725},{"id":103621,"n":"Crème glacée Häagen-Dazs  Vanille pécan - 400g","p":4.65,"u":"11,63 €/KG","img":"https://fd6-photos.leclercdrive.fr/image.ashx?id=2893438&use=l&cat=p&typeid=i","cat":284725},{"id":103622,"n":"Crème glacée Häagen-Dazs Caramel speculoos Lotus - 400g","p":4.54,"u":"11,35 €/KG","img":"https://fd6-photos.leclercdrive.fr/image.ashx?id=2893441&use=l&cat=p&typeid=i","cat":284725},{"id":103657,"n":"Crème glacée Häagen-Dazs  Vanille noix macadamia - 400g","p":4.66,"u":"11,65 €/KG","img":"https://fd6-photos.leclercdrive.fr/image.ashx?id=2893444&use=l&cat=p&typeid=i","cat":284725},{"id":103661,"n":"Crème glacée Häagen-Dazs  Vanille caramel brownie - 386g","p":3.99,"u":"10,34 €/KG","img":"https://fd6-photos.leclercdrive.fr/image.ashx?id=2893468&use=l&cat=p&typeid=i","cat":284725},{"id":103665,"n":"Mini pots Häagen-Dazs  Caramel attraction x4 - 318g","p":4.37,"u":"13,61 €/KG","img":"https://fd6-photos.leclercdrive.fr/image.ashx?id=2992852&use=l&cat=p&typeid=i","cat":284725},{"id":103680,"n":"Mini pots Häagen-Dazs Vanille  noix de macadamia x4 - 324g","p":5.11,"u":"15,77 €/KG","img":"https://fd6-photos.leclercdrive.fr/image.ashx?id=3000162&use=l&cat=p&typeid=i","cat":284725},{"id":103684,"n":"Mini pots Häagen-Dazs  Favorite selection x4 - 318g","p":4.37,"u":"13,74 €/KG","img":"https://fd6-photos.leclercdrive.fr/image.ashx?id=3000165&use=l&cat=p&typeid=i","cat":284725},{"id":103726,"n":"Masque Violet Démêlant Elsève Color-Vive - 150ml","p":5.55,"u":"37,00 €/L","img":"https://fd6-photos.leclercdrive.fr/image.ashx?id=2439281&use=l&cat=p&typeid=i","cat":284608},{"id":103728,"n":"Shampoing Violet Elsève Color-Vive Déjaunisseur - 200ml","p":2.97,"u":"14,85 €/L","img":"https://fd6-photos.leclercdrive.fr/image.ashx?id=2278121&use=l&cat=p&typeid=i","cat":284606},{"id":103780,"n":"Pâte feuilletée Marie Pur beurre - 230g","p":1.35,"u":"5,87 €/KG","img":"https://fd6-photos.leclercdrive.fr/image.ashx?id=2318543&use=l&cat=p&typeid=i","cat":333681},{"id":103800,"n":"Bière blonde Leffe  6,6% - 12x25cl","p":9.25,"u":"3,08 €/L","img":"https://fd6-photos.leclercdrive.fr/image.ashx?id=2995424&use=l&cat=p&typeid=i","cat":334852},{"id":103808,"n":"Yaourt à boire Yop Aromatisé Framboise - 825g","p":2.11,"u":"2,56 €/KG","img":"https://fd6-photos.leclercdrive.fr/image.ashx?id=2855567&use=l&cat=p&typeid=i","cat":284415},{"id":103813,"n":"Yaourt à boire Yop Aromatisé Vanille - 825g","p":1.7,"u":"2,06 €/KG","img":"https://fd6-photos.leclercdrive.fr/image.ashx?id=2855570&use=l&cat=p&typeid=i","cat":284415},{"id":103814,"n":"Yaourt à boire Yop Aromatisé Fraise Banane - 825g","p":2.14,"u":"2,59 €/KG","img":"https://fd6-photos.leclercdrive.fr/image.ashx?id=2855579&use=l&cat=p&typeid=i","cat":284415},{"id":103818,"n":"Mangue Douceur du Verger Morceaux - 650g","p":5.71,"u":"8,78 €/KG","img":"https://fd6-photos.leclercdrive.fr/image.ashx?id=2898257&use=l&cat=p&typeid=i","cat":284268},{"id":103820,"n":"Mini pots de glace bonbons Smicy - x6 - 300g","p":3.69,"u":"12,30 €/KG","img":"https://fd6-photos.leclercdrive.fr/image.ashx?id=2064612&use=l&cat=p&typeid=i","cat":285250},{"id":103821,"n":"Glace cônes Smicy Bonbons - x8 - 328g","p":3.45,"u":"10,52 €/KG","img":"https://fd6-photos.leclercdrive.fr/image.ashx?id=1986829&use=l&cat=p&typeid=i","cat":285250},{"id":103822,"n":"Pizza Crousti Moelleuse Extrême Marie Tartiflette - 550g","p":4.29,"u":"7,80 €/KG","img":"https://fd6-photos.leclercdrive.fr/image.ashx?id=2996764&use=l&cat=p&typeid=i","cat":284256},{"id":103844,"n":"IGP Ile de Beauté vin rosé Terres Ocrées 12% vol - 75cl","p":3.99,"u":"5,32 €/L","img":"https://fd6-photos.leclercdrive.fr/image.ashx?id=2846526&use=l&cat=p&typeid=i","cat":289558},{"id":103891,"n":"Crème glacée Häagen-Dazs  Caramel au beurre salé - 400g","p":4.72,"u":"11,80 €/KG","img":"https://fd6-photos.leclercdrive.fr/image.ashx?id=2893435&use=l&cat=p&typeid=i","cat":284725},{"id":103914,"n":"Whisky Bushmill's Classic 40%vol - 70cl","p":16.78,"u":"23,97 €/L","img":"https://fd6-photos.leclercdrive.fr/image.ashx?id=2484449&use=l&cat=p&typeid=i","cat":284547},{"id":103915,"n":"Mimolette jeune Les Croisés 350g","p":3.23,"u":"9,23 €/KG","img":"https://fd6-photos.leclercdrive.fr/image.ashx?id=2046499&use=l&cat=p&typeid=i","cat":314028},{"id":103918,"n":"Bâtonnets  Maple  Peanut Butter et candian - x4","p":4.43,"u":"1,11 €/P","img":"https://fd6-photos.leclercdrive.fr/image.ashx?id=2506810&use=l&cat=p&typeid=i","cat":284265},{"id":103919,"n":"Bâtonnets  Nuii Idaho Valley  Cookies mint x4 - 244g","p":4.44,"u":"18,20 €/KG","img":"https://fd6-photos.leclercdrive.fr/image.ashx?id=2506807&use=l&cat=p&typeid=i","cat":284265},{"id":103922,"n":"Batonnets Nuii White chocolate&scandinavia x4","p":4.39,"u":"1,10 €/P","img":"https://fd6-photos.leclercdrive.fr/image.ashx?id=2922149&use=l&cat=p&typeid=i","cat":284265},{"id":103949,"n":"Nettoyant universel anti-traces 750ml","p":2.95,"u":"3,93 €/L","img":"https://fd6-photos.leclercdrive.fr/image.ashx?id=3000731&use=l&cat=p&typeid=i","cat":325357},{"id":103991,"n":"Pâtes De Cecco Spaghetti n°12  - 500g","p":1.7,"u":"3,40 €/KG","img":"https://fd6-photos.leclercdrive.fr/image.ashx?id=2974033&use=l&cat=p&typeid=i","cat":284427},{"id":103993,"n":"IGP Méditerranée rosé St Sagnol - 75cl","p":3.69,"u":"4,92 €/L","img":"https://fd6-photos.leclercdrive.fr/image.ashx?id=2923768&use=l&cat=p&typeid=i","cat":289558},{"id":104008,"n":"Jus innocent tutti frutti 900ml","p":2.83,"u":"3,14 €/L","img":"https://fd6-photos.leclercdrive.fr/image.ashx?id=2861737&use=l&cat=p&typeid=i","cat":285435},{"id":104019,"n":"Rhum paille St James 40%vol - 70cl","p":12.09,"u":"17,27 €/L","img":"https://fd6-photos.leclercdrive.fr/image.ashx?id=2970867&use=l&cat=p&typeid=i","cat":284550},{"id":104021,"n":"Arrangé Damoiseau Mangue passion 30D - 70cl","p":21.12,"u":"30,17 €/L","img":"https://fd6-photos.leclercdrive.fr/image.ashx?id=2021220&use=l&cat=p&typeid=i","cat":284551},{"id":104022,"n":"Arrangé Damoiseau Ananas vanille 30° - 70cl","p":21.12,"u":"30,17 €/L","img":"https://fd6-photos.leclercdrive.fr/image.ashx?id=2021217&use=l&cat=p&typeid=i","cat":284551},{"id":104053,"n":"Perle duo Gourmet Poisson et viandes - 12x85g","p":6.09,"u":"5,97 €/KG","img":"https://fd6-photos.leclercdrive.fr/image.ashx?id=2861761&use=l&cat=p&typeid=i","cat":285286},{"id":104062,"n":"Brioches Doowap Harrys X8 -320g Pépites choco sans additif","p":2.29,"u":"7,16 €/KG","img":"https://fd6-photos.leclercdrive.fr/image.ashx?id=2502998&use=l&cat=p&typeid=i","cat":293505},{"id":104073,"n":"100% Pur Jus Jafaden Pamplemousse- 1L","p":1.99,"u":"1,99 €/L","img":"https://fd6-photos.leclercdrive.fr/image.ashx?id=2956771&use=l&cat=p&typeid=i","cat":284914},{"id":104087,"n":"IGP Méditerranée vin rosé Terres Ocrées - 75cl","p":2.75,"u":"3,67 €/L","img":"https://fd6-photos.leclercdrive.fr/image.ashx?id=2894743&use=l&cat=p&typeid=i","cat":289558},{"id":104089,"n":"AOP Champagne Fondateur Vranken Brut - 75cl","p":17.9,"u":"23,87 €/L","img":"https://fd6-photos.leclercdrive.fr/image.ashx?id=2662012&use=l&cat=p&typeid=i","cat":284542},{"id":104090,"n":"Bouillon Cube Bio Maggi Volaille - 80g","p":1.81,"u":"22,63 €/KG","img":"https://fd6-photos.leclercdrive.fr/image.ashx?id=2882923&use=l&cat=p&typeid=i","cat":288379},{"id":104091,"n":"Bouillon Bio Cube Maggi Légumes - 80g","p":1.83,"u":"22,88 €/KG","img":"https://fd6-photos.leclercdrive.fr/image.ashx?id=2737786&use=l&cat=p&typeid=i","cat":288379},{"id":104092,"n":"Tagada Zip Fraîcheur Haribo Sachet bonbons - 220g","p":1.36,"u":"6,18 €/KG","img":"https://fd6-photos.leclercdrive.fr/image.ashx?id=2802359&use=l&cat=p&typeid=i","cat":304250},{"id":104097,"n":"Fruits au sirop St Mamet Pêche douceur - 4x65g","p":3.41,"u":"13,12 €/KG","img":"https://fd6-photos.leclercdrive.fr/image.ashx?id=2429224&use=l&cat=p&typeid=i","cat":284507},{"id":104105,"n":"Cerneaux de noix pécan Vahiné 50g","p":1.91,"u":"38,20 €/KG","img":"https://fd6-photos.leclercdrive.fr/image.ashx?id=2474314&use=l&cat=p&typeid=i","cat":284504},{"id":104109,"n":"Les Timbales Gourmet Gold Boeuf plet saumon - 12x85g","p":6.71,"u":"6,58 €/KG","img":"https://fd6-photos.leclercdrive.fr/image.ashx?id=2861764&use=l&cat=p&typeid=i","cat":285286},{"id":104110,"n":"Fruits au sirop St Mamet Cocktail de fruits - 4x65g","p":3.19,"u":"12,27 €/KG","img":"https://fd6-photos.leclercdrive.fr/image.ashx?id=2429230&use=l&cat=p&typeid=i","cat":284507},{"id":104113,"n":"Brioches Doowap Harrys X12-480g Pépites choco sans additif","p":3.67,"u":"7,65 €/KG","img":"https://fd6-photos.leclercdrive.fr/image.ashx?id=2503001&use=l&cat=p&typeid=i","cat":293505},{"id":104114,"n":"Brioches Doowap Harrys X8 -320g Pépites choco lait sans additif","p":2.4,"u":"7,50 €/KG","img":"https://fd6-photos.leclercdrive.fr/image.ashx?id=2503004&use=l&cat=p&typeid=i","cat":293505},{"id":104115,"n":"Brioches Doowap Harrys X12-480g Pépites choco lait sans additif","p":3.68,"u":"7,67 €/KG","img":"https://fd6-photos.leclercdrive.fr/image.ashx?id=2503007&use=l&cat=p&typeid=i","cat":293505},{"id":104121,"n":"Noix de cajou Benenuts Grillées à sec -165g","p":4.64,"u":"28,12 €/KG","img":"https://fd6-photos.leclercdrive.fr/image.ashx?id=2391786&use=l&cat=p&typeid=i","cat":284448},{"id":104133,"n":"Pépites chocolat au lait Vahiné 200g","p":3.92,"u":"19,60 €/KG","img":"https://fd6-photos.leclercdrive.fr/image.ashx?id=2559784&use=l&cat=p&typeid=i","cat":284504},{"id":104188,"n":"Chips Tyrrell's Légèrement salées - 150g","p":2.19,"u":"14,60 €/KG","img":"https://fd6-photos.leclercdrive.fr/image.ashx?id=2924731&use=l&cat=p&typeid=i","cat":284447},{"id":104193,"n":"Coton-tiges Inell Recharge Tiges papier - x160","p":0.4,"img":"https://fd6-photos.leclercdrive.fr/image.ashx?id=2440775&use=l&cat=p&typeid=i","cat":284636},{"id":104194,"n":"Coton-tige Lotus Bio - x160 bâtonnets","p":0.77,"img":"https://fd6-photos.leclercdrive.fr/image.ashx?id=2506840&use=l&cat=p&typeid=i","cat":284636},{"id":104290,"n":"Pain de mie Schär - Vital Sans gluten - 350g","p":3.66,"u":"10,46 €/KG","img":"https://fd6-photos.leclercdrive.fr/image.ashx?id=2674890&use=l&cat=p&typeid=i","cat":318654},{"id":104293,"n":"Pépites chunks Vahine 3 chocolats - 100g","p":2.79,"u":"27,90 €/KG","img":"https://fd6-photos.leclercdrive.fr/image.ashx?id=2559871&use=l&cat=p&typeid=i","cat":284504},{"id":104296,"n":"Mon 1er biscuit bio Hipp Bio Dès 6 mois - 180g","p":2.93,"u":"16,28 €/KG","img":"https://fd6-photos.leclercdrive.fr/image.ashx?id=2788823&use=l&cat=p&typeid=i","cat":312227},{"id":104309,"n":"Olives vertes farce d'anchois  Crespo - 120g","p":2.34,"u":"19,50 €/KG","img":"https://fd6-photos.leclercdrive.fr/image.ashx?id=2172073&use=l&cat=p&typeid=i","cat":284450},{"id":104324,"n":"Pâtes de Fruits GERBLE   -  6 sachets 162g","p":2.77,"u":"17,10 €/KG","img":"https://fd6-photos.leclercdrive.fr/image.ashx?id=2664082&use=l&cat=p&typeid=i","cat":318652},{"id":104349,"n":"AOP Cabernet d'Anjou rosé Plessis-Duval - 3L","p":15.99,"u":"5,33 €/L","img":"https://fd6-photos.leclercdrive.fr/image.ashx?id=2941038&use=l&cat=p&typeid=i","cat":289558},{"id":104365,"n":"Nouilles Ramen Tanoshi Poulet Teriyaki - 360g","p":2.98,"u":"8,28 €/KG","img":"https://fd6-photos.leclercdrive.fr/image.ashx?id=2912062&use=l&cat=p&typeid=i","cat":288992},{"id":104418,"n":"Wraps blé nature grillé X6 - 370g","p":3.41,"u":"9,22 €/KG","img":"https://fd6-photos.leclercdrive.fr/image.ashx?id=2890511&use=l&cat=p&typeid=i","cat":288993},{"id":104468,"n":"Fromage apéritif Apéricube Long drink 48 cubes","p":4.17,"u":"16,68 €/KG","img":"https://fd6-photos.leclercdrive.fr/image.ashx?id=2882674&use=l&cat=p&typeid=i","cat":314027},{"id":104470,"n":"Fromage apéritif Apéricube Tonic 48 cubes","p":4.18,"u":"16,72 €/KG","img":"https://fd6-photos.leclercdrive.fr/image.ashx?id=2882677&use=l&cat=p&typeid=i","cat":314027},{"id":104471,"n":"Fromage apéritif Apericube  Cocktail 48 cubes","p":4.17,"u":"16,68 €/KG","img":"https://fd6-photos.leclercdrive.fr/image.ashx?id=2882680&use=l&cat=p&typeid=i","cat":314027},{"id":104558,"n":"Feuilletés charcutiers 8x65g","p":3.24,"u":"6,23 €/KG","img":"https://fd6-photos.leclercdrive.fr/image.ashx?id=1677154&use=l&cat=p&typeid=i","cat":319776},{"id":104603,"n":"Lamelles kebab Maître Coq 1kg","p":12.6,"u":"12,60 €/KG","img":"https://fd6-photos.leclercdrive.fr/image.ashx?id=2101441&use=l&cat=p&typeid=i","cat":319780},{"id":104674,"n":"Eau gazeuse aromatisée Badoit Citron fraise - 1L","p":1.29,"u":"1,29 €/L","img":"https://fd6-photos.leclercdrive.fr/image.ashx?id=2730664&use=l&cat=p&typeid=i","cat":284536},{"id":104863,"n":"Céréales Bio Lion de Nestlé Caramel / Chocolat - 400g","p":3.36,"u":"8,40 €/KG","img":"https://fd6-photos.leclercdrive.fr/image.ashx?id=2792939&use=l&cat=p&typeid=i","cat":309513},{"id":104880,"n":"Barres Céréales Extra Kellogg's Chocolat au lait - 4x32g","p":2.78,"u":"21,72 €/KG","img":"https://fd6-photos.leclercdrive.fr/image.ashx?id=2736610&use=l&cat=p&typeid=i","cat":285869},{"id":104888,"n":"Miettes de Thon Eco + Huile - 104g","p":0.82,"u":"7,88 €/KG","img":"https://fd6-photos.leclercdrive.fr/image.ashx?id=2824241&use=l&cat=p&typeid=i","cat":303867},{"id":104889,"n":"Sardines Connetable Nature - 95g","p":2.11,"u":"22,21 €/KG","img":"https://fd6-photos.leclercdrive.fr/image.ashx?id=2664115&use=l&cat=p&typeid=i","cat":305146},{"id":104955,"n":"Fromage Pavés d'Affinois Brin 25g x 6+1 offert","p":2.78,"u":"15,89 €/KG","img":"https://fd6-photos.leclercdrive.fr/image.ashx?id=2469674&use=l&cat=p&typeid=i","cat":314033},{"id":105016,"n":"Serviette hygiénique Always Platinum normal x24","p":4.09,"img":"https://fd6-photos.leclercdrive.fr/image.ashx?id=2884102&use=l&cat=p&typeid=i","cat":284624},{"id":105072,"n":"Bonbon Dracula Trolli Le sachet de 200g","p":1.57,"u":"7,85 €/KG","img":"https://fd6-photos.leclercdrive.fr/image.ashx?id=2684719&use=l&cat=p&typeid=i","cat":304250},{"id":105119,"n":"AOP Champagne Brut Piper Heidsieck - 75cl","p":26.95,"pp":24.95,"u":"33,27 €/L","img":"https://fd6-photos.leclercdrive.fr/image.ashx?id=2431548&use=l&cat=p&typeid=i","cat":284542},{"id":105126,"n":"Vodka premium Eristoff Original 37,5° - 1.5L","p":25.95,"pp":21.95,"u":"14,63 €/L","img":"https://fd6-photos.leclercdrive.fr/image.ashx?id=2848127&use=l&cat=p&typeid=i","cat":284550},{"id":105136,"n":"Jambon supérieur Tradilège S/nitrite Découenne - x6 - 210g","p":2.79,"u":"13,29 €/KG","img":"https://fd6-photos.leclercdrive.fr/image.ashx?id=2991524&use=l&cat=p&typeid=i","cat":316009},{"id":105137,"n":"Jambon supérieur Tradilège Sans nitrite x4 - 140g","p":1.85,"u":"13,21 €/KG","img":"https://fd6-photos.leclercdrive.fr/image.ashx?id=2994381&use=l&cat=p&typeid=i","cat":316009},{"id":105140,"n":"Jambon supérieur Tradilège Découenne S/nitrite - x2 - 70g","p":1.3,"u":"18,57 €/KG","img":"https://fd6-photos.leclercdrive.fr/image.ashx?id=2994378&use=l&cat=p&typeid=i","cat":316009},{"id":105156,"n":"Café Moulu Carte Noire  Bio Arabica - 2x250g","p":11.19,"u":"22,38 €/KG","img":"https://fd6-photos.leclercdrive.fr/image.ashx?id=2859887&use=l&cat=p&typeid=i","cat":284750},{"id":105168,"n":"Captain Morgan Original Spiced Boisson à base de rhum - 1L","p":18.52,"u":"18,52 €/L","img":"https://fd6-photos.leclercdrive.fr/image.ashx?id=2586285&use=l&cat=p&typeid=i","cat":284551},{"id":105178,"n":"Tortillas chorizo  Table du Monde - 500g","p":2.89,"u":"5,78 €/KG","img":"https://fd6-photos.leclercdrive.fr/image.ashx?id=1675409&use=l&cat=p&typeid=i","cat":333673},{"id":105181,"n":"Bière blonde bio Bio Village  5.5%vol -75cl","p":2.72,"u":"3,63 €/L","img":"https://fd6-photos.leclercdrive.fr/image.ashx?id=2579147&use=l&cat=p&typeid=i","cat":334873},{"id":105182,"n":"Crème desserts Délisse Saveur Praline - 4x100g","p":1.99,"u":"4,98 €/KG","img":"https://fd6-photos.leclercdrive.fr/image.ashx?id=2590925&use=l&cat=p&typeid=i","cat":285041},{"id":105185,"n":"Compote Charles & Alice Pommes Myrtilles - 4x97g","p":1.88,"u":"4,85 €/KG","img":"https://fd6-photos.leclercdrive.fr/image.ashx?id=2900899&use=l&cat=p&typeid=i","cat":284416},{"id":105196,"n":"Dessert fruitier Fraise Andros En morceaux - 4x100g","p":2.57,"u":"6,43 €/KG","img":"https://fd6-photos.leclercdrive.fr/image.ashx?id=2845467&use=l&cat=p&typeid=i","cat":284416},{"id":105200,"n":"Aiguillettes de boeuf Charal 200g","p":5.7,"u":"28,50 €/KG","img":"https://fd6-photos.leclercdrive.fr/image.ashx?id=2972448&use=l&cat=p&typeid=i","cat":284328},{"id":105214,"n":"Boulettes Garden Gourmet légumes 200g","p":2.46,"u":"12,30 €/KG","img":"https://fd6-photos.leclercdrive.fr/image.ashx?id=2986903&use=l&cat=p&typeid=i","cat":316036},{"id":105218,"n":"Poêlée de pâtes Coté Table Poulet/Champignon - 900g","p":3.89,"u":"4,32 €/KG","img":"https://fd6-photos.leclercdrive.fr/image.ashx?id=2626979&use=l&cat=p&typeid=i","cat":284254},{"id":105223,"n":"Glaces cônes Eco+ Vanille - x8 - 556g","p":1.95,"u":"3,51 €/KG","img":"https://fd6-photos.leclercdrive.fr/image.ashx?id=2742682&use=l&cat=p&typeid=i","cat":284264},{"id":105224,"n":"Gnocchi à poêler Lustucru Extra Mozzarella Tomate - 280g","p":2.59,"u":"9,25 €/KG","img":"https://fd6-photos.leclercdrive.fr/image.ashx?id=2999994&use=l&cat=p&typeid=i","cat":333682},{"id":105427,"n":"Beurre gastronomique Président Demi-sel - 80% MG - 225g","p":2.84,"u":"12,62 €/KG","img":"https://fd6-photos.leclercdrive.fr/image.ashx?id=2740553&use=l&cat=p&typeid=i","cat":284379},{"id":105486,"n":"AOP Champagne Brut Tsarine 75cl","p":33.49,"u":"44,65 €/L","img":"https://fd6-photos.leclercdrive.fr/image.ashx?id=2741096&use=l&cat=p&typeid=i","cat":284542},{"id":105694,"n":"Bière blonde Goudale Project Circus triple - 9%vol - 6x25cl","p":4.75,"u":"3,17 €/L","img":"https://fd6-photos.leclercdrive.fr/image.ashx?id=2939526&use=l&cat=p&typeid=i","cat":334852},{"id":105779,"n":"Cidou Nectar Bio Pomme  1L","p":2.19,"u":"2,19 €/L","img":"https://fd6-photos.leclercdrive.fr/image.ashx?id=2109173&use=l&cat=p&typeid=i","cat":284522},{"id":105783,"n":"Nectar Bio Cidou  Orange Banane - 1L","p":2.22,"u":"2,22 €/L","img":"https://fd6-photos.leclercdrive.fr/image.ashx?id=1682263&use=l&cat=p&typeid=i","cat":284915},{"id":105788,"n":"Nectar Cidou Fruits Des Tropique - Bio - 1L","p":2.24,"u":"2,24 €/L","img":"https://fd6-photos.leclercdrive.fr/image.ashx?id=2010623&use=l&cat=p&typeid=i","cat":284916},{"id":105867,"n":"AOC Bourgogne Chardonnay Blanc Bouchard Ainé & Fils - 75cl","p":5.17,"u":"6,89 €/L","img":"https://fd6-photos.leclercdrive.fr/image.ashx?id=2917825&use=l&cat=p&typeid=i","cat":289557},{"id":106006,"n":"Pur jus de pomme Jafaden 2L","p":2.29,"u":"1,15 €/L","img":"https://fd6-photos.leclercdrive.fr/image.ashx?id=2956774&use=l&cat=p&typeid=i","cat":284522},{"id":106026,"n":"Matière grasse Rustica cuisson et patisserie -500G","p":2.79,"u":"5,58 €/KG","img":"https://fd6-photos.leclercdrive.fr/image.ashx?id=2904586&use=l&cat=p&typeid=i","cat":315229},{"id":106070,"n":"Proscuitto di Parma Chiffonnade Negroni - 70g","p":4.49,"u":"64,14 €/KG","img":"https://fd6-photos.leclercdrive.fr/image.ashx?id=1942181&use=l&cat=p&typeid=i","cat":316007},{"id":106124,"n":"Cahier Easybook agrafe Oxford Bleu - 24x32 - 96p Assortis","p":4.97,"img":"https://fd6-photos.leclercdrive.fr/image.ashx?id=1697251&use=l&cat=p&typeid=i","cat":284697},{"id":106128,"n":"Cahier Easybook agrafe Oxford Jaune - 24x32 - 96p Assortis","p":4.97,"img":"https://fd6-photos.leclercdrive.fr/image.ashx?id=1697254&use=l&cat=p&typeid=i","cat":284697},{"id":106136,"n":"Cahier Easybook agrafe Oxford Rouge - 24x32 - 96p Assortis","p":4.97,"img":"https://fd6-photos.leclercdrive.fr/image.ashx?id=1697263&use=l&cat=p&typeid=i","cat":284697},{"id":106139,"n":"Cahier Easybook agrafe Oxford Transparent  24x32 96p Assortis","p":4.97,"img":"https://fd6-photos.leclercdrive.fr/image.ashx?id=1697266&use=l&cat=p&typeid=i","cat":284697},{"id":106141,"n":"Cahier Easybook agrafe Oxford Vert -  24x32 96p - Assortis","p":4.97,"img":"https://fd6-photos.leclercdrive.fr/image.ashx?id=1697269&use=l&cat=p&typeid=i","cat":284697},{"id":106143,"n":"Cahier Easybook agrafe Oxford Violet  -  24x32 96p - Assortis","p":4.97,"img":"https://fd6-photos.leclercdrive.fr/image.ashx?id=1697272&use=l&cat=p&typeid=i","cat":284697},{"id":106146,"n":"Bière sans alcool Tourtel Twist Mangue Passion 0,0° - 6x27,5cl","p":4.89,"u":"2,96 €/L","img":"https://fd6-photos.leclercdrive.fr/image.ashx?id=2730727&use=l&cat=p&typeid=i","cat":334877},{"id":106204,"n":"IGP Méditerranée Rosé Studio by Miraval - 75cl","p":8.52,"u":"11,36 €/L","img":"https://fd6-photos.leclercdrive.fr/image.ashx?id=1691895&use=l&cat=p&typeid=i","cat":289558},{"id":106265,"n":"Edulcorant Pure Via Stick x40 - 60g","p":2.9,"u":"48,33 €/KG","img":"https://fd6-photos.leclercdrive.fr/image.ashx?id=2590598&use=l&cat=p&typeid=i","cat":324846},{"id":106267,"n":"Gâteaux chocolat Pépito Chocolait'o - 180g","p":2.16,"u":"12,00 €/KG","img":"https://fd6-photos.leclercdrive.fr/image.ashx?id=2828772&use=l&cat=p&typeid=i","cat":284495},{"id":106269,"n":"Edulcorant Pure Via Boite de 65 morceaux - 130g","p":5.15,"u":"39,62 €/KG","img":"https://fd6-photos.leclercdrive.fr/image.ashx?id=2417291&use=l&cat=p&typeid=i","cat":324846},{"id":106271,"n":"Sucre Doypack Pure Via Poudre cristalisée - 250g","p":5.64,"u":"22,56 €/KG","img":"https://fd6-photos.leclercdrive.fr/image.ashx?id=2805381&use=l&cat=p&typeid=i","cat":324846},{"id":106274,"n":"Croustilles Party Belin Emmental - 210g","p":2.02,"u":"9,62 €/KG","img":"https://fd6-photos.leclercdrive.fr/image.ashx?id=2961263&use=l&cat=p&typeid=i","cat":284449},{"id":106275,"n":"Croustilles Party Belin Cacahuète - 210g","p":1.77,"u":"8,43 €/KG","img":"https://fd6-photos.leclercdrive.fr/image.ashx?id=3000875&use=l&cat=p&typeid=i","cat":284449},{"id":106471,"n":"Plat bébé soir Blédichef 15mois Poireau pomme de terre - 250g","p":1.79,"u":"7,16 €/KG","img":"https://fd6-photos.leclercdrive.fr/image.ashx?id=2143681&use=l&cat=p&typeid=i","cat":312239},{"id":106473,"n":"Repas bébé Blédichef 15 mois Patate légumes poulet - 250g","p":1.89,"u":"7,56 €/KG","img":"https://fd6-photos.leclercdrive.fr/image.ashx?id=2877703&use=l&cat=p&typeid=i","cat":312238},{"id":106474,"n":"Repas bébé Blédichef 15 mois Pdt champignon poulet - 250g","p":1.81,"u":"7,24 €/KG","img":"https://fd6-photos.leclercdrive.fr/image.ashx?id=2479685&use=l&cat=p&typeid=i","cat":312238},{"id":106475,"n":"Repas bébé Blédichef 15 mois Légumes cabillaud - 250g","p":1.94,"u":"7,76 €/KG","img":"https://fd6-photos.leclercdrive.fr/image.ashx?id=1681186&use=l&cat=p&typeid=i","cat":312238},{"id":106477,"n":"Repas bébé Blédichef 18 mois  Blanquette de volaille - 250g","p":1.83,"u":"7,32 €/KG","img":"https://fd6-photos.leclercdrive.fr/image.ashx?id=2558861&use=l&cat=p&typeid=i","cat":312238},{"id":106481,"n":"Repas bébé Blédichef 24 mois  Riz légumes poulet curry - 250g","p":1.89,"u":"7,56 €/KG","img":"https://fd6-photos.leclercdrive.fr/image.ashx?id=2951590&use=l&cat=p&typeid=i","cat":312238},{"id":106614,"n":"Rosette Justin Bridou  19 Tranches - 170g","p":2.65,"u":"15,59 €/KG","img":"https://fd6-photos.leclercdrive.fr/image.ashx?id=2948932&use=l&cat=p&typeid=i","cat":316007},{"id":106639,"n":"Culotte écologiq Mots d'Enfants T5 : 12/18kg - x20","p":8.7,"u":"0,44 €/P","img":"https://fd6-photos.leclercdrive.fr/image.ashx?id=2907243&use=l&cat=p&typeid=i","cat":290633},{"id":106641,"n":"Culotte écologiq Mots d'Enfants T6 : +16kg - x18","p":7.9,"u":"0,44 €/P","img":"https://fd6-photos.leclercdrive.fr/image.ashx?id=2430710&use=l&cat=p&typeid=i","cat":290633},{"id":106690,"n":"Gel douche Bionaïa Abricot bio - 250ml","p":1.43,"u":"5,72 €/L","img":"https://fd6-photos.leclercdrive.fr/image.ashx?id=2512478&use=l&cat=p&typeid=i","cat":284594},{"id":106713,"n":"Rosette Gourmets de l'Artois 90g","p":1.85,"u":"20,56 €/KG","img":"https://fd6-photos.leclercdrive.fr/image.ashx?id=2107919&use=l&cat=p&typeid=i","cat":316007},{"id":106717,"n":"Roulade jambon en tranche Gourmet de l' Artois - 115g","p":1.83,"u":"15,91 €/KG","img":"https://fd6-photos.leclercdrive.fr/image.ashx?id=2766415&use=l&cat=p&typeid=i","cat":316009},{"id":106725,"n":"Gants Confort Pro Mapa Latex naturel Taille L - x100","p":14.6,"u":"0,15 €/P","img":"https://fd6-photos.leclercdrive.fr/image.ashx?id=2732446&use=l&cat=p&typeid=i","cat":284668},{"id":106732,"n":"Sirop La Maison Guiot Citron jaune de Sicile - 70cl","p":3.17,"u":"4,53 €/L","img":"https://fd6-photos.leclercdrive.fr/image.ashx?id=2857138&use=l&cat=p&typeid=i","cat":295020},{"id":106743,"n":"Disques à démaquiller Bocoton Bio - x80","p":1.64,"u":"0,02 €/P","img":"https://fd6-photos.leclercdrive.fr/image.ashx?id=2480713&use=l&cat=p&typeid=i","cat":284636},{"id":106750,"n":"Eau micellaire So Bio Etic Aloe purifiante bio - 500ml","p":4.89,"u":"9,78 €/L","img":"https://fd6-photos.leclercdrive.fr/image.ashx?id=2577009&use=l&cat=p&typeid=i","cat":284603},{"id":106751,"n":"Après-shampooing So Bio Etic Karité Argan bio - 200ml","p":4.45,"u":"22,25 €/L","img":"https://fd6-photos.leclercdrive.fr/image.ashx?id=2787059&use=l&cat=p&typeid=i","cat":284607},{"id":106768,"n":"Shampooing bio So Bio Etic Coco & Acide Hyaluronique-250ml","p":4.06,"u":"16,24 €/L","img":"https://fd6-photos.leclercdrive.fr/image.ashx?id=2788727&use=l&cat=p&typeid=i","cat":284606},{"id":106770,"n":"Dentifrice protection Dentavie Propolis/menthe bio - 75ml","p":3.52,"u":"46,93 €/L","img":"https://fd6-photos.leclercdrive.fr/image.ashx?id=2494779&use=l&cat=p&typeid=i","cat":284612},{"id":106793,"n":"Tube Foxter LED G13 120cm 16-36W - 1 pièce","p":10.99,"u":"Dont 0,12 € d'éco-part.","img":"https://fd6-photos.leclercdrive.fr/image.ashx?id=1678802&use=l&cat=p&typeid=i","cat":300573},{"id":106794,"n":"Tube Foxter LED G13 60cm 8-18W - 1 pièce","p":7.99,"img":"https://fd6-photos.leclercdrive.fr/image.ashx?id=2162591&use=l&cat=p&typeid=i","cat":300573},{"id":106801,"n":"Colle Ni Clou Ni Vis Pattex Extra fort & rapide - 52g","p":5.19,"u":"99,81 €/KG","img":"https://fd6-photos.leclercdrive.fr/image.ashx?id=2664707&use=l&cat=p&typeid=i","cat":300576},{"id":106806,"n":"Colle Ni Clou Ni Vis Pattex Extra fort & Rapide - 380g","p":8.68,"u":"22,84 €/KG","img":"https://fd6-photos.leclercdrive.fr/image.ashx?id=2673631&use=l&cat=p&typeid=i","cat":300576},{"id":106809,"n":"Colle multi-usages Pattex 20g","p":2.66,"u":"133,00 €/KG","img":"https://fd6-photos.leclercdrive.fr/image.ashx?id=1729581&use=l&cat=p&typeid=i","cat":300576},{"id":106886,"n":"Petit suisse nature Gervais 9,5% MG - 6x60g","p":1.84,"u":"5,11 €/KG","img":"https://fd6-photos.leclercdrive.fr/image.ashx?id=2230384&use=l&cat=p&typeid=i","cat":284409},{"id":106979,"n":"Crème glacée Häagen-Dazs  Vanille cookie dough - 394g","p":5.35,"u":"13,58 €/KG","img":"https://fd6-photos.leclercdrive.fr/image.ashx?id=2893459&use=l&cat=p&typeid=i","cat":284725},{"id":106986,"n":"Crème glacée Häagen-Dazs  Vanille pralines - 400g","p":5.53,"u":"13,83 €/KG","img":"https://fd6-photos.leclercdrive.fr/image.ashx?id=2893453&use=l&cat=p&typeid=i","cat":284725},{"id":106987,"n":"Mini pots Häagen-Dazs Caramel  Beurre salé x4 - 324g","p":4.23,"u":"13,06 €/KG","img":"https://fd6-photos.leclercdrive.fr/image.ashx?id=2992849&use=l&cat=p&typeid=i","cat":284725},{"id":107140,"n":"Sablés Michel et Augustin Beaufort poivre blanc - 100g","p":2.44,"u":"24,40 €/KG","img":"https://fd6-photos.leclercdrive.fr/image.ashx?id=2108981&use=l&cat=p&typeid=i","cat":297000},{"id":107145,"n":"Pur jus de raisin Bio Village Bio - 6x20cl","p":4.09,"u":"3,41 €/L","img":"https://fd6-photos.leclercdrive.fr/image.ashx?id=2595549&use=l&cat=p&typeid=i","cat":284524},{"id":107166,"n":"Faisselle Rians 6%mg - 6x100g","p":2.85,"u":"4,75 €/KG","img":"https://fd6-photos.leclercdrive.fr/image.ashx?id=2396701&use=l&cat=p&typeid=i","cat":284409},{"id":107384,"n":"Bacon Justin Bridou  16 Tranches - 160g","p":2.65,"u":"16,56 €/KG","img":"https://fd6-photos.leclercdrive.fr/image.ashx?id=2924110&use=l&cat=p&typeid=i","cat":316007},{"id":107467,"n":"Cahier grands carreaux Eco+ Jaune - 24x32cm - 96p","p":0.83,"img":"https://fd6-photos.leclercdrive.fr/image.ashx?id=2943271&use=l&cat=p&typeid=i","cat":284697},{"id":107471,"n":"Cahier grands carreaux Eco+ Bleu - 24x32cm - 96p","p":0.83,"img":"https://fd6-photos.leclercdrive.fr/image.ashx?id=2943274&use=l&cat=p&typeid=i","cat":284697},{"id":107472,"n":"Cahier grands carreaux Eco+ Rouge - 24x32cm - 96p","p":0.83,"img":"https://fd6-photos.leclercdrive.fr/image.ashx?id=2943277&use=l&cat=p&typeid=i","cat":284697},{"id":107529,"n":"Protège-document Esquisse Noir - A4 - 80 vues","p":2.49,"img":"https://fd6-photos.leclercdrive.fr/image.ashx?id=1698730&use=l&cat=p&typeid=i","cat":284745},{"id":107530,"n":"Protège-document Esquisse Turquoise - A4 - 80 vues","p":2.49,"img":"https://fd6-photos.leclercdrive.fr/image.ashx?id=1698733&use=l&cat=p&typeid=i","cat":284745},{"id":107558,"n":"Protège-document Transparent - A4 - 120 vues","p":3.49,"img":"https://fd6-photos.leclercdrive.fr/image.ashx?id=1698736&use=l&cat=p&typeid=i","cat":284745},{"id":107561,"n":"Protège-document Noir - A4 - 120 vues","p":3.49,"img":"https://fd6-photos.leclercdrive.fr/image.ashx?id=1698739&use=l&cat=p&typeid=i","cat":284745},{"id":107563,"n":"Chemise Kreacover Exacompta Bleu clair - 24x32cm","p":2.56,"img":"https://fd6-photos.leclercdrive.fr/image.ashx?id=1687682&use=l&cat=p&typeid=i","cat":284745},{"id":107566,"n":"Chemise Kreacover Exacompta Vert - 24x32cm","p":2.56,"img":"https://fd6-photos.leclercdrive.fr/image.ashx?id=1687691&use=l&cat=p&typeid=i","cat":284745},{"id":107612,"n":"Cahier Koverbook Clairefontaine Bleu - 96 pages - 21x29.7cm","p":3.61,"img":"https://fd6-photos.leclercdrive.fr/image.ashx?id=1687820&use=l&cat=p&typeid=i","cat":284697},{"id":107614,"n":"Cahier Koverbook Clairefontaine Jaune - 96 pages - 21x29.7cm","p":3.61,"img":"https://fd6-photos.leclercdrive.fr/image.ashx?id=1687823&use=l&cat=p&typeid=i","cat":284697},{"id":107615,"n":"Cahier Koverbook Clairefontaine Noir - 96 pages - 21x29.7cm","p":3.61,"img":"https://fd6-photos.leclercdrive.fr/image.ashx?id=1687826&use=l&cat=p&typeid=i","cat":284697},{"id":107616,"n":"Cahier Koverbook Clairefontaine Rose - 96 pages - 21x29.7cm","p":3.61,"img":"https://fd6-photos.leclercdrive.fr/image.ashx?id=1687829&use=l&cat=p&typeid=i","cat":284697},{"id":107617,"n":"Cahier Koverbook Clairefontaine Orange - 96 pages - 21x29.7cm","p":3.61,"img":"https://fd6-photos.leclercdrive.fr/image.ashx?id=1687832&use=l&cat=p&typeid=i","cat":284697},{"id":107618,"n":"Cahier Koverbook Clairefontaine Rouge - 96 pages - 21x29.7cm","p":3.61,"img":"https://fd6-photos.leclercdrive.fr/image.ashx?id=1687835&use=l&cat=p&typeid=i","cat":284697},{"id":107619,"n":"Cahier Koverbook Clairefontaine Vert - 96 pages - 21x29.7cm","p":3.61,"img":"https://fd6-photos.leclercdrive.fr/image.ashx?id=1687838&use=l&cat=p&typeid=i","cat":284697},{"id":107620,"n":"Cahier Koverbook Clairefontaine Violet - 96 pages - 21x29.7cm","p":3.61,"img":"https://fd6-photos.leclercdrive.fr/image.ashx?id=1687841&use=l&cat=p&typeid=i","cat":284697},{"id":107645,"n":"Aluminium Albal 20m","p":3.39,"img":"https://fd6-photos.leclercdrive.fr/image.ashx?id=2551444&use=l&cat=p&typeid=i","cat":334134},{"id":107646,"n":"Film 2 en 1 Albal  20m","p":2.86,"img":"https://fd6-photos.leclercdrive.fr/image.ashx?id=2551453&use=l&cat=p&typeid=i","cat":334134},{"id":107653,"n":"Lait de coco bio Jardin Bio Bio - 225ml","p":1.9,"u":"8,44 €/L","img":"https://fd6-photos.leclercdrive.fr/image.ashx?id=2875471&use=l&cat=p&typeid=i","cat":288992},{"id":107660,"n":"Cahier Koverbook Clairefontaine Incolore - 48 pages - 21x29.7cm","p":2.63,"img":"https://fd6-photos.leclercdrive.fr/image.ashx?id=1687862&use=l&cat=p&typeid=i","cat":284697},{"id":107661,"n":"Cahier Koverbook Clairefontaine Jaune - 48 pages - 21x29.7cm","p":2.63,"img":"https://fd6-photos.leclercdrive.fr/image.ashx?id=1687865&use=l&cat=p&typeid=i","cat":284697},{"id":107665,"n":"Cahier Koverbook Clairefontaine Rouge - 48 pages - 21x29.7cm","p":2.63,"img":"https://fd6-photos.leclercdrive.fr/image.ashx?id=1687877&use=l&cat=p&typeid=i","cat":284697},{"id":107825,"n":"Bac gourmand Eskiss Vanille pécan - 500g","p":3.36,"u":"6,72 €/KG","img":"https://fd6-photos.leclercdrive.fr/image.ashx?id=2982640&use=l&cat=p&typeid=i","cat":284263},{"id":107827,"n":"Bac gourmand Eskiss Vanille caramel - 500g","p":4.11,"u":"8,22 €/KG","img":"https://fd6-photos.leclercdrive.fr/image.ashx?id=2982649&use=l&cat=p&typeid=i","cat":284263},{"id":107833,"n":"Vin Union Européenne rosé BIB 5L","p":9.25,"u":"1,85 €/L","img":"https://fd6-photos.leclercdrive.fr/image.ashx?id=2116813&use=l&cat=p&typeid=i","cat":289560},{"id":107847,"n":"Bac gourmand Eskiss Vanille speculoos - 500g","p":3.19,"u":"6,38 €/KG","img":"https://fd6-photos.leclercdrive.fr/image.ashx?id=2982652&use=l&cat=p&typeid=i","cat":284263},{"id":107855,"n":"Vin rouge Espagne Table Oscar Inno Vins - 5L","p":9.65,"u":"1,93 €/L","img":"https://fd6-photos.leclercdrive.fr/image.ashx?id=2116810&use=l&cat=p&typeid=i","cat":289556},{"id":107863,"n":"Dentifrice soin bio Dentavie Blancheur bicarbonate - 75ml","p":3.53,"u":"47,07 €/L","img":"https://fd6-photos.leclercdrive.fr/image.ashx?id=2494776&use=l&cat=p&typeid=i","cat":284612},{"id":107864,"n":"Bac gourmand Eskiss Café - 500g","p":2.99,"u":"5,98 €/KG","img":"https://fd6-photos.leclercdrive.fr/image.ashx?id=2982655&use=l&cat=p&typeid=i","cat":284263},{"id":107868,"n":"Bac gourmand Eskiss Chocolat Liegeois - 500g","p":2.99,"u":"5,98 €/KG","img":"https://fd6-photos.leclercdrive.fr/image.ashx?id=2982658&use=l&cat=p&typeid=i","cat":284263},{"id":107870,"n":"Bac gourmand Eskiss Vanille fruits rouge - 500g","p":3.49,"u":"6,98 €/KG","img":"https://fd6-photos.leclercdrive.fr/image.ashx?id=2982661&use=l&cat=p&typeid=i","cat":284263},{"id":107884,"n":"Tablette lave-vaisselle UniVert Classiques ecolo - x40 - 400g","p":5.64,"u":"14,10 €/KG","img":"https://fd6-photos.leclercdrive.fr/image.ashx?id=2163892&use=l&cat=p&typeid=i","cat":284656},{"id":107910,"n":"Protège-documents Esquisse  Noir - A4 - 40 vues","p":1.79,"img":"https://fd6-photos.leclercdrive.fr/image.ashx?id=1690032&use=l&cat=p&typeid=i","cat":284745},{"id":108000,"n":"Mini ruban correcteur Esquisse Bleu, rose et blanc - x3","p":1.99,"img":"https://fd6-photos.leclercdrive.fr/image.ashx?id=1691060&use=l&cat=p&typeid=i","cat":334133},{"id":108146,"n":"Boisson aux fruits Oasis Tropical - 2L","p":2.37,"u":"1,19 €/L","img":"https://fd6-photos.leclercdrive.fr/image.ashx?id=2996569&use=l&cat=p&typeid=i","cat":295018},{"id":108169,"n":"Mousse de canard Henaff 3x78g","p":3.47,"u":"14,83 €/KG","img":"https://fd6-photos.leclercdrive.fr/image.ashx?id=2305604&use=l&cat=p&typeid=i","cat":305149},{"id":108180,"n":"Compotes Pom'Potes Gourdes BIO  Multivariétés - 12x90g","p":6.97,"u":"6,45 €/KG","img":"https://fd6-photos.leclercdrive.fr/image.ashx?id=2926212&use=l&cat=p&typeid=i","cat":284508},{"id":108449,"n":"Déodorant spray Monsavon Fleur Lotus-200ml","p":2.0,"u":"10,00 €/L","img":"https://fd6-photos.leclercdrive.fr/image.ashx?id=2643914&use=l&cat=p&typeid=i","cat":284595},{"id":108668,"n":"Bière blonde La Goudale 7.2% vol. - 50cl","p":1.56,"u":"3,12 €/L","img":"https://fd6-photos.leclercdrive.fr/image.ashx?id=2513658&use=l&cat=p&typeid=i","cat":334852},{"id":108695,"n":"Beurre de cacahuètes Menguy's Creamy - 454g","p":4.25,"u":"9,36 €/KG","img":"https://fd6-photos.leclercdrive.fr/image.ashx?id=2844082&use=l&cat=p&typeid=i","cat":284481},{"id":108707,"n":"Filtres à café Uni vert Bruns n°4 - x80","p":1.33,"u":"0,02 €/P","img":"https://fd6-photos.leclercdrive.fr/image.ashx?id=2634878&use=l&cat=p&typeid=i","cat":284751},{"id":108711,"n":"Gel Douche Fa Crème Cacao coco flacon - 250ml","p":1.49,"u":"5,96 €/L","img":"https://fd6-photos.leclercdrive.fr/image.ashx?id=2995097&use=l&cat=p&typeid=i","cat":284594},{"id":108712,"n":"Gel douche Fa Caribbean Wave flacon - 250ml","p":1.56,"u":"6,24 €/L","img":"https://fd6-photos.leclercdrive.fr/image.ashx?id=2110236&use=l&cat=p&typeid=i","cat":284594},{"id":108717,"n":"Vinaigrette légère Amora Moutarde - 380ml","p":2.17,"u":"5,71 €/L","img":"https://fd6-photos.leclercdrive.fr/image.ashx?id=2654170&use=l&cat=p&typeid=i","cat":284456},{"id":108724,"n":"Thé glacé Bio Village Bio Pêche - 1L","p":1.36,"u":"1,36 €/L","img":"https://fd6-photos.leclercdrive.fr/image.ashx?id=2670392&use=l&cat=p&typeid=i","cat":295019},{"id":108725,"n":"Thé glacé Bio Village Bio Menthe - 1L","p":1.4,"u":"1,40 €/L","img":"https://fd6-photos.leclercdrive.fr/image.ashx?id=2664362&use=l&cat=p&typeid=i","cat":295019},{"id":108775,"n":"Irish cream Baileys  17%vol. - 1L","p":19.18,"u":"19,18 €/L","img":"https://fd6-photos.leclercdrive.fr/image.ashx?id=1763799&use=l&cat=p&typeid=i","cat":286032},{"id":108804,"n":"Compotes Pom'Potes Gourdes  Pomme Nature - 4x90g","p":1.79,"u":"4,97 €/KG","img":"https://fd6-photos.leclercdrive.fr/image.ashx?id=2968079&use=l&cat=p&typeid=i","cat":284508},{"id":108841,"n":"Foie morue nature Nautilus MSC - 25% sel - 120g","p":1.92,"u":"16,00 €/KG","img":"https://fd6-photos.leclercdrive.fr/image.ashx?id=2733610&use=l&cat=p&typeid=i","cat":305147},{"id":108844,"n":"Plat bébé soir Blédichef 12mois Spaghetti crème légumes -2x230g","p":3.45,"u":"7,50 €/KG","img":"https://fd6-photos.leclercdrive.fr/image.ashx?id=2643494&use=l&cat=p&typeid=i","cat":312239},{"id":108997,"n":"Crème dessert Danette vanille chocolat -16x115g","p":4.84,"u":"2,63 €/KG","img":"https://fd6-photos.leclercdrive.fr/image.ashx?id=2949850&use=l&cat=p&typeid=i","cat":285041},{"id":108998,"n":"liégeois chocolat danette - 12x100g","p":4.65,"u":"3,88 €/KG","img":"https://fd6-photos.leclercdrive.fr/image.ashx?id=2907842&use=l&cat=p&typeid=i","cat":285042},{"id":109073,"n":"Piles lithium Foxter CR2016 - 3v - 5 Pièces","p":4.19,"u":"0,84 €/P","img":"https://fd6-photos.leclercdrive.fr/image.ashx?id=2162594&use=l&cat=p&typeid=i","cat":300572},{"id":109112,"n":"Nectar Bio Village Bio Mangue - 1L","p":2.49,"u":"2,49 €/L","img":"https://fd6-photos.leclercdrive.fr/image.ashx?id=2954121&use=l&cat=p&typeid=i","cat":284916},{"id":109115,"n":"Nectar Bio Village Bio Abricot - 1L","p":2.69,"u":"2,69 €/L","img":"https://fd6-photos.leclercdrive.fr/image.ashx?id=2954124&use=l&cat=p&typeid=i","cat":284915},{"id":109118,"n":"Pur jus de fruits Bio Village Bio - 1L","p":3.64,"u":"3,64 €/L","img":"https://fd6-photos.leclercdrive.fr/image.ashx?id=2901563&use=l&cat=p&typeid=i","cat":284917},{"id":109267,"n":"Panaché Force 4 0,4° - 10x25cl","p":4.27,"u":"1,71 €/L","img":"https://fd6-photos.leclercdrive.fr/image.ashx?id=2473321&use=l&cat=p&typeid=i","cat":334877},{"id":109274,"n":"Yaourt Enfant Petits Filous Aromatisé à la Fraise - 6x100g","p":2.88,"u":"4,80 €/KG","img":"https://fd6-photos.leclercdrive.fr/image.ashx?id=2748434&use=l&cat=p&typeid=i","cat":284415},{"id":109287,"n":"Vin mousseux brut Bio Blanc de Blancs Blazer - 75cl","p":4.04,"u":"5,39 €/L","img":"https://fd6-photos.leclercdrive.fr/image.ashx?id=1693907&use=l&cat=p&typeid=i","cat":284544},{"id":109309,"n":"Bol semoule 8 mois Bio Village Bio Patate douce lait - 2x200g","p":2.49,"u":"6,23 €/KG","img":"https://fd6-photos.leclercdrive.fr/image.ashx?id=2704807&use=l&cat=p&typeid=i","cat":312239},{"id":109310,"n":"Bol Bio Village 6 mois bio Petits pois Riz Maïs - 2x200g","p":2.21,"u":"5,53 €/KG","img":"https://fd6-photos.leclercdrive.fr/image.ashx?id=2704819&use=l&cat=p&typeid=i","cat":312239},{"id":109317,"n":"Bol Bio village 6 mois Bio Ratatouille Quinoa - 2x200g","p":2.45,"u":"6,13 €/KG","img":"https://fd6-photos.leclercdrive.fr/image.ashx?id=2704822&use=l&cat=p&typeid=i","cat":312239},{"id":109322,"n":"Bol legume vert riz Bio Village Saumon bio - 6 mois - 2x200g","p":2.55,"u":"6,38 €/KG","img":"https://fd6-photos.leclercdrive.fr/image.ashx?id=2704792&use=l&cat=p&typeid=i","cat":312235},{"id":109348,"n":"Panaché Falsbourg <0.5% vol. Canettes - 6x33cl","p":3.11,"u":"1,57 €/L","img":"https://fd6-photos.leclercdrive.fr/image.ashx?id=2637958&use=l&cat=p&typeid=i","cat":334853},{"id":109399,"n":"Fine escalope de dinde noire La Nouvelle Agriculture- 100g","p":2.18,"u":"21,80 €/KG","img":"https://fd6-photos.leclercdrive.fr/image.ashx?id=2364282&use=l&cat=p&typeid=i","cat":284337},{"id":109418,"n":"Rillettes de Thon MSC Ronde des Mers - 125g","p":1.69,"u":"13,52 €/KG","img":"https://fd6-photos.leclercdrive.fr/image.ashx?id=2436696&use=l&cat=p&typeid=i","cat":303867},{"id":109437,"n":"Repas bébé Blédichef 12 mois  Couscous - 2x230g","p":3.75,"u":"8,15 €/KG","img":"https://fd6-photos.leclercdrive.fr/image.ashx?id=2479706&use=l&cat=p&typeid=i","cat":312237},{"id":109441,"n":"Thon entier MSC Pêche Océan Naturel - 140g","p":2.17,"u":"15,50 €/KG","img":"https://fd6-photos.leclercdrive.fr/image.ashx?id=2942211&use=l&cat=p&typeid=i","cat":303867},{"id":109444,"n":"Bol brocolis Bio Village Pomme de terre bio 4mois 2x120g","p":1.45,"u":"6,04 €/KG","img":"https://fd6-photos.leclercdrive.fr/image.ashx?id=2704756&use=l&cat=p&typeid=i","cat":312234},{"id":109447,"n":"Bol carottes Bio Village Bio - 4 mois - 2x120g","p":1.25,"u":"5,21 €/KG","img":"https://fd6-photos.leclercdrive.fr/image.ashx?id=2704768&use=l&cat=p&typeid=i","cat":312239},{"id":109449,"n":"Jus innocent ananas 900ml","p":3.35,"u":"3,72 €/L","img":"https://fd6-photos.leclercdrive.fr/image.ashx?id=2184732&use=l&cat=p&typeid=i","cat":285435},{"id":109451,"n":"Boisson lactée Danao Multivitaminé - 900ml","p":2.75,"u":"3,06 €/L","img":"https://fd6-photos.leclercdrive.fr/image.ashx?id=2637216&use=l&cat=p&typeid=i","cat":285435},{"id":109452,"n":"Bol potiron courge bio Bio Village - 4 mois - 2x120g","p":1.45,"u":"6,04 €/KG","img":"https://fd6-photos.leclercdrive.fr/image.ashx?id=2704816&use=l&cat=p&typeid=i","cat":312234},{"id":109455,"n":"Boisson lactée Danao Orange Banane Fraise - 900ml","p":2.8,"u":"3,11 €/L","img":"https://fd6-photos.leclercdrive.fr/image.ashx?id=2609908&use=l&cat=p&typeid=i","cat":285435},{"id":109456,"n":"AOP Alsace Sylvaner sec Wolfberger 75 cl","p":4.95,"u":"6,60 €/L","img":"https://fd6-photos.leclercdrive.fr/image.ashx?id=2692329&use=l&cat=p&typeid=i","cat":289557},{"id":109457,"n":"Boisson lactée Danao Pêche Abricot - 900ml","p":2.68,"u":"2,98 €/L","img":"https://fd6-photos.leclercdrive.fr/image.ashx?id=2606367&use=l&cat=p&typeid=i","cat":285435},{"id":109509,"n":"crème dessert café danette - 4x125g","p":1.65,"u":"3,30 €/KG","img":"https://fd6-photos.leclercdrive.fr/image.ashx?id=2961867&use=l&cat=p&typeid=i","cat":285041},{"id":109548,"n":"Olives vertes bio Bio Village - 160g","p":2.79,"u":"17,44 €/KG","img":"https://fd6-photos.leclercdrive.fr/image.ashx?id=2552448&use=l&cat=p&typeid=i","cat":284450},{"id":109565,"n":"Thon entier MSC Pêche Océan Naturel - 93g","p":1.99,"u":"21,40 €/KG","img":"https://fd6-photos.leclercdrive.fr/image.ashx?id=2942217&use=l&cat=p&typeid=i","cat":303867},{"id":109567,"n":"AdBlue Diframa avec flexible 5L","p":7.9,"u":"1,58 €/L","img":"https://fd6-photos.leclercdrive.fr/image.ashx?id=1867723&use=l&cat=p&typeid=i","cat":298253},{"id":109577,"n":"Recharge Électrique Glade Fleur de Vanille 20ml","p":3.77,"img":"https://fd6-photos.leclercdrive.fr/image.ashx?id=2600776&use=l&cat=p&typeid=i","cat":311629},{"id":109579,"n":"Pain de mie 100% Mie Harrys Nature sans sucre ajouté - 500g","p":2.41,"u":"4,82 €/KG","img":"https://fd6-photos.leclercdrive.fr/image.ashx?id=2517477&use=l&cat=p&typeid=i","cat":284477},{"id":109580,"n":"Terrine de campagne Bio Village Bio - 180g","p":2.79,"u":"15,50 €/KG","img":"https://fd6-photos.leclercdrive.fr/image.ashx?id=1710227&use=l&cat=p&typeid=i","cat":305149},{"id":109587,"n":"Diffuseur électrique Glade + Recharge Bois de Santal 20ml","p":5.26,"img":"https://fd6-photos.leclercdrive.fr/image.ashx?id=2864152&use=l&cat=p&typeid=i","cat":311629},{"id":109589,"n":"Mouchoirs Balsam Kleenex® Etuis regular x10","p":2.1,"u":"0,21 €/P","img":"https://fd6-photos.leclercdrive.fr/image.ashx?id=2840304&use=l&cat=p&typeid=i","cat":284638},{"id":109607,"n":"Skyr Danone nature 0%mg - 480g","p":3.35,"u":"6,98 €/KG","img":"https://fd6-photos.leclercdrive.fr/image.ashx?id=2810615&use=l&cat=p&typeid=i","cat":284409},{"id":109609,"n":"Petit suisse nature Gervais 3,9% MG - 12x60g","p":2.7,"u":"3,75 €/KG","img":"https://fd6-photos.leclercdrive.fr/image.ashx?id=2256757&use=l&cat=p&typeid=i","cat":284409},{"id":109627,"n":"Crème dessert Danette vanille lit de chocolat -4x125g","p":1.7,"u":"3,40 €/KG","img":"https://fd6-photos.leclercdrive.fr/image.ashx?id=2939187&use=l&cat=p&typeid=i","cat":285041},{"id":109638,"n":"Thon Pêche Océan Huile de tournesol - 120g","p":1.65,"u":"13,75 €/KG","img":"https://fd6-photos.leclercdrive.fr/image.ashx?id=1695684&use=l&cat=p&typeid=i","cat":303867},{"id":109644,"n":"Boisson gazeuse Sprink's Ananas - 1.5L","p":1.35,"u":"0,90 €/L","img":"https://fd6-photos.leclercdrive.fr/image.ashx?id=2304917&use=l&cat=p&typeid=i","cat":284532},{"id":109661,"n":"Boisson gazeuse Sprink's Orange - 1.5L","p":1.35,"u":"0,90 €/L","img":"https://fd6-photos.leclercdrive.fr/image.ashx?id=2304920&use=l&cat=p&typeid=i","cat":284532},{"id":109664,"n":"Tomato Ketchup Allégé Heinz 50% sucre/sel en moins - 625g","p":3.55,"u":"5,68 €/KG","img":"https://fd6-photos.leclercdrive.fr/image.ashx?id=2927717&use=l&cat=p&typeid=i","cat":284455},{"id":109666,"n":"Café en grains L'OR Sélection 100% Arabica N° 6 1kg","p":18.61,"u":"18,61 €/KG","img":"https://fd6-photos.leclercdrive.fr/image.ashx?id=3000483&use=l&cat=p&typeid=i","cat":293237},{"id":109670,"n":"Compotes Pom'Potes Gourdes  Mix de Pommes - 20x90g","p":7.38,"u":"4,10 €/KG","img":"https://fd6-photos.leclercdrive.fr/image.ashx?id=2563349&use=l&cat=p&typeid=i","cat":284508},{"id":109742,"n":"Jus pour bébé NATURNES BIO Poire Abricot 6M+ - 20cl","p":0.95,"u":"4,75 €/L","img":"https://fd6-photos.leclercdrive.fr/image.ashx?id=2532258&use=l&cat=p&typeid=i","cat":312388},{"id":109749,"n":"Liquide de rinçage Uni Vert Lave-vaisselle Ecologique-750ml","p":1.99,"u":"2,65 €/L","img":"https://fd6-photos.leclercdrive.fr/image.ashx?id=2184134&use=l&cat=p&typeid=i","cat":284657},{"id":109753,"n":"Sauce crudité Amora Nature - 380ml","p":1.92,"u":"5,05 €/KG","img":"https://fd6-photos.leclercdrive.fr/image.ashx?id=2644995&use=l&cat=p&typeid=i","cat":284456},{"id":109763,"n":"Assiette dessert Eco+ Opale 20cm - 1 pièce","p":0.77,"img":"https://fd6-photos.leclercdrive.fr/image.ashx?id=1706760&use=l&cat=p&typeid=i","cat":334134},{"id":109765,"n":"Assiette plate Ardence 28cm rouge - 1 pièce","p":2.7,"img":"https://fd6-photos.leclercdrive.fr/image.ashx?id=1700851&use=l&cat=p&typeid=i","cat":334134},{"id":109766,"n":"Assiette dessert Ardence 20 cm rouge faïence - 1 pièce","p":1.9,"img":"https://fd6-photos.leclercdrive.fr/image.ashx?id=1706766&use=l&cat=p&typeid=i","cat":334134},{"id":109856,"n":"AOP Vin d'Alsace Pinot blanc vin blanc Rebmann - 75 cl","p":4.99,"u":"6,65 €/L","img":"https://fd6-photos.leclercdrive.fr/image.ashx?id=2965524&use=l&cat=p&typeid=i","cat":289557},{"id":109857,"n":"AOC Luberon Rouge Rives & Terrasses - 75cl","p":3.49,"u":"4,65 €/L","img":"https://fd6-photos.leclercdrive.fr/image.ashx?id=2756888&use=l&cat=p&typeid=i","cat":289556},{"id":109873,"n":"Pur jus de pomme Jafaden Douceur - 1L","p":1.5,"u":"1,50 €/L","img":"https://fd6-photos.leclercdrive.fr/image.ashx?id=2863178&use=l&cat=p&typeid=i","cat":284522},{"id":109892,"n":"Soda Coca-Cola Cherry Bouteille - 1,25L","p":1.77,"u":"1,42 €/L","img":"https://fd6-photos.leclercdrive.fr/image.ashx?id=2678161&use=l&cat=p&typeid=i","cat":284530},{"id":109893,"n":"Soda Coca-Cola Vanille Bouteille - 1,25L","p":1.77,"u":"1,42 €/L","img":"https://fd6-photos.leclercdrive.fr/image.ashx?id=2678164&use=l&cat=p&typeid=i","cat":284530},{"id":109918,"n":"Pur jus clementine Eco+ Orange Raisin - 1L","p":1.83,"u":"1,83 €/L","img":"https://fd6-photos.leclercdrive.fr/image.ashx?id=2869763&use=l&cat=p&typeid=i","cat":284917},{"id":109919,"n":"IGP Pays d'Oc vin rouge Vieux Carion 12.5% vol - BIB 5L","p":11.99,"u":"2,40 €/L","img":"https://fd6-photos.leclercdrive.fr/image.ashx?id=2891914&use=l&cat=p&typeid=i","cat":289560},{"id":110000,"n":"Cornichons fins AMORA Bocal - 540g","p":3.89,"u":"7,20 €/KG","img":"https://fd6-photos.leclercdrive.fr/image.ashx?id=2672710&use=l&cat=p&typeid=i","cat":284458},{"id":110005,"n":"Repas bébé Blédichef 12 mois  Riz légumes poulet - 2x230g","p":3.98,"u":"8,65 €/KG","img":"https://fd6-photos.leclercdrive.fr/image.ashx?id=2361843&use=l&cat=p&typeid=i","cat":312237},{"id":110007,"n":"Tam Tam l'Original Saint-Michel - 275g","p":1.97,"u":"7,16 €/KG","img":"https://fd6-photos.leclercdrive.fr/image.ashx?id=2936239&use=l&cat=p&typeid=i","cat":284495},{"id":110009,"n":"Boisson végétale Bio Village Epeautre bio - 1l","p":1.9,"u":"1,90 €/L","img":"https://fd6-photos.leclercdrive.fr/image.ashx?id=2384935&use=l&cat=p&typeid=i","cat":316067},{"id":110022,"n":"Chien Medium/maxi Adulte One  Contrôle de poids - dinde 2.5kg","p":8.25,"u":"3,30 €/KG","img":"https://fd6-photos.leclercdrive.fr/image.ashx?id=2434494&use=l&cat=p&typeid=i","cat":284672},{"id":110039,"n":"Boisson amande Nat & Vie Sans sucre - 1L","p":1.36,"u":"1,36 €/L","img":"https://fd6-photos.leclercdrive.fr/image.ashx?id=2882340&use=l&cat=p&typeid=i","cat":316067},{"id":110048,"n":"Tendres effilés Chats Felix Encore plus de sauce 12x85g","p":4.95,"u":"4,85 €/KG","img":"https://fd6-photos.leclercdrive.fr/image.ashx?id=2957662&use=l&cat=p&typeid=i","cat":285286},{"id":110058,"n":"Crêpe fourrée Whaou Chocolat - x24 - 768g","p":4.05,"u":"5,27 €/KG","img":"https://fd6-photos.leclercdrive.fr/image.ashx?id=2955818&use=l&cat=p&typeid=i","cat":284494},{"id":110071,"n":"Mini Pizzas Fromage Turini  x9 - 270g","p":2.09,"u":"7,74 €/KG","img":"https://fd6-photos.leclercdrive.fr/image.ashx?id=1702062&use=l&cat=p&typeid=i","cat":319822},{"id":110086,"n":"Joker Le Fruit Jus d'orange Et d'agrumes - 1L","p":2.76,"u":"2,76 €/L","img":"https://fd6-photos.leclercdrive.fr/image.ashx?id=2678960&use=l&cat=p&typeid=i","cat":284521},{"id":110087,"n":"Joker Le Fruit Jus multifruits exotiques - 1L","p":2.15,"u":"2,15 €/L","img":"https://fd6-photos.leclercdrive.fr/image.ashx?id=2826864&use=l&cat=p&typeid=i","cat":284917},{"id":110095,"n":"Sauce chinoise 290g","p":1.79,"u":"6,17 €/KG","img":"https://fd6-photos.leclercdrive.fr/image.ashx?id=1951139&use=l&cat=p&typeid=i","cat":318431},{"id":110100,"n":"Gaufres chocolat noisettes 272g","p":2.29,"u":"8,42 €/KG","img":"https://fd6-photos.leclercdrive.fr/image.ashx?id=2579378&use=l&cat=p&typeid=i","cat":294777},{"id":110101,"n":"Huile d'olive vierge extra 1.5L","p":12.9,"u":"8,60 €/L","img":"https://fd6-photos.leclercdrive.fr/image.ashx?id=2898035&use=l&cat=p&typeid=i","cat":284453},{"id":110103,"n":"Huile d'olive vierge extra 25cl","p":2.89,"u":"11,56 €/L","img":"https://fd6-photos.leclercdrive.fr/image.ashx?id=2892349&use=l&cat=p&typeid=i","cat":284453},{"id":110130,"n":"Dessert lacté Bio Village Bio - Abricot 6-9 mois 4x100g","p":2.04,"u":"5,10 €/KG","img":"https://fd6-photos.leclercdrive.fr/image.ashx?id=2709752&use=l&cat=p&typeid=i","cat":312392},{"id":110133,"n":"Dessert lacté bio Bio Village Fraise brassé - 6-9 mois 4x100g","p":2.09,"u":"5,23 €/KG","img":"https://fd6-photos.leclercdrive.fr/image.ashx?id=2709755&use=l&cat=p&typeid=i","cat":312392},{"id":110139,"n":"Dessert lacté bio Bio Village Brassé nature sucré - 4x100g","p":2.12,"u":"5,30 €/KG","img":"https://fd6-photos.leclercdrive.fr/image.ashx?id=2709761&use=l&cat=p&typeid=i","cat":312392},{"id":110146,"n":"Matière grasse Rustica Tournesol -60%MG -1/2 sel -500G","p":1.75,"u":"3,50 €/KG","img":"https://fd6-photos.leclercdrive.fr/image.ashx?id=2949421&use=l&cat=p&typeid=i","cat":315229},{"id":110150,"n":"Bol légumes  Bio Village Bio Poulet - 8mois - 2x200g","p":2.49,"u":"6,23 €/KG","img":"https://fd6-photos.leclercdrive.fr/image.ashx?id=2704780&use=l&cat=p&typeid=i","cat":312236},{"id":110159,"n":"Bol légumes saumon Bio Village Bio - 12 mois - 2x200g","p":2.69,"u":"6,73 €/KG","img":"https://fd6-photos.leclercdrive.fr/image.ashx?id=2704783&use=l&cat=p&typeid=i","cat":312237},{"id":110178,"n":"Radis ronds  Panier du Primeur - 250g","p":0.99,"u":"3,96 €/KG","img":"https://fd6-photos.leclercdrive.fr/image.ashx?id=3015117&use=l&cat=p&typeid=i","cat":284352},{"id":110179,"n":"Bol risotto Tomate Bio Village Aubergine bio - 2x200g","p":2.55,"u":"6,38 €/KG","img":"https://fd6-photos.leclercdrive.fr/image.ashx?id=2704825&use=l&cat=p&typeid=i","cat":312237},{"id":110182,"n":"Bol Spaghetti Bio Village 8mois Bio Bolognaise - 2x200g","p":2.59,"u":"6,48 €/KG","img":"https://fd6-photos.leclercdrive.fr/image.ashx?id=2704828&use=l&cat=p&typeid=i","cat":312236},{"id":110440,"n":"Viande hachée tradition Charal Prêt à cuisiner 5%mg - 500g","p":10.95,"u":"21,90 €/KG","img":"https://fd6-photos.leclercdrive.fr/image.ashx?id=2014385&use=l&cat=p&typeid=i","cat":284332},{"id":110465,"n":"Classeur 4 anneaux Esquisse Blanc - 21x29.7cm","p":2.49,"img":"https://fd6-photos.leclercdrive.fr/image.ashx?id=1703803&use=l&cat=p&typeid=i","cat":284745},{"id":110556,"n":"Jus innocent plus  infatigableu 750ml","p":2.97,"u":"3,96 €/L","img":"https://fd6-photos.leclercdrive.fr/image.ashx?id=2862874&use=l&cat=p&typeid=i","cat":285435},{"id":110566,"n":"Crème dépilatoire Veet Men Corps Peaux Sensibles 200ml","p":4.38,"u":"21,90 €/L","img":"https://fd6-photos.leclercdrive.fr/image.ashx?id=2965689&use=l&cat=p&typeid=i","cat":284617},{"id":110568,"n":"Gel Lubrifiant Intime Durex Naturel Confort Base Eau 100ml","p":7.64,"u":"76,40 €/L","img":"https://fd6-photos.leclercdrive.fr/image.ashx?id=2960687&use=l&cat=p&typeid=i","cat":285160},{"id":110573,"n":"Culotte absorbante Chorys Plus médium - x14","p":7.93,"u":"0,57 €/P","img":"https://fd6-photos.leclercdrive.fr/image.ashx?id=2458109&use=l&cat=p&typeid=i","cat":284628},{"id":110574,"n":"Culotte absorbante Chorys Plus large - x14","p":8.65,"u":"0,62 €/P","img":"https://fd6-photos.leclercdrive.fr/image.ashx?id=2458112&use=l&cat=p&typeid=i","cat":284628},{"id":110575,"n":"Dentifrice Bionaïa Coco Aloe Vera bio - 75ml","p":1.99,"u":"26,53 €/L","img":"https://fd6-photos.leclercdrive.fr/image.ashx?id=2529549&use=l&cat=p&typeid=i","cat":284612},{"id":110577,"n":"Serviette incontinence Chorys Normal - x16","p":2.62,"u":"0,16 €/P","img":"https://fd6-photos.leclercdrive.fr/image.ashx?id=2393899&use=l&cat=p&typeid=i","cat":284628},{"id":110589,"n":"Serviette incontinence Chorys Super+ - x14","p":2.2,"u":"0,16 €/P","img":"https://fd6-photos.leclercdrive.fr/image.ashx?id=2162003&use=l&cat=p&typeid=i","cat":284628},{"id":110590,"n":"Recharge Électrique Glade Bois de Santal & Jasmin 20ml","p":3.77,"img":"https://fd6-photos.leclercdrive.fr/image.ashx?id=2600773&use=l&cat=p&typeid=i","cat":311629},{"id":110595,"n":"Gel Lave-Vaisselle Sun Tout-en-1 Expert Plus 52 Lavage","p":7.9,"u":"8,78 €/L","img":"https://fd6-photos.leclercdrive.fr/image.ashx?id=2835580&use=l&cat=p&typeid=i","cat":284656},{"id":110596,"n":"Poudre Lave Vaisselle Sun Classique 90 Lavages","p":9.02,"u":"3,16 €/KG","img":"https://fd6-photos.leclercdrive.fr/image.ashx?id=2866172&use=l&cat=p&typeid=i","cat":284656},{"id":110628,"n":"Burrata Galbani 150g","p":3.54,"u":"23,60 €/KG","img":"https://fd6-photos.leclercdrive.fr/image.ashx?id=2837592&use=l&cat=p&typeid=i","cat":314026},{"id":110645,"n":"Assiette plate Ardence 25cm - 1 pièce","p":1.99,"img":"https://fd6-photos.leclercdrive.fr/image.ashx?id=1704179&use=l&cat=p&typeid=i","cat":334134},{"id":110648,"n":"Assiette dessert Ardence 20cm - 1 pièce","p":1.29,"img":"https://fd6-photos.leclercdrive.fr/image.ashx?id=1704311&use=l&cat=p&typeid=i","cat":334134},{"id":110649,"n":"Assiette creuse Ardence Forme coupe - 1 pièce","p":1.99,"img":"https://fd6-photos.leclercdrive.fr/image.ashx?id=1704314&use=l&cat=p&typeid=i","cat":334134},{"id":110651,"n":"Assiette plate Tokyo Ardence Carré 24x24cm - 1 pièce","p":3.5,"img":"https://fd6-photos.leclercdrive.fr/image.ashx?id=1704317&use=l&cat=p&typeid=i","cat":334134},{"id":110656,"n":"Bocal Le Parfait Super 1/2 litre - Pack de 6","p":15.55,"u":"2,59 €/P","img":"https://fd6-photos.leclercdrive.fr/image.ashx?id=2807462&use=l&cat=p&typeid=i","cat":284710},{"id":110664,"n":"Bol parisien Eco+ Transparent 51cl - 1 pièce","p":1.08,"img":"https://fd6-photos.leclercdrive.fr/image.ashx?id=1704284&use=l&cat=p&typeid=i","cat":334134},{"id":110666,"n":"Bol à côtes Ardence Rouge 14cm - 1 pièce","p":2.2,"img":"https://fd6-photos.leclercdrive.fr/image.ashx?id=1704293&use=l&cat=p&typeid=i","cat":334134},{"id":110676,"n":"Riz cuisine Bio Village Fluide bio - 3x20cl","p":2.49,"u":"4,15 €/KG","img":"https://fd6-photos.leclercdrive.fr/image.ashx?id=2717260&use=l&cat=p&typeid=i","cat":288381},{"id":110677,"n":"Couteau Le Couteau du chef De cuisine 17cm - 1 pièce","p":7.25,"img":"https://fd6-photos.leclercdrive.fr/image.ashx?id=1889893&use=l&cat=p&typeid=i","cat":334135},{"id":110678,"n":"Bouillon cube Bio Village Volaille Bio - x8 - 80g","p":1.43,"u":"17,88 €/KG","img":"https://fd6-photos.leclercdrive.fr/image.ashx?id=2140950&use=l&cat=p&typeid=i","cat":288379},{"id":110688,"n":"Saladier Ardence Rouge 25cm - 1 pièce","p":6.5,"img":"https://fd6-photos.leclercdrive.fr/image.ashx?id=1704302&use=l&cat=p&typeid=i","cat":334134},{"id":110694,"n":"Mug Ardence Rouge 38cl - 1 pièce","p":1.9,"img":"https://fd6-photos.leclercdrive.fr/image.ashx?id=1704296&use=l&cat=p&typeid=i","cat":334134},{"id":110707,"n":"Beurre gastronomique Les Croisé Doux - 82% MG - 250g","p":2.49,"u":"9,96 €/KG","img":"https://fd6-photos.leclercdrive.fr/image.ashx?id=2833005&use=l&cat=p&typeid=i","cat":284379},{"id":110708,"n":"Beurre Les Croisés Demi-sel - 80% MG - 250g","p":2.49,"u":"9,96 €/KG","img":"https://fd6-photos.leclercdrive.fr/image.ashx?id=2778084&use=l&cat=p&typeid=i","cat":284379},{"id":110712,"n":"Boisson lacté Délisse Vanille - 6x20cl","p":2.19,"u":"1,83 €/L","img":"https://fd6-photos.leclercdrive.fr/image.ashx?id=2171916&use=l&cat=p&typeid=i","cat":295246},{"id":110741,"n":"Sel gros réduit Cerebos Sodium 33% - 700g","p":4.17,"u":"5,96 €/KG","img":"https://fd6-photos.leclercdrive.fr/image.ashx?id=2580937&use=l&cat=p&typeid=i","cat":284457},{"id":110767,"n":"Tasse Ardence 9cl - 1 pièce","p":0.9,"img":"https://fd6-photos.leclercdrive.fr/image.ashx?id=1704508&use=l&cat=p&typeid=i","cat":334134},{"id":110776,"n":"Eplucheur Ardence 1 pièce","p":2.9,"img":"https://fd6-photos.leclercdrive.fr/image.ashx?id=1704556&use=l&cat=p&typeid=i","cat":334135},{"id":110782,"n":"Plat rond Diwali Luminarc Blanc 26cm - 1 pièce","p":8.5,"img":"https://fd6-photos.leclercdrive.fr/image.ashx?id=1853106&use=l&cat=p&typeid=i","cat":334134},{"id":110786,"n":"Plat à cake porcelaine 1 pièce","p":5.5,"img":"https://fd6-photos.leclercdrive.fr/image.ashx?id=1704547&use=l&cat=p&typeid=i","cat":334134},{"id":110810,"n":"Couteau Le couteau du chef à pain Classic - 1 pièce","p":4.49,"img":"https://fd6-photos.leclercdrive.fr/image.ashx?id=2528310&use=l&cat=p&typeid=i","cat":334135},{"id":110813,"n":"Coupelle Ardence 1 pièce","p":1.2,"img":"https://fd6-photos.leclercdrive.fr/image.ashx?id=1705093&use=l&cat=p&typeid=i","cat":334134},{"id":110815,"n":"Terrine Le Parfait Super 500 grammes - Pack de 6","p":21.7,"u":"3,62 €/P","img":"https://fd6-photos.leclercdrive.fr/image.ashx?id=2503692&use=l&cat=p&typeid=i","cat":284710},{"id":110824,"n":"Couteau office lisse Nogent Lame pointue 9cm bois teinté-x1","p":4.5,"img":"https://fd6-photos.leclercdrive.fr/image.ashx?id=1885248&use=l&cat=p&typeid=i","cat":334135},{"id":110825,"n":"Couteau office crantée Nogent Lame pointue 9cm bois teinté-x1","p":4.5,"img":"https://fd6-photos.leclercdrive.fr/image.ashx?id=1885251&use=l&cat=p&typeid=i","cat":334135},{"id":110827,"n":"Jus pour bébé Naturnes Bio Pomme mangue 6M+ 20cl","p":0.78,"u":"3,90 €/L","img":"https://fd6-photos.leclercdrive.fr/image.ashx?id=2406235&use=l&cat=p&typeid=i","cat":312388},{"id":110835,"n":"Verre à pied Borgonovo 19cl London - 1 pièce","p":1.3,"img":"https://fd6-photos.leclercdrive.fr/image.ashx?id=1878122&use=l&cat=p&typeid=i","cat":334134},{"id":110845,"n":"Huile végétale So'Bio Etic Amande douce bio - 50ml","p":4.63,"u":"92,60 €/L","img":"https://fd6-photos.leclercdrive.fr/image.ashx?id=2827956&use=l&cat=p&typeid=i","cat":325349},{"id":110846,"n":"Huile végétale So'Bio Etic de ricin bio - 50ml","p":4.97,"u":"99,40 €/L","img":"https://fd6-photos.leclercdrive.fr/image.ashx?id=2752465&use=l&cat=p&typeid=i","cat":325349},{"id":110849,"n":"Dentifrice Bionaïa Charbon bio - 75ml","p":1.99,"u":"26,53 €/L","img":"https://fd6-photos.leclercdrive.fr/image.ashx?id=2529546&use=l&cat=p&typeid=i","cat":284612},{"id":110856,"n":"Pack bières blondes 8.6 8.6%vol - 4x50cl","p":5.36,"u":"2,68 €/L","img":"https://fd6-photos.leclercdrive.fr/image.ashx?id=2841601&use=l&cat=p&typeid=i","cat":334853},{"id":110857,"n":"Boisson effervescente base vin Désalcoolisé Diane D’Arria 75cl","p":2.79,"u":"3,72 €/L","img":"https://fd6-photos.leclercdrive.fr/image.ashx?id=2149728&use=l&cat=p&typeid=i","cat":289460},{"id":110858,"n":"Jus pour bébé Naturnes 6 mois Poire Banane Bio - 200ml","p":0.98,"u":"4,90 €/L","img":"https://fd6-photos.leclercdrive.fr/image.ashx?id=2406238&use=l&cat=p&typeid=i","cat":312388},{"id":110859,"n":"Bières blonde original 8.6 8.6%vol - 50cl","p":1.35,"u":"2,70 €/L","img":"https://fd6-photos.leclercdrive.fr/image.ashx?id=2112516&use=l&cat=p&typeid=i","cat":334853},{"id":110913,"n":"Sirop sport Grenadine - 60cl","p":2.19,"u":"3,65 €/L","img":"https://fd6-photos.leclercdrive.fr/image.ashx?id=1892348&use=l&cat=p&typeid=i","cat":295020},{"id":110928,"n":"Crème pamplemousse Giffard 16%vol - 50cl","p":5.5,"pp":4.95,"u":"9,90 €/L","img":"https://fd6-photos.leclercdrive.fr/image.ashx?id=2219156&use=l&cat=p&typeid=i","cat":286032},{"id":110939,"n":"DOC d'Italie Prosecco Signore  Giuseppe extra-sec - 75cl","p":5.84,"u":"7,79 €/L","img":"https://fd6-photos.leclercdrive.fr/image.ashx?id=2767446&use=l&cat=p&typeid=i","cat":289461},{"id":111207,"n":"Jenlain ambrée 75cl","p":2.7,"u":"3,60 €/L","img":"https://fd6-photos.leclercdrive.fr/image.ashx?id=2732848&use=l&cat=p&typeid=i","cat":334852},{"id":111211,"n":"Pain de mie La Boulangère Seigle graines - 500g","p":1.91,"u":"3,82 €/KG","img":"https://fd6-photos.leclercdrive.fr/image.ashx?id=2912425&use=l&cat=p&typeid=i","cat":284477},{"id":111242,"n":"Emmental râpé Paysan Breton 150g + 50g offert","p":1.61,"u":"8,05 €/KG","img":"https://fd6-photos.leclercdrive.fr/image.ashx?id=2947847&use=l&cat=p&typeid=i","cat":314035},{"id":111365,"n":"Lardons Eco+ Fumés - 180g","p":1.32,"u":"7,33 €/KG","img":"https://fd6-photos.leclercdrive.fr/image.ashx?id=2805066&use=l&cat=p&typeid=i","cat":316011},{"id":111368,"n":"Lardons nature Eco+ 180g","p":1.2,"u":"6,67 €/KG","img":"https://fd6-photos.leclercdrive.fr/image.ashx?id=2809888&use=l&cat=p&typeid=i","cat":316011},{"id":111369,"n":"Allumettes Eco+ Fumées - 2x100g","p":1.17,"u":"5,85 €/KG","img":"https://fd6-photos.leclercdrive.fr/image.ashx?id=2688258&use=l&cat=p&typeid=i","cat":316011},{"id":111385,"n":"Croquette chat stérilisé Ultima Boeuf - 1.5kg","p":6.92,"u":"4,61 €/KG","img":"https://fd6-photos.leclercdrive.fr/image.ashx?id=2921903&use=l&cat=p&typeid=i","cat":284680},{"id":111414,"n":"Repas bébé Blédichef 12 mois  Spaghetti bolognaise - 230g","p":1.75,"u":"7,61 €/KG","img":"https://fd6-photos.leclercdrive.fr/image.ashx?id=2643491&use=l&cat=p&typeid=i","cat":312237},{"id":111415,"n":"Repas bébé Blédichef 12 mois Purée épinards saumon - 230g","p":1.76,"u":"7,04 €/KG","img":"https://fd6-photos.leclercdrive.fr/image.ashx?id=1710731&use=l&cat=p&typeid=i","cat":312237},{"id":111418,"n":"Repas bébé Blédichef 15 mois Risotto courgette saumon - 250g","p":1.98,"u":"7,92 €/KG","img":"https://fd6-photos.leclercdrive.fr/image.ashx?id=2643488&use=l&cat=p&typeid=i","cat":312238},{"id":111419,"n":"Repas bébé Blédichef 24 mois  Macaroni carotte boeuf - 250g","p":1.98,"u":"7,92 €/KG","img":"https://fd6-photos.leclercdrive.fr/image.ashx?id=2951593&use=l&cat=p&typeid=i","cat":312238},{"id":111420,"n":"Compotes Materne Coupelles  Pomme Nature - 12x100g","p":4.09,"u":"3,41 €/KG","img":"https://fd6-photos.leclercdrive.fr/image.ashx?id=3010867&use=l&cat=p&typeid=i","cat":284508},{"id":111422,"n":"Compotes Pom'Potes Gourdes  Pomm P. Frais P. Framb - 32x90g","p":12.52,"u":"4,35 €/KG","img":"https://fd6-photos.leclercdrive.fr/image.ashx?id=2870182&use=l&cat=p&typeid=i","cat":284508},{"id":111424,"n":"Repas bébé Blédichef 12 mois  Hachis parmentier - 230g","p":1.69,"u":"7,35 €/KG","img":"https://fd6-photos.leclercdrive.fr/image.ashx?id=2478571&use=l&cat=p&typeid=i","cat":312237},{"id":111425,"n":"Chips lentilles Vico Fines herbes - 85g","p":1.67,"u":"19,65 €/KG","img":"https://fd6-photos.leclercdrive.fr/image.ashx?id=3000096&use=l&cat=p&typeid=i","cat":284447},{"id":111426,"n":"Chips lentille Vico Tomate mozzarella - 85g","p":1.95,"u":"22,94 €/KG","img":"https://fd6-photos.leclercdrive.fr/image.ashx?id=2989255&use=l&cat=p&typeid=i","cat":284447},{"id":111428,"n":"Thé vert citron vert Twinings Gingembre - 20 sachets - 32g","p":2.88,"u":"90,00 €/KG","img":"https://fd6-photos.leclercdrive.fr/image.ashx?id=2893042&use=l&cat=p&typeid=i","cat":293233},{"id":111432,"n":"Plat bébé soir Blédichef 15mois Pomme de terre chou fleur -250g","p":1.93,"u":"7,72 €/KG","img":"https://fd6-photos.leclercdrive.fr/image.ashx?id=2479018&use=l&cat=p&typeid=i","cat":312239},{"id":111433,"n":"Repas bébé Blédichef 18 mois  Paëlla - 250g","p":1.84,"u":"7,36 €/KG","img":"https://fd6-photos.leclercdrive.fr/image.ashx?id=2951587&use=l&cat=p&typeid=i","cat":312238},{"id":111435,"n":"Repas bébé Blédichef 18 mois  Ratatouille poulet - 250g","p":1.91,"u":"7,64 €/KG","img":"https://fd6-photos.leclercdrive.fr/image.ashx?id=2951596&use=l&cat=p&typeid=i","cat":312238},{"id":111467,"n":"Fricandelles de volaille 20x70g","p":4.79,"u":"3,42 €/KG","img":"https://fd6-photos.leclercdrive.fr/image.ashx?id=2569980&use=l&cat=p&typeid=i","cat":319780},{"id":111587,"n":"Café dosettes Tassimo L'Or XL Classique x16","p":4.87,"u":"35,81 €/KG","img":"https://fd6-photos.leclercdrive.fr/image.ashx?id=2100308&use=l&cat=p&typeid=i","cat":293240},{"id":111590,"n":"Capsules café L'Or Espresso Lungo Mattinata N°5 x10","p":3.57,"u":"68,65 €/KG","img":"https://fd6-photos.leclercdrive.fr/image.ashx?id=3002309&use=l&cat=p&typeid=i","cat":284749},{"id":111641,"n":"Pur jus d'ananas Bio Village Bio - 6x20cl","p":4.98,"u":"4,15 €/L","img":"https://fd6-photos.leclercdrive.fr/image.ashx?id=2595052&use=l&cat=p&typeid=i","cat":284916},{"id":111644,"n":"Nectar multifruits Bio Village Bio - 1.5L","p":1.92,"u":"1,28 €/L","img":"https://fd6-photos.leclercdrive.fr/image.ashx?id=2954130&use=l&cat=p&typeid=i","cat":284917},{"id":111645,"n":"Nectar de pomme Bio Village Bio - 1.5L","p":1.81,"u":"1,21 €/L","img":"https://fd6-photos.leclercdrive.fr/image.ashx?id=2954133&use=l&cat=p&typeid=i","cat":284522},{"id":111695,"n":"Boisson lactée  Bio Candy'UP Chocolat - 4x20cl","p":2.41,"u":"3,01 €/L","img":"https://fd6-photos.leclercdrive.fr/image.ashx?id=1984945&use=l&cat=p&typeid=i","cat":295246},{"id":111700,"n":"Citronnade Bio Village Bio - 1L","p":1.24,"u":"1,24 €/L","img":"https://fd6-photos.leclercdrive.fr/image.ashx?id=2655719&use=l&cat=p&typeid=i","cat":295018},{"id":111749,"n":"Dés de fromage aux noix Petit Marché - 120g","p":2.29,"u":"19,08 €/KG","img":"https://fd6-photos.leclercdrive.fr/image.ashx?id=2511558&use=l&cat=p&typeid=i","cat":314027},{"id":111785,"n":"Soda Pepsi Cola cerise sans sucres - 1.5L","p":1.64,"u":"1,09 €/L","img":"https://fd6-photos.leclercdrive.fr/image.ashx?id=2734924&use=l&cat=p&typeid=i","cat":284530},{"id":111828,"n":"Compote Charles & Alice Pommes Framboises - 4x100g","p":1.76,"u":"4,40 €/KG","img":"https://fd6-photos.leclercdrive.fr/image.ashx?id=2757341&use=l&cat=p&typeid=i","cat":284416},{"id":111893,"n":"Crème anti-crevasses Primoplast Talons - 60ml","p":2.89,"u":"48,17 €/L","img":"https://fd6-photos.leclercdrive.fr/image.ashx?id=2856567&use=l&cat=p&typeid=i","cat":325354},{"id":111894,"n":"Coloration Perfect Mousse  Schwarzkopf - 668 noisette","p":6.64,"img":"https://fd6-photos.leclercdrive.fr/image.ashx?id=2856709&use=l&cat=p&typeid=i","cat":288899},{"id":111895,"n":"Coloration Perfect Mousse Schwarzkopf - 500 châtain","p":7.13,"img":"https://fd6-photos.leclercdrive.fr/image.ashx?id=2970882&use=l&cat=p&typeid=i","cat":288899},{"id":111896,"n":"Coloration Perfect Mousse Schwarzkopf - 200 noir","p":6.57,"img":"https://fd6-photos.leclercdrive.fr/image.ashx?id=2970885&use=l&cat=p&typeid=i","cat":288899},{"id":111898,"n":"Coloration permanente Garnier Châtain foncé pur 3.0 Olia","p":8.45,"u":"70,42 €/L","img":"https://fd6-photos.leclercdrive.fr/image.ashx?id=2323619&use=l&cat=p&typeid=i","cat":288899},{"id":111899,"n":"Coloration Perfect Mousse Schwarzkopf - 465 châtain choco","p":6.84,"img":"https://fd6-photos.leclercdrive.fr/image.ashx?id=2921555&use=l&cat=p&typeid=i","cat":288899},{"id":111900,"n":"Coloration Permanente Olia 4.0 Chatain Pur sans ammoniaque","p":8.7,"img":"https://fd6-photos.leclercdrive.fr/image.ashx?id=2471319&use=l&cat=p&typeid=i","cat":288899},{"id":111901,"n":"Coloration Permanente Olia 4.15 Marron Glacé","p":8.39,"img":"https://fd6-photos.leclercdrive.fr/image.ashx?id=2471322&use=l&cat=p&typeid=i","cat":288899},{"id":111902,"n":"Coloration Permanente Olia 5.0 Chatain Clair","p":8.45,"img":"https://fd6-photos.leclercdrive.fr/image.ashx?id=2471325&use=l&cat=p&typeid=i","cat":288899},{"id":111903,"n":"Coloration Permanente Olia 5.3 Chatain Clair Doré","p":8.93,"img":"https://fd6-photos.leclercdrive.fr/image.ashx?id=2520494&use=l&cat=p&typeid=i","cat":288899},{"id":111906,"n":"Déodorant compressé Ushuaïa Grenade - 100ml","p":3.08,"u":"30,80 €/L","img":"https://fd6-photos.leclercdrive.fr/image.ashx?id=2474608&use=l&cat=p&typeid=i","cat":284595},{"id":111908,"n":"Huile d'amande douce Primoplast 100ml","p":3.25,"u":"32,50 €/L","img":"https://fd6-photos.leclercdrive.fr/image.ashx?id=2856573&use=l&cat=p&typeid=i","cat":284630},{"id":111910,"n":"Gommage tube Manava 150ml","p":1.99,"u":"13,27 €/L","img":"https://fd6-photos.leclercdrive.fr/image.ashx?id=2515691&use=l&cat=p&typeid=i","cat":284594},{"id":111911,"n":"Crème anti-rides Bionaïa Bio - 50ml","p":5.59,"u":"111,80 €/L","img":"https://fd6-photos.leclercdrive.fr/image.ashx?id=2436702&use=l&cat=p&typeid=i","cat":325345},{"id":111912,"n":"AOP Côtes du Rhône rouge - 14% Cellier des Dauphins - 75 cl","p":5.91,"u":"7,88 €/L","img":"https://fd6-photos.leclercdrive.fr/image.ashx?id=1954469&use=l&cat=p&typeid=i","cat":289556},{"id":111914,"n":"Bière ambrée Grimbergen 6,5° - 12x25cl","p":10.43,"u":"3,48 €/L","img":"https://fd6-photos.leclercdrive.fr/image.ashx?id=2294378&use=l&cat=p&typeid=i","cat":334852},{"id":111916,"n":"Shampooing Nat&Nove Bio Cheveux gras - 250ml","p":4.71,"u":"18,84 €/L","img":"https://fd6-photos.leclercdrive.fr/image.ashx?id=2520389&use=l&cat=p&typeid=i","cat":284606},{"id":111921,"n":"Dessert végétal soja Alpro Mangue sans sucres - 400g","p":2.16,"u":"5,40 €/KG","img":"https://fd6-photos.leclercdrive.fr/image.ashx?id=2976086&use=l&cat=p&typeid=i","cat":316071},{"id":111938,"n":"Bière blonde Affligem  Sans alcool - 6x25cl","p":5.02,"u":"3,35 €/L","img":"https://fd6-photos.leclercdrive.fr/image.ashx?id=2979695&use=l&cat=p&typeid=i","cat":334877},{"id":111972,"n":"Serviettes Discreet Tena Lady Extra Plus - x16","p":5.78,"u":"0,36 €/P","img":"https://fd6-photos.leclercdrive.fr/image.ashx?id=2597250&use=l&cat=p&typeid=i","cat":284628},{"id":111987,"n":"Repas bébé Blédichef 18 mois  Pâtes boeuf bourguignon - 250g","p":1.98,"u":"7,92 €/KG","img":"https://fd6-photos.leclercdrive.fr/image.ashx?id=2643746&use=l&cat=p&typeid=i","cat":312238},{"id":111988,"n":"Plat bébé soir Blédichef 18mois Pâtes carotte - 250g","p":1.8,"u":"7,20 €/KG","img":"https://fd6-photos.leclercdrive.fr/image.ashx?id=2479024&use=l&cat=p&typeid=i","cat":312239},{"id":111989,"n":"Plat bébé soir Blédichef 12mois Semoule carotte - 230g","p":1.72,"u":"7,48 €/KG","img":"https://fd6-photos.leclercdrive.fr/image.ashx?id=2852363&use=l&cat=p&typeid=i","cat":312239},{"id":111990,"n":"Plat bébé soir Blédichef 18mois Pâtes épinards carotte - 250g","p":1.95,"u":"7,80 €/KG","img":"https://fd6-photos.leclercdrive.fr/image.ashx?id=2479027&use=l&cat=p&typeid=i","cat":312239},{"id":111991,"n":"Repas bébé Blédichef 18 mois  Légumes volaille basquaise-250g","p":1.96,"u":"7,84 €/KG","img":"https://fd6-photos.leclercdrive.fr/image.ashx?id=2852369&use=l&cat=p&typeid=i","cat":312238},{"id":112001,"n":"Recharge Power Tabs Rubson Aero Neutre - Lot de 6","p":28.82,"img":"https://fd6-photos.leclercdrive.fr/image.ashx?id=1971368&use=l&cat=p&typeid=i","cat":300576},{"id":112017,"n":"AOP Côtes du Marmandais La Vieille Eglise - 3L","p":12.25,"u":"4,08 €/L","img":"https://fd6-photos.leclercdrive.fr/image.ashx?id=2022453&use=l&cat=p&typeid=i","cat":289560},{"id":112026,"n":"Fromage Saint Félicien Dauphine NRT - 180g","p":2.65,"u":"14,72 €/KG","img":"https://fd6-photos.leclercdrive.fr/image.ashx?id=2600617&use=l&cat=p&typeid=i","cat":329558},{"id":112038,"n":"Piles Duracell 2016 - x2","p":5.2,"u":"2,60 €/P","img":"https://fd6-photos.leclercdrive.fr/image.ashx?id=2831396&use=l&cat=p&typeid=i","cat":300572},{"id":112070,"n":"Galettes bio St Michel Au bon beurre - 130g","p":1.3,"u":"10,00 €/KG","img":"https://fd6-photos.leclercdrive.fr/image.ashx?id=2936236&use=l&cat=p&typeid=i","cat":284487},{"id":112125,"n":"Crème nutritive nuit So'bio Précieux Argan bio  - 50ml","p":11.65,"u":"233,00 €/L","img":"https://fd6-photos.leclercdrive.fr/image.ashx?id=2990715&use=l&cat=p&typeid=i","cat":325345},{"id":112126,"n":"Crème rose jour So'Bio Etic Précieux Argan bio - 50ml","p":11.08,"u":"221,60 €/L","img":"https://fd6-photos.leclercdrive.fr/image.ashx?id=2792687&use=l&cat=p&typeid=i","cat":325345},{"id":112143,"n":"Oignon rouge Panier du Primeur x4","p":1.79,"u":"0,45 €/P","img":"https://fd6-photos.leclercdrive.fr/image.ashx?id=2966490&use=l&cat=p&typeid=i","cat":284352},{"id":112150,"n":"Graisse à Frire Vegétaline 100% végétale - 1kg","p":6.38,"u":"6,38 €/KG","img":"https://fd6-photos.leclercdrive.fr/image.ashx?id=1928297&use=l&cat=p&typeid=i","cat":315229},{"id":112153,"n":"Planta Fin Cuisson 79%MG - 500ml","p":2.55,"u":"5,10 €/L","img":"https://fd6-photos.leclercdrive.fr/image.ashx?id=2793083&use=l&cat=p&typeid=i","cat":315229},{"id":112210,"n":"Bière blonde Affligem 6x25cl","p":5.02,"u":"3,35 €/L","img":"https://fd6-photos.leclercdrive.fr/image.ashx?id=2530323&use=l&cat=p&typeid=i","cat":334852},{"id":112284,"n":"Terreau Beaux Jours Rempotage - 20L","p":5.49,"u":"0,27 €/L","img":"https://fd6-photos.leclercdrive.fr/image.ashx?id=1723036&use=l&cat=p&typeid=i","cat":335919},{"id":112286,"n":"Terreau Beaux Jours Universel - 40L","p":4.79,"u":"0,12 €/L","img":"https://fd6-photos.leclercdrive.fr/image.ashx?id=1723042&use=l&cat=p&typeid=i","cat":335919},{"id":112291,"n":"Yaourt protéiné Hipro Myrtille 0%mg - 2x160g","p":2.25,"u":"7,03 €/KG","img":"https://fd6-photos.leclercdrive.fr/image.ashx?id=2800285&use=l&cat=p&typeid=i","cat":315000},{"id":112292,"n":"Yaourt protéiné Hipro Citron 0%mg - 2x160g","p":2.2,"u":"6,88 €/KG","img":"https://fd6-photos.leclercdrive.fr/image.ashx?id=2945415&use=l&cat=p&typeid=i","cat":315000},{"id":112293,"n":"Yaourt à boire protéiné Hipro Vanille cookie 0%mg - 300g","p":2.2,"u":"7,33 €/KG","img":"https://fd6-photos.leclercdrive.fr/image.ashx?id=2329753&use=l&cat=p&typeid=i","cat":315000},{"id":112294,"n":"Yaourt à boire protéiné Hipro Fraise framboise 0%mg - 300g","p":2.06,"u":"6,87 €/KG","img":"https://fd6-photos.leclercdrive.fr/image.ashx?id=2806060&use=l&cat=p&typeid=i","cat":315000},{"id":112340,"n":"Eau Micellaire La Provençale  Purifiante bio - 400ml","p":4.53,"u":"11,33 €/L","img":"https://fd6-photos.leclercdrive.fr/image.ashx?id=2759313&use=l&cat=p&typeid=i","cat":284603},{"id":112394,"n":"Gazpacho Alvalle 50 cl","p":2.38,"u":"4,76 €/L","img":"https://fd6-photos.leclercdrive.fr/image.ashx?id=2672533&use=l&cat=p&typeid=i","cat":287365},{"id":112471,"n":"Mousse Danette  Chocolat - 4x60g","p":1.69,"u":"7,04 €/KG","img":"https://fd6-photos.leclercdrive.fr/image.ashx?id=2964923&use=l&cat=p&typeid=i","cat":284417},{"id":112550,"n":"Feuille de chêne 125g","p":1.46,"u":"11,68 €/KG","img":"https://fd6-photos.leclercdrive.fr/image.ashx?id=2693315&use=l&cat=p&typeid=i","cat":284353},{"id":112556,"n":"Oignon rouge Bio  Bio Village - 500g","p":2.49,"u":"4,98 €/KG","img":"https://fd6-photos.leclercdrive.fr/image.ashx?id=3015147&use=l&cat=p&typeid=i","cat":284352},{"id":112557,"n":"Gnocchi à poêler Lustucru Fromage - 2x300g+ 300g offerts","p":3.19,"u":"3,54 €/KG","img":"https://fd6-photos.leclercdrive.fr/image.ashx?id=2192398&use=l&cat=p&typeid=i","cat":333682},{"id":112621,"n":"Riz au lait La Laitière Vanille - 4x115g","p":1.59,"u":"3,46 €/KG","img":"https://fd6-photos.leclercdrive.fr/image.ashx?id=2661151&use=l&cat=p&typeid=i","cat":284418},{"id":112624,"n":"Semoule au lait La Laitière Vanille - 4x115g","p":1.65,"u":"3,59 €/KG","img":"https://fd6-photos.leclercdrive.fr/image.ashx?id=2654578&use=l&cat=p&typeid=i","cat":284418},{"id":112635,"n":"Kriek cerise de St-Omer 2.8%Vol - 6x25cl","p":4.05,"u":"2,70 €/L","img":"https://fd6-photos.leclercdrive.fr/image.ashx?id=2093349&use=l&cat=p&typeid=i","cat":334878},{"id":112637,"n":"Bière framboise de St Omer 2.8%vol - 6x25cl","p":4.14,"u":"3,31 €/L","img":"https://fd6-photos.leclercdrive.fr/image.ashx?id=2431809&use=l&cat=p&typeid=i","cat":334878},{"id":112662,"n":"Vin mousseux Charles Volner Soirée blanche - 75cl","p":4.9,"pp":3.23,"u":"4,31 €/L","img":"https://fd6-photos.leclercdrive.fr/image.ashx?id=1727814&use=l&cat=p&typeid=i","cat":284544},{"id":112690,"n":"Gianduiotti noir Novi 150g","p":4.34,"u":"28,93 €/KG","img":"https://fd6-photos.leclercdrive.fr/image.ashx?id=2615158&use=l&cat=p&typeid=i","cat":327595},{"id":112695,"n":"Gianduiotti chocolat Novi 160g","p":4.58,"u":"28,63 €/KG","img":"https://fd6-photos.leclercdrive.fr/image.ashx?id=2615155&use=l&cat=p&typeid=i","cat":327595},{"id":112698,"n":"yaourt bifidus activia muesli quinoa amande chia -170g","p":1.89,"u":"11,12 €/KG","img":"https://fd6-photos.leclercdrive.fr/image.ashx?id=2965885&use=l&cat=p&typeid=i","cat":315000},{"id":112699,"n":"yaourt bifidus activia muesli framboise chia - 170g","p":1.98,"u":"11,65 €/KG","img":"https://fd6-photos.leclercdrive.fr/image.ashx?id=2965888&use=l&cat=p&typeid=i","cat":315000},{"id":112761,"n":"Kid Smile McCain 850g","p":2.59,"u":"3,05 €/KG","img":"https://fd6-photos.leclercdrive.fr/image.ashx?id=2745802&use=l&cat=p&typeid=i","cat":319792},{"id":112764,"n":"Potatoes aux herbes McCain Country Potatoes - 780g","p":2.73,"u":"3,50 €/KG","img":"https://fd6-photos.leclercdrive.fr/image.ashx?id=2973342&use=l&cat=p&typeid=i","cat":319791},{"id":112806,"n":"Soupe Liquide Liebig  10 Légumes & Crème fraiche - 1L","p":2.47,"u":"2,47 €/L","img":"https://fd6-photos.leclercdrive.fr/image.ashx?id=2941484&use=l&cat=p&typeid=i","cat":284462},{"id":112807,"n":"Soupe liquide Liebig  Légumes et vermicelles - 2x30cl","p":2.0,"u":"3,33 €/L","img":"https://fd6-photos.leclercdrive.fr/image.ashx?id=2164075&use=l&cat=p&typeid=i","cat":284462},{"id":112808,"n":"Soupe liquide Liebig légumes Et vermicelles - Brique 1L","p":2.1,"u":"2,10 €/L","img":"https://fd6-photos.leclercdrive.fr/image.ashx?id=2892142&use=l&cat=p&typeid=i","cat":284462},{"id":112811,"n":"Gel Lave-Vaisselle Sun Tout-en-1 Citron 52 Lavages","p":7.9,"u":"8,78 €/L","img":"https://fd6-photos.leclercdrive.fr/image.ashx?id=2356268&use=l&cat=p&typeid=i","cat":284656},{"id":112905,"n":"Soupe liquide bouteille Liebig  Velouté Potiron Chataîgne -75cl","p":3.29,"u":"4,39 €/L","img":"https://fd6-photos.leclercdrive.fr/image.ashx?id=2842564&use=l&cat=p&typeid=i","cat":284462},{"id":112933,"n":"Soupe liquide brique Liebig  Mouliné Légumes d'hiver 2x30cl","p":2.36,"u":"3,93 €/L","img":"https://fd6-photos.leclercdrive.fr/image.ashx?id=2369918&use=l&cat=p&typeid=i","cat":284462},{"id":112947,"n":"Tablette de Chocolat Côte d'Or Praliné lait cajou amande 200g","p":3.96,"u":"19,80 €/KG","img":"https://fd6-photos.leclercdrive.fr/image.ashx?id=2957773&use=l&cat=p&typeid=i","cat":284497},{"id":113024,"n":"Filets de maquereaux Saupiquet Tomate basilic - 6x169g","p":9.51,"u":"9,38 €/KG","img":"https://fd6-photos.leclercdrive.fr/image.ashx?id=1753442&use=l&cat=p&typeid=i","cat":303868},{"id":113052,"n":"Confiture Bonne Maman Cerise intense - 335g","p":2.52,"u":"7,52 €/KG","img":"https://fd6-photos.leclercdrive.fr/image.ashx?id=2341023&use=l&cat=p&typeid=i","cat":284480},{"id":113057,"n":"IGP Pays d'Oc Merlot vin rouge Vieux Carion - BIB 5L","p":11.99,"u":"2,40 €/L","img":"https://fd6-photos.leclercdrive.fr/image.ashx?id=2930379&use=l&cat=p&typeid=i","cat":289560},{"id":113058,"n":"AOC Côtes du Rhône ss sulfites rouge Rives & Terrasses - 75cl","p":4.99,"u":"6,65 €/L","img":"https://fd6-photos.leclercdrive.fr/image.ashx?id=2709707&use=l&cat=p&typeid=i","cat":289556},{"id":113108,"n":"Tartine Grilletine de Pasquier Froment - x18 - 242g","p":1.64,"u":"6,78 €/KG","img":"https://fd6-photos.leclercdrive.fr/image.ashx?id=2333060&use=l&cat=p&typeid=i","cat":284479},{"id":113110,"n":"Tartine Grilletine de Pasquier Blé complet - x18 - 242g","p":1.61,"u":"6,65 €/KG","img":"https://fd6-photos.leclercdrive.fr/image.ashx?id=2333063&use=l&cat=p&typeid=i","cat":284479},{"id":113118,"n":"Dès de meule Les Croisés Fruitée - 150g","p":2.75,"u":"18,33 €/KG","img":"https://fd6-photos.leclercdrive.fr/image.ashx?id=1864494&use=l&cat=p&typeid=i","cat":314027},{"id":113120,"n":"Dès de chèvre Les Croisés 150g","p":2.89,"u":"19,27 €/KG","img":"https://fd6-photos.leclercdrive.fr/image.ashx?id=1728732&use=l&cat=p&typeid=i","cat":314027},{"id":113127,"n":"Groseilles Panier du Primeur 125g","p":2.89,"u":"23,12 €/KG","img":"https://fd6-photos.leclercdrive.fr/image.ashx?id=2365487&use=l&cat=p&typeid=i","cat":284356},{"id":113128,"n":"Mûre Panier du Primeur 125g","p":3.49,"u":"27,92 €/KG","img":"https://fd6-photos.leclercdrive.fr/image.ashx?id=2365490&use=l&cat=p&typeid=i","cat":284356},{"id":113130,"n":"Citrons verts Panier du Primeur 500g","p":1.99,"u":"3,98 €/KG","img":"https://fd6-photos.leclercdrive.fr/image.ashx?id=2373018&use=l&cat=p&typeid=i","cat":284356},{"id":113287,"n":"Bière Ambree Jenlain 6x25cl","p":5.67,"u":"3,78 €/L","img":"https://fd6-photos.leclercdrive.fr/image.ashx?id=2504677&use=l&cat=p&typeid=i","cat":334852},{"id":113292,"n":"Boisson énergisante Monster Energy Punch Pipeline - 50CL","p":1.57,"u":"3,14 €/L","img":"https://fd6-photos.leclercdrive.fr/image.ashx?id=2207436&use=l&cat=p&typeid=i","cat":284533},{"id":113327,"n":"Recharges absorbeur d'humidité Foxter - Galet percés - x4 450g","p":9.9,"u":"22,00 €/KG","img":"https://fd6-photos.leclercdrive.fr/image.ashx?id=1735987&use=l&cat=p&typeid=i","cat":300576},{"id":113331,"n":"Recharges absorbeur d'humidité Foxter Lavande - Galet x4 450g","p":9.99,"u":"5,55 €/KG","img":"https://fd6-photos.leclercdrive.fr/image.ashx?id=1735984&use=l&cat=p&typeid=i","cat":300576},{"id":113358,"n":"Bière ambrée Leffe 6,6% - 12x25cl","p":9.9,"u":"3,30 €/L","img":"https://fd6-photos.leclercdrive.fr/image.ashx?id=2533985&use=l&cat=p&typeid=i","cat":334852},{"id":113503,"n":"AOP Saint-Emilion Grand Cru Côtes Rocheuses - 75cl","p":12.95,"pp":10.36,"u":"13,81 €/L","img":"https://fd6-photos.leclercdrive.fr/image.ashx?id=2921115&use=l&cat=p&typeid=i","cat":289556},{"id":113554,"n":"Briquets décorés Bic x3","p":3.3,"u":"1,10 €/P","img":"https://fd6-photos.leclercdrive.fr/image.ashx?id=2887584&use=l&cat=p&typeid=i","cat":300578},{"id":113558,"n":"Compotes Pom'Potes Gourdes  5 Fruits Exotiques - 4x90g","p":2.2,"u":"6,11 €/KG","img":"https://fd6-photos.leclercdrive.fr/image.ashx?id=2990424&use=l&cat=p&typeid=i","cat":284508},{"id":113602,"n":"Crème dessert caramel 4x125g Eleveurs des Hauts de France","p":1.25,"u":"2,50 €/KG","img":"https://fd6-photos.leclercdrive.fr/image.ashx?id=1760863&use=l&cat=p&typeid=i","cat":285041},{"id":113603,"n":"Crème dessert panaché 12x125g Eleveurs des Hauts de France","p":3.79,"u":"2,53 €/KG","img":"https://fd6-photos.leclercdrive.fr/image.ashx?id=1760851&use=l&cat=p&typeid=i","cat":285041},{"id":113605,"n":"Liégeois café chocolat x8 Eleveurs des Hauts de France","p":2.99,"u":"3,74 €/KG","img":"https://fd6-photos.leclercdrive.fr/image.ashx?id=1760854&use=l&cat=p&typeid=i","cat":285042},{"id":113624,"n":"Lait 1/2 écrémé Bio 6x1L Eleveurs des Hauts de France","p":7.5,"u":"1,25 €/L","img":"https://fd6-photos.leclercdrive.fr/image.ashx?id=1734109&use=l&cat=p&typeid=i","cat":284377},{"id":113632,"n":"Piles Duracell LR44 - x4","p":5.0,"u":"1,25 €/P","img":"https://fd6-photos.leclercdrive.fr/image.ashx?id=2328631&use=l&cat=p&typeid=i","cat":300572},{"id":113654,"n":"Xtrem Box Sodebo Radiatori Bœuf Poivre - 400g","p":3.5,"u":"8,75 €/KG","img":"https://fd6-photos.leclercdrive.fr/image.ashx?id=2643998&use=l&cat=p&typeid=i","cat":334983},{"id":113680,"n":"Brioche tressée Nature Harrys Sucre perlé sans additif - 500g","p":2.88,"u":"5,76 €/KG","img":"https://fd6-photos.leclercdrive.fr/image.ashx?id=2503013&use=l&cat=p&typeid=i","cat":284478},{"id":113685,"n":"Bûche glacée L'Angelys Vanille  Caramel beurre salé - 500g","p":9.24,"u":"18,48 €/KG","img":"https://fd6-photos.leclercdrive.fr/image.ashx?id=2950435&use=l&cat=p&typeid=i","cat":284266},{"id":113709,"n":"Crème dessert La Laitière Pot de crème caramel - 4x100g","p":2.34,"u":"5,85 €/KG","img":"https://fd6-photos.leclercdrive.fr/image.ashx?id=2849683&use=l&cat=p&typeid=i","cat":285041},{"id":113711,"n":"Filets de cabillaud Findus MSC - 600g","p":15.08,"u":"25,13 €/KG","img":"https://fd6-photos.leclercdrive.fr/image.ashx?id=2735350&use=l&cat=p&typeid=i","cat":319786},{"id":113731,"n":"Rasoir homme Bulldog Bambou - 1 pièce","p":11.9,"img":"https://fd6-photos.leclercdrive.fr/image.ashx?id=1733155&use=l&cat=p&typeid=i","cat":284616},{"id":113732,"n":"Lames de rasoir Bulldog 4 recharges - 5 lames","p":11.03,"img":"https://fd6-photos.leclercdrive.fr/image.ashx?id=1733158&use=l&cat=p&typeid=i","cat":284616},{"id":113754,"n":"Crème fraîche Yoplait Légère -12% matière grasse 450g","p":1.45,"u":"3,22 €/KG","img":"https://fd6-photos.leclercdrive.fr/image.ashx?id=2811032&use=l&cat=p&typeid=i","cat":284381},{"id":113756,"n":"Fromage blanc Calin Nature - 3,2%MG - 1kg","p":2.78,"u":"2,78 €/KG","img":"https://fd6-photos.leclercdrive.fr/image.ashx?id=2973727&use=l&cat=p&typeid=i","cat":284409},{"id":113773,"n":"Tagliatelle Gayelord Hauser Sans rinçage, Konjac - 160g","p":1.97,"u":"12,31 €/KG","img":"https://fd6-photos.leclercdrive.fr/image.ashx?id=2827086&use=l&cat=p&typeid=i","cat":318652},{"id":113774,"n":"Assiette riz Bio Village Bio Légumes vert  12 mois 230g","p":1.45,"u":"6,30 €/KG","img":"https://fd6-photos.leclercdrive.fr/image.ashx?id=2900205&use=l&cat=p&typeid=i","cat":312237},{"id":113775,"n":"Assiette bio Bio Village Panais carotte riz 12 mois 230g","p":1.45,"u":"6,30 €/KG","img":"https://fd6-photos.leclercdrive.fr/image.ashx?id=2900208&use=l&cat=p&typeid=i","cat":312237},{"id":113779,"n":"Assiette bio Bio Village Haricot vert dinde 12 mois 230g","p":1.45,"u":"6,30 €/KG","img":"https://fd6-photos.leclercdrive.fr/image.ashx?id=2900217&use=l&cat=p&typeid=i","cat":312237},{"id":113783,"n":"Assiette bio Bio Village Hachis parmentier 12 mois 230g","p":1.45,"u":"6,30 €/KG","img":"https://fd6-photos.leclercdrive.fr/image.ashx?id=2900220&use=l&cat=p&typeid=i","cat":312237},{"id":113786,"n":"Assiette Tajine Bio Village Bio  15 mois 250g","p":1.85,"u":"7,40 €/KG","img":"https://fd6-photos.leclercdrive.fr/image.ashx?id=2878756&use=l&cat=p&typeid=i","cat":312238},{"id":113787,"n":"Assiette pâtes bio Bio Village Légumes saumon 18 mois 260g","p":1.95,"u":"7,50 €/KG","img":"https://fd6-photos.leclercdrive.fr/image.ashx?id=2900232&use=l&cat=p&typeid=i","cat":312238},{"id":113789,"n":"Assiette bio Bio Village Pot au feu - 18 mois - 260g","p":1.89,"u":"7,27 €/KG","img":"https://fd6-photos.leclercdrive.fr/image.ashx?id=2900235&use=l&cat=p&typeid=i","cat":312238},{"id":113790,"n":"Assiette 12 mois Bio Village Spaghetti bolognaise bio - 230g","p":1.59,"u":"6,91 €/KG","img":"https://fd6-photos.leclercdrive.fr/image.ashx?id=2900238&use=l&cat=p&typeid=i","cat":312237},{"id":113792,"n":"Assiette bio 15mois Bio Village Legumes volaille basquaise 250g","p":1.79,"u":"7,16 €/KG","img":"https://fd6-photos.leclercdrive.fr/image.ashx?id=2900244&use=l&cat=p&typeid=i","cat":312238},{"id":113793,"n":"Assiette bio Bio Village Carotte boeuf pdt 15mois 250g","p":1.85,"u":"7,40 €/KG","img":"https://fd6-photos.leclercdrive.fr/image.ashx?id=2900241&use=l&cat=p&typeid=i","cat":312238},{"id":113794,"n":"Assiette bio Bio Village Tomate aubergine 18 mois 260g","p":1.85,"u":"7,12 €/KG","img":"https://fd6-photos.leclercdrive.fr/image.ashx?id=2900247&use=l&cat=p&typeid=i","cat":312238},{"id":113803,"n":"IGP Terres du midi vin rosé  Prieur Barsanne 12% vol - 75cl","p":2.99,"u":"3,99 €/L","img":"https://fd6-photos.leclercdrive.fr/image.ashx?id=2905925&use=l&cat=p&typeid=i","cat":289558},{"id":113806,"n":"Omelette norvégienne L'Angelys Vanille - 360g","p":9.68,"u":"26,89 €/KG","img":"https://fd6-photos.leclercdrive.fr/image.ashx?id=2921987&use=l&cat=p&typeid=i","cat":284266},{"id":113808,"n":"Crème dessert La Laitière Pot de crème vanille - 4x100g","p":2.27,"u":"5,68 €/KG","img":"https://fd6-photos.leclercdrive.fr/image.ashx?id=2875969&use=l&cat=p&typeid=i","cat":285041},{"id":113811,"n":"Crème dessert La Laitière Pot de crème chocolat - 4x100g","p":2.23,"u":"5,58 €/KG","img":"https://fd6-photos.leclercdrive.fr/image.ashx?id=2875966&use=l&cat=p&typeid=i","cat":285041},{"id":113813,"n":"Crème dessert La Laitière Pot de crème café - 4x100g","p":2.35,"u":"5,88 €/KG","img":"https://fd6-photos.leclercdrive.fr/image.ashx?id=2875963&use=l&cat=p&typeid=i","cat":285041},{"id":113838,"n":"AOC vin blanc Gewurztraminer Alsace Bio Rebmann - 75cl","p":7.75,"u":"10,33 €/L","img":"https://fd6-photos.leclercdrive.fr/image.ashx?id=2771142&use=l&cat=p&typeid=i","cat":289557},{"id":113851,"n":"100% pur Jus bio Bio Village Petit-déjeuner  - 1L","p":2.87,"u":"2,87 €/L","img":"https://fd6-photos.leclercdrive.fr/image.ashx?id=2901566&use=l&cat=p&typeid=i","cat":284521},{"id":113853,"n":"Vin d'Espagne blanc Sauvignon Bio Adrien Champaud - BIB 3L","p":8.99,"u":"3,00 €/L","img":"https://fd6-photos.leclercdrive.fr/image.ashx?id=2960571&use=l&cat=p&typeid=i","cat":289560},{"id":113854,"n":"Panaché Millbrau <0.5%vol - 10x25cl","p":2.45,"u":"0,98 €/L","img":"https://fd6-photos.leclercdrive.fr/image.ashx?id=2059071&use=l&cat=p&typeid=i","cat":334877},{"id":113855,"n":"Boisson thé Fresh Tea Pêche abricot - 1.5L","p":1.82,"u":"1,21 €/L","img":"https://fd6-photos.leclercdrive.fr/image.ashx?id=2622281&use=l&cat=p&typeid=i","cat":295019},{"id":113858,"n":"Yaourt à la grecque YAOS Nature - 8x125g","p":3.35,"u":"3,35 €/KG","img":"https://fd6-photos.leclercdrive.fr/image.ashx?id=2418462&use=l&cat=p&typeid=i","cat":314999},{"id":113969,"n":"Thon Albacore Le Savoureux Entier à l'Huile d'Olive - 80g","p":1.72,"u":"21,50 €/KG","img":"https://fd6-photos.leclercdrive.fr/image.ashx?id=2167919&use=l&cat=p&typeid=i","cat":303867},{"id":113973,"n":"Biscuits Baiocchi Mulino Bianco Chocolat noisette - 260g","p":2.5,"u":"9,62 €/KG","img":"https://fd6-photos.leclercdrive.fr/image.ashx?id=2787968&use=l&cat=p&typeid=i","cat":284488},{"id":113980,"n":"Café dosettes Tassimo Grand-mère - Expresso x16","p":4.29,"u":"41,25 €/KG","img":"https://fd6-photos.leclercdrive.fr/image.ashx?id=1749617&use=l&cat=p&typeid=i","cat":293240},{"id":113998,"n":"Girasoli Lustucru Selection  Ricotta Epinard - 250g","p":2.59,"u":"10,36 €/KG","img":"https://fd6-photos.leclercdrive.fr/image.ashx?id=2974351&use=l&cat=p&typeid=i","cat":333682},{"id":114017,"n":"Bière blonde Heineken 5%vol - 12x33cl","p":9.18,"u":"2,32 €/L","img":"https://fd6-photos.leclercdrive.fr/image.ashx?id=3008125&use=l&cat=p&typeid=i","cat":334853},{"id":114018,"n":"Bière blonde Heineken 5%vol - Boite 4x50cl","p":4.58,"u":"2,29 €/L","img":"https://fd6-photos.leclercdrive.fr/image.ashx?id=3008122&use=l&cat=p&typeid=i","cat":334853},{"id":114020,"n":"Bière aromatisée  Desperados 5.9%vol - Boite 50cl","p":1.73,"u":"3,46 €/L","img":"https://fd6-photos.leclercdrive.fr/image.ashx?id=2977303&use=l&cat=p&typeid=i","cat":334853},{"id":114023,"n":"Thon au naturel Petit Navire Démarche Responsable - 280g","p":4.57,"u":"16,32 €/KG","img":"https://fd6-photos.leclercdrive.fr/image.ashx?id=2909974&use=l&cat=p&typeid=i","cat":303867},{"id":114047,"n":"Plat bébé soir Blédichef 12mois Macaroni courgette - 2x230g","p":3.56,"u":"7,74 €/KG","img":"https://fd6-photos.leclercdrive.fr/image.ashx?id=2560690&use=l&cat=p&typeid=i","cat":312239},{"id":114091,"n":"Lait corps satinant Inell 250ml","p":2.5,"u":"10,00 €/L","img":"https://fd6-photos.leclercdrive.fr/image.ashx?id=2691697&use=l&cat=p&typeid=i","cat":325349},{"id":114092,"n":"Brosse à dents bambou Dentamyl Médium - 1 pièce","p":1.95,"img":"https://fd6-photos.leclercdrive.fr/image.ashx?id=2783495&use=l&cat=p&typeid=i","cat":284614},{"id":114093,"n":"Brosse à dents bambou Dentamyl Souple - 1 pièce","p":1.95,"img":"https://fd6-photos.leclercdrive.fr/image.ashx?id=2790997&use=l&cat=p&typeid=i","cat":284614},{"id":114094,"n":"Shampooing douche Petit Manava Pêche abricot - 500ml","p":2.19,"u":"4,38 €/L","img":"https://fd6-photos.leclercdrive.fr/image.ashx?id=2410636&use=l&cat=p&typeid=i","cat":284606},{"id":114095,"n":"Mouchoirs blancs 3 plis Caresse Boîte - x150","p":1.65,"u":"0,01 €/P","img":"https://fd6-photos.leclercdrive.fr/image.ashx?id=2779298&use=l&cat=p&typeid=i","cat":284638},{"id":114096,"n":"Culotte Chorys Taille XL - x10","p":10.31,"u":"1,03 €/P","img":"https://fd6-photos.leclercdrive.fr/image.ashx?id=2623016&use=l&cat=p&typeid=i","cat":284628},{"id":114101,"n":"Culottes Mots d'enfants T4 : 8/15kg - x42","p":9.75,"u":"0,23 €/P","img":"https://fd6-photos.leclercdrive.fr/image.ashx?id=2907234&use=l&cat=p&typeid=i","cat":290633},{"id":114102,"n":"Change culottes Mots d'enfants T5 : 12/18kg - x40","p":9.75,"u":"0,24 €/P","img":"https://fd6-photos.leclercdrive.fr/image.ashx?id=2907237&use=l&cat=p&typeid=i","cat":290633},{"id":114103,"n":"Change culottes Mots d'enfants T6 : +16kg - x36","p":9.75,"u":"0,27 €/P","img":"https://fd6-photos.leclercdrive.fr/image.ashx?id=2907240&use=l&cat=p&typeid=i","cat":290633},{"id":114156,"n":"Huile vierge coco Jardin Bio  Bio - 460g","p":8.37,"u":"18,20 €/KG","img":"https://fd6-photos.leclercdrive.fr/image.ashx?id=2790036&use=l&cat=p&typeid=i","cat":284453},{"id":114161,"n":"Sachet assortiment Toblerone 248g","p":7.27,"u":"29,31 €/KG","img":"https://fd6-photos.leclercdrive.fr/image.ashx?id=2912647&use=l&cat=p&typeid=i","cat":327595},{"id":114169,"n":"Père Noël Milka Lait - 90g","p":3.88,"u":"43,11 €/KG","img":"https://fd6-photos.leclercdrive.fr/image.ashx?id=2488106&use=l&cat=p&typeid=i","cat":327592},{"id":114170,"n":"Père Noël Milka Noisettes - 95g","p":3.69,"u":"38,84 €/KG","img":"https://fd6-photos.leclercdrive.fr/image.ashx?id=2881503&use=l&cat=p&typeid=i","cat":327592},{"id":114172,"n":"Bonbons de Noël Milka Lait - 86g","p":2.71,"u":"31,51 €/KG","img":"https://fd6-photos.leclercdrive.fr/image.ashx?id=2937995&use=l&cat=p&typeid=i","cat":327592},{"id":114175,"n":"Bonbons de Noël Milka Oréo - 86g","p":2.17,"u":"25,23 €/KG","img":"https://fd6-photos.leclercdrive.fr/image.ashx?id=2834005&use=l&cat=p&typeid=i","cat":327592},{"id":114187,"n":"Barres amandes Toblerone 360g","p":9.68,"u":"26,89 €/KG","img":"https://fd6-photos.leclercdrive.fr/image.ashx?id=2912650&use=l&cat=p&typeid=i","cat":327595},{"id":114238,"n":"Yaourt gourde Délisse Vanille/framboise - 6x90g","p":2.97,"u":"33,00 €/KG","img":"https://fd6-photos.leclercdrive.fr/image.ashx?id=2705089&use=l&cat=p&typeid=i","cat":284415},{"id":114242,"n":"Taboulé Oriental Pierre Martinet - 510g","p":2.18,"u":"4,27 €/KG","img":"https://fd6-photos.leclercdrive.fr/image.ashx?id=2684491&use=l&cat=p&typeid=i","cat":333657},{"id":114272,"n":"Fromage Saint Agur 190g + 30% offerts","p":4.0,"u":"16,19 €/KG","img":"https://fd6-photos.leclercdrive.fr/image.ashx?id=2157007&use=l&cat=p&typeid=i","cat":314032},{"id":114375,"n":"AOP Clairette de Die Jaillance Brut - Esprit de Terroir - 75cl","p":5.95,"u":"7,93 €/L","img":"https://fd6-photos.leclercdrive.fr/image.ashx?id=2656781&use=l&cat=p&typeid=i","cat":284544},{"id":114400,"n":"Thon entier MSC Pêche Océan A l'huile - 104g","p":1.73,"u":"16,63 €/KG","img":"https://fd6-photos.leclercdrive.fr/image.ashx?id=2942208&use=l&cat=p&typeid=i","cat":303867},{"id":114406,"n":"Taboulé Pierre Martinet Oriental à l'huile d'olive 310g","p":1.45,"u":"4,68 €/KG","img":"https://fd6-photos.leclercdrive.fr/image.ashx?id=2432241&use=l&cat=p&typeid=i","cat":333657},{"id":114411,"n":"Dès de cheddar  Les Croisés 150g","p":2.19,"u":"14,60 €/KG","img":"https://fd6-photos.leclercdrive.fr/image.ashx?id=2422553&use=l&cat=p&typeid=i","cat":314027},{"id":114440,"n":"50 Mini feuilletés kauffer's Alsaciens - 620g","p":8.9,"u":"14,35 €/KG","img":"https://fd6-photos.leclercdrive.fr/image.ashx?id=1988334&use=l&cat=p&typeid=i","cat":319774},{"id":114486,"n":"Boisson énergisante Crazy Tiger 1.5L","p":2.95,"u":"1,97 €/L","img":"https://fd6-photos.leclercdrive.fr/image.ashx?id=2735968&use=l&cat=p&typeid=i","cat":284533},{"id":114522,"n":"Bière blonde Leffe Triple 8,5% - 12x25cl","p":10.34,"u":"3,45 €/L","img":"https://fd6-photos.leclercdrive.fr/image.ashx?id=2548294&use=l&cat=p&typeid=i","cat":334852},{"id":114570,"n":"Traîneau chocolat oeuf Kinder Bleu - 75g","p":3.48,"u":"46,40 €/KG","img":"https://fd6-photos.leclercdrive.fr/image.ashx?id=2417549&use=l&cat=p&typeid=i","cat":327592},{"id":114652,"n":"Mouchoirs blanc 2 plis Caresse Boîte mouchoirs papier - x180","p":1.69,"u":"0,01 €/P","img":"https://fd6-photos.leclercdrive.fr/image.ashx?id=2752640&use=l&cat=p&typeid=i","cat":284638},{"id":114706,"n":"Infusion des marmottes Les 2 Marmottes x30 - 46g","p":4.97,"u":"108,04 €/KG","img":"https://fd6-photos.leclercdrive.fr/image.ashx?id=2833552&use=l&cat=p&typeid=i","cat":293234},{"id":114784,"n":"Comté fromage bloc Les Croisés 350g","p":4.75,"u":"13,57 €/KG","img":"https://fd6-photos.leclercdrive.fr/image.ashx?id=1749677&use=l&cat=p&typeid=i","cat":314034},{"id":114805,"n":"Coeur Coulant Bonne Maman Chocolat - 2x80g","p":2.89,"u":"18,06 €/KG","img":"https://fd6-photos.leclercdrive.fr/image.ashx?id=2912326&use=l&cat=p&typeid=i","cat":284419},{"id":114865,"n":"Père Noel Smarties Orange - 85g","p":2.98,"u":"35,06 €/KG","img":"https://fd6-photos.leclercdrive.fr/image.ashx?id=1985742&use=l&cat=p&typeid=i","cat":284958},{"id":114890,"n":"Fromage Comté NRT AOP 15 mois 200g","p":4.44,"u":"22,20 €/KG","img":"https://fd6-photos.leclercdrive.fr/image.ashx?id=2272030&use=l&cat=p&typeid=i","cat":314034},{"id":114901,"n":"Plat bébé Blédina 12 mois  Artichaut dinde - 2x200g","p":2.7,"u":"6,75 €/KG","img":"https://fd6-photos.leclercdrive.fr/image.ashx?id=2975089&use=l&cat=p&typeid=i","cat":312237},{"id":114934,"n":"Pizza del gusto chorizo Mix - 380g","p":5.82,"u":"15,32 €/KG","img":"https://fd6-photos.leclercdrive.fr/image.ashx?id=2579056&use=l&cat=p&typeid=i","cat":333679},{"id":114939,"n":"Pizza del gusto chèvre miel Mix 380g","p":5.58,"u":"14,68 €/KG","img":"https://fd6-photos.leclercdrive.fr/image.ashx?id=2579062&use=l&cat=p&typeid=i","cat":333679},{"id":115011,"n":"Lingettes bébé Mots d'enfants à l'eau - x60","p":1.66,"u":"0,03 €/P","img":"https://fd6-photos.leclercdrive.fr/image.ashx?id=3014293&use=l&cat=p&typeid=i","cat":284738},{"id":115013,"n":"Liquide vaisselle Uni Vert Ecologique citron - 750ml","p":1.59,"u":"2,12 €/L","img":"https://fd6-photos.leclercdrive.fr/image.ashx?id=2999517&use=l&cat=p&typeid=i","cat":284655},{"id":115014,"n":"Lingette micro fibres Mamison Ecran - 1 pièce","p":1.96,"img":"https://fd6-photos.leclercdrive.fr/image.ashx?id=2595113&use=l&cat=p&typeid=i","cat":325358},{"id":115016,"n":"Protège slip Chorys Ultra mini discret - x28","p":1.57,"u":"0,06 €/P","img":"https://fd6-photos.leclercdrive.fr/image.ashx?id=2003029&use=l&cat=p&typeid=i","cat":284625},{"id":115017,"n":"Protège slip Chorys Ultra mini long - x24","p":1.7,"u":"0,07 €/P","img":"https://fd6-photos.leclercdrive.fr/image.ashx?id=1962795&use=l&cat=p&typeid=i","cat":284628},{"id":115072,"n":"Girasoli Lustucru Selection  Cèpes Ricotta - 250g","p":2.95,"u":"11,80 €/KG","img":"https://fd6-photos.leclercdrive.fr/image.ashx?id=2974599&use=l&cat=p&typeid=i","cat":333682},{"id":115093,"n":"Mozzarella vache Casa Azzurra Râpée - 150g","p":2.37,"u":"15,80 €/KG","img":"https://fd6-photos.leclercdrive.fr/image.ashx?id=1757239&use=l&cat=p&typeid=i","cat":314035},{"id":115113,"n":"Tirlibibi Haribo Boîte bonbons - 750g","p":4.52,"u":"6,03 €/KG","img":"https://fd6-photos.leclercdrive.fr/image.ashx?id=2806922&use=l&cat=p&typeid=i","cat":304250},{"id":115114,"n":"Polka Haribo Sachet bonbons - 300g","p":1.38,"u":"4,60 €/KG","img":"https://fd6-photos.leclercdrive.fr/image.ashx?id=2982414&use=l&cat=p&typeid=i","cat":304250},{"id":115115,"n":"Les Schtroumpfs Haribo Sachet bonbons - 300g","p":1.45,"u":"4,83 €/KG","img":"https://fd6-photos.leclercdrive.fr/image.ashx?id=2788475&use=l&cat=p&typeid=i","cat":304250},{"id":115116,"n":"Chamallows Haribo Guimauves   - 300g","p":1.48,"u":"4,93 €/KG","img":"https://fd6-photos.leclercdrive.fr/image.ashx?id=2984937&use=l&cat=p&typeid=i","cat":304250},{"id":115123,"n":"Terrine chien Bio Boeuf - 300g","p":1.69,"u":"5,63 €/KG","img":"https://fd6-photos.leclercdrive.fr/image.ashx?id=2333805&use=l&cat=p&typeid=i","cat":284673},{"id":115124,"n":"Terrine chien Bio Poulet légume - 300g","p":1.62,"u":"5,40 €/KG","img":"https://fd6-photos.leclercdrive.fr/image.ashx?id=2333808&use=l&cat=p&typeid=i","cat":284673},{"id":115125,"n":"Terrines pour chat Plénima Au saumon bio - 100g","p":0.62,"u":"6,20 €/KG","img":"https://fd6-photos.leclercdrive.fr/image.ashx?id=2333811&use=l&cat=p&typeid=i","cat":285601},{"id":115126,"n":"Terrines pour chats Plénima Boeuf bio  - 100g","p":0.65,"u":"6,50 €/KG","img":"https://fd6-photos.leclercdrive.fr/image.ashx?id=2619752&use=l&cat=p&typeid=i","cat":285601},{"id":115127,"n":"Pain burger Epi d'Or Brioché x4 - 300g","p":1.38,"u":"4,60 €/KG","img":"https://fd6-photos.leclercdrive.fr/image.ashx?id=1958880&use=l&cat=p&typeid=i","cat":325067},{"id":115128,"n":"Pain de mie Epi d'Or Grandes tranches nature - 550g","p":1.31,"u":"2,38 €/KG","img":"https://fd6-photos.leclercdrive.fr/image.ashx?id=2860775&use=l&cat=p&typeid=i","cat":284477},{"id":115129,"n":"Pain de mie Epi d'Or Grandes tranches complet 550g","p":1.36,"u":"2,47 €/KG","img":"https://fd6-photos.leclercdrive.fr/image.ashx?id=2860778&use=l&cat=p&typeid=i","cat":284477},{"id":115130,"n":"Pain de mie Epi d'Or Sans croute - 500g","p":1.56,"u":"3,12 €/KG","img":"https://fd6-photos.leclercdrive.fr/image.ashx?id=3012872&use=l&cat=p&typeid=i","cat":284477},{"id":115152,"n":"Eau florale Bio Naïa Rose bio - 200ml","p":3.95,"u":"19,75 €/L","img":"https://fd6-photos.leclercdrive.fr/image.ashx?id=2610253&use=l&cat=p&typeid=i","cat":325345},{"id":115155,"n":"Gommage visage Bio Naïa Bio - 75ml","p":2.49,"u":"33,20 €/L","img":"https://fd6-photos.leclercdrive.fr/image.ashx?id=2436690&use=l&cat=p&typeid=i","cat":325346},{"id":115156,"n":"Stick lèvres Bio Naïa Bio - 1 pièce","p":1.85,"img":"https://fd6-photos.leclercdrive.fr/image.ashx?id=2518837&use=l&cat=p&typeid=i","cat":285485},{"id":115158,"n":"Gelée bio Bio Naïa A l'aloe vera bio - 200ml","p":3.99,"u":"19,95 €/L","img":"https://fd6-photos.leclercdrive.fr/image.ashx?id=2436699&use=l&cat=p&typeid=i","cat":325350},{"id":115163,"n":"Infusion Twinings Ayurveda gingembre miel et citron x20","p":2.95,"u":"92,19 €/KG","img":"https://fd6-photos.leclercdrive.fr/image.ashx?id=2893036&use=l&cat=p&typeid=i","cat":293234},{"id":115226,"n":"Gin 41.4%vol Hendrick's Curler de concombre - 70cl","p":35.44,"u":"50,63 €/L","img":"https://fd6-photos.leclercdrive.fr/image.ashx?id=1992744&use=l&cat=p&typeid=i","cat":284550},{"id":115274,"n":"Masque tissu Inell Coup d'éclat - 1 pièce","p":1.82,"img":"https://fd6-photos.leclercdrive.fr/image.ashx?id=2691691&use=l&cat=p&typeid=i","cat":325346},{"id":115276,"n":"Crèmes main Inell Anti-taches - 75ml","p":2.99,"u":"39,87 €/L","img":"https://fd6-photos.leclercdrive.fr/image.ashx?id=1755952&use=l&cat=p&typeid=i","cat":325354},{"id":115278,"n":"Gressins traditionnels Artesani 300g","p":2.23,"u":"7,43 €/KG","img":"https://fd6-photos.leclercdrive.fr/image.ashx?id=2475852&use=l&cat=p&typeid=i","cat":289010},{"id":115288,"n":"Bière blonde Goudale Project 9% vol - 75cl","p":3.54,"u":"4,72 €/L","img":"https://fd6-photos.leclercdrive.fr/image.ashx?id=2849785&use=l&cat=p&typeid=i","cat":334872},{"id":115312,"n":"Chicorée soluble Leroux  Nature bio - 100g","p":3.91,"u":"39,10 €/KG","img":"https://fd6-photos.leclercdrive.fr/image.ashx?id=2861479&use=l&cat=p&typeid=i","cat":284843},{"id":115320,"n":"Capsules café Plantation Equilibré n°6 - x10 - 52g","p":2.19,"u":"42,12 €/KG","img":"https://fd6-photos.leclercdrive.fr/image.ashx?id=2891785&use=l&cat=p&typeid=i","cat":284749},{"id":115321,"n":"Capsules café Plantation Intense n°10 - x10 - 52g","p":2.19,"u":"42,12 €/KG","img":"https://fd6-photos.leclercdrive.fr/image.ashx?id=2908855&use=l&cat=p&typeid=i","cat":284749},{"id":115323,"n":"Capsules café Plantation Subtil n°5 - x10 - 52g","p":2.25,"u":"43,27 €/KG","img":"https://fd6-photos.leclercdrive.fr/image.ashx?id=2943106&use=l&cat=p&typeid=i","cat":284749},{"id":115324,"n":"Capsules café Plantation Décaféiné n°5 -  x10 - 52g","p":2.39,"u":"45,96 €/KG","img":"https://fd6-photos.leclercdrive.fr/image.ashx?id=2918472&use=l&cat=p&typeid=i","cat":284749},{"id":115326,"n":"Capsules café Plantation Lungo Délicat n°4 - x10 - 52g","p":2.35,"u":"45,19 €/KG","img":"https://fd6-photos.leclercdrive.fr/image.ashx?id=2418113&use=l&cat=p&typeid=i","cat":284749},{"id":115328,"n":"Capsules café Plantation  Ristretto n°12 - x10 - 52g","p":2.24,"u":"43,08 €/KG","img":"https://fd6-photos.leclercdrive.fr/image.ashx?id=2418116&use=l&cat=p&typeid=i","cat":284749},{"id":115332,"n":"Capsules café Plantation Brésil n°7 - x10 - 52g","p":2.39,"u":"45,96 €/KG","img":"https://fd6-photos.leclercdrive.fr/image.ashx?id=2929879&use=l&cat=p&typeid=i","cat":284749},{"id":115345,"n":"Capsules café Plantation Café vanille n°6 - x10 - 52g","p":2.39,"u":"45,96 €/KG","img":"https://fd6-photos.leclercdrive.fr/image.ashx?id=2918475&use=l&cat=p&typeid=i","cat":284749},{"id":115348,"n":"Capsules café Plantation Noisette n°7 - x10 - 52g","p":2.39,"u":"45,96 €/KG","img":"https://fd6-photos.leclercdrive.fr/image.ashx?id=2908858&use=l&cat=p&typeid=i","cat":284749},{"id":115349,"n":"Capsules café Plantation Intense n°10 - x30 - 156g","p":5.19,"u":"33,27 €/KG","img":"https://fd6-photos.leclercdrive.fr/image.ashx?id=2865095&use=l&cat=p&typeid=i","cat":284749},{"id":115350,"n":"Capsules café Plantation Equilibré N°6 - x30 - 156g","p":5.19,"u":"33,27 €/KG","img":"https://fd6-photos.leclercdrive.fr/image.ashx?id=2852249&use=l&cat=p&typeid=i","cat":284749},{"id":115351,"n":"Capsules café Plantation Espresso Forte n°8 - x10 - 52g","p":2.35,"u":"45,19 €/KG","img":"https://fd6-photos.leclercdrive.fr/image.ashx?id=2918478&use=l&cat=p&typeid=i","cat":284749},{"id":115357,"n":"Tablette De Chocolat A Patisser Pralinoise Praline - 180g","p":2.99,"u":"16,61 €/KG","img":"https://fd6-photos.leclercdrive.fr/image.ashx?id=2890265&use=l&cat=p&typeid=i","cat":285562},{"id":115359,"n":"Pancakes Nature Epi d'Or x18 - 360g","p":1.69,"u":"4,69 €/KG","img":"https://fd6-photos.leclercdrive.fr/image.ashx?id=2860763&use=l&cat=p&typeid=i","cat":284495},{"id":115363,"n":"Lait bébé en poudre Blédilait 1er âge 0-6 mois 900g","p":14.45,"u":"16,06 €/KG","img":"https://fd6-photos.leclercdrive.fr/image.ashx?id=2855052&use=l&cat=p&typeid=i","cat":284726},{"id":115364,"n":"Lait bébé en poudre Blédilait 2e âge 6-12 mois 900g","p":13.26,"u":"14,73 €/KG","img":"https://fd6-photos.leclercdrive.fr/image.ashx?id=2616853&use=l&cat=p&typeid=i","cat":284727},{"id":115367,"n":"Biscuits roses de Reims NRT 200g","p":3.69,"u":"18,45 €/KG","img":"https://fd6-photos.leclercdrive.fr/image.ashx?id=2704912&use=l&cat=p&typeid=i","cat":284487},{"id":115376,"n":"Coffret Tokapi Sauce - 115g","p":1.97,"u":"17,13 €/KG","img":"https://fd6-photos.leclercdrive.fr/image.ashx?id=2898856&use=l&cat=p&typeid=i","cat":284449},{"id":115377,"n":"Cornichons Rustica Verre décoré - 100g","p":1.86,"u":"18,60 €/KG","img":"https://fd6-photos.leclercdrive.fr/image.ashx?id=1869859&use=l&cat=p&typeid=i","cat":284458},{"id":115455,"n":"Bougies d'anniversaire Vahiné Bleues - blister de 16 bougies","p":1.47,"u":"0,09 €/P","img":"https://fd6-photos.leclercdrive.fr/image.ashx?id=1584569&use=l&cat=p&typeid=i","cat":284504},{"id":115457,"n":"Frites de Patate Douce McCain 500g","p":4.44,"u":"8,88 €/KG","img":"https://fd6-photos.leclercdrive.fr/image.ashx?id=2840632&use=l&cat=p&typeid=i","cat":319791},{"id":115463,"n":"Litière chats Tranquille Carbonite - 7.1kg","p":6.05,"u":"0,85 €/KG","img":"https://fd6-photos.leclercdrive.fr/image.ashx?id=2421871&use=l&cat=p&typeid=i","cat":284683},{"id":115465,"n":"Potjevleesch avec os 3 viandes Eleveurs Hauts de France -380g","p":7.39,"u":"19,45 €/KG","img":"https://fd6-photos.leclercdrive.fr/image.ashx?id=1886082&use=l&cat=p&typeid=i","cat":284441},{"id":115466,"n":"Potjevlesch avec os 3 viandes 750g - Eleveurs Hauts de France","p":10.5,"u":"14,00 €/KG","img":"https://fd6-photos.leclercdrive.fr/image.ashx?id=1886085&use=l&cat=p&typeid=i","cat":284441},{"id":115467,"n":"Potjevlesch sans os 3 viandes Eleveurs Hauts de France - 380g","p":7.99,"u":"21,03 €/KG","img":"https://fd6-photos.leclercdrive.fr/image.ashx?id=1886088&use=l&cat=p&typeid=i","cat":284441},{"id":115470,"n":"Carbonnade Flamande Eleveurs Hauts de France-750g","p":12.5,"u":"16,67 €/KG","img":"https://fd6-photos.leclercdrive.fr/image.ashx?id=1886097&use=l&cat=p&typeid=i","cat":284441},{"id":115472,"n":"Poulet au Maroilles Eleveurs Hauts de France - 750g","p":12.5,"u":"16,67 €/KG","img":"https://fd6-photos.leclercdrive.fr/image.ashx?id=1886103&use=l&cat=p&typeid=i","cat":284441},{"id":115475,"n":"Sauté de porc fromage de Bergue Eleveurs Hauts de France- 750g","p":11.5,"u":"15,33 €/KG","img":"https://fd6-photos.leclercdrive.fr/image.ashx?id=1886112&use=l&cat=p&typeid=i","cat":284441},{"id":115476,"n":"Sauté de porc à la moutarde Eleveurs Hauts de France - 750g","p":11.5,"u":"15,33 €/KG","img":"https://fd6-photos.leclercdrive.fr/image.ashx?id=1886115&use=l&cat=p&typeid=i","cat":284441},{"id":115477,"n":"Rôti de porc en gelée Eleveurs Hauts de France-750g","p":12.5,"u":"16,67 €/KG","img":"https://fd6-photos.leclercdrive.fr/image.ashx?id=1886118&use=l&cat=p&typeid=i","cat":284441},{"id":115478,"n":"Terrine du Nord à l'échalote Eleveurs Hauts de France- 200g","p":3.99,"u":"19,95 €/KG","img":"https://fd6-photos.leclercdrive.fr/image.ashx?id=1886121&use=l&cat=p&typeid=i","cat":305149},{"id":115480,"n":"Terrine du Nord à l'ail Eleveurs Hauts de France- 200g","p":3.99,"u":"19,95 €/KG","img":"https://fd6-photos.leclercdrive.fr/image.ashx?id=1886127&use=l&cat=p&typeid=i","cat":305149},{"id":115481,"n":"Terrine de foie p'tit cuistot Eleveurs Hauts de France- 200g","p":3.69,"u":"18,45 €/KG","img":"https://fd6-photos.leclercdrive.fr/image.ashx?id=1886130&use=l&cat=p&typeid=i","cat":305149},{"id":115482,"n":"Terrine aux endives Eleveurs Hauts de France- 200g","p":3.99,"u":"19,95 €/KG","img":"https://fd6-photos.leclercdrive.fr/image.ashx?id=1886133&use=l&cat=p&typeid=i","cat":305149},{"id":115483,"n":"Terrine au Maroilles Eleveurs Hauts de France- 200g","p":3.69,"u":"18,45 €/KG","img":"https://fd6-photos.leclercdrive.fr/image.ashx?id=1886136&use=l&cat=p&typeid=i","cat":305149},{"id":115485,"n":"Terrine à la bière Eleveurs Hauts de France- 200g","p":3.69,"u":"18,45 €/KG","img":"https://fd6-photos.leclercdrive.fr/image.ashx?id=1886139&use=l&cat=p&typeid=i","cat":305149},{"id":115488,"n":"Bière blonde 1664 5,5° - 12x25cl","p":7.59,"u":"2,53 €/L","img":"https://fd6-photos.leclercdrive.fr/image.ashx?id=2215566&use=l&cat=p&typeid=i","cat":334873},{"id":115492,"n":"Bière blonde 1664 5,5° - 6x25cl","p":4.14,"u":"2,76 €/L","img":"https://fd6-photos.leclercdrive.fr/image.ashx?id=2215572&use=l&cat=p&typeid=i","cat":334873},{"id":115502,"n":"Persil et Ail Rustica 75g","p":1.99,"u":"26,53 €/KG","img":"https://fd6-photos.leclercdrive.fr/image.ashx?id=2365493&use=l&cat=p&typeid=i","cat":319804},{"id":115505,"n":"Fromage Fourme d'Ambert NRT  AOP - 250g","p":3.23,"u":"12,92 €/KG","img":"https://fd6-photos.leclercdrive.fr/image.ashx?id=2459397&use=l&cat=p&typeid=i","cat":314032},{"id":115521,"n":"Gants de ménage Eco+ Réutilisable taille M - x2","p":1.19,"u":"0,60 €/P","img":"https://fd6-photos.leclercdrive.fr/image.ashx?id=1759090&use=l&cat=p&typeid=i","cat":284668},{"id":115523,"n":"Gants de ménage Eco+ Réutilisables - Taille L - x2","p":1.19,"u":"0,60 €/P","img":"https://fd6-photos.leclercdrive.fr/image.ashx?id=2466196&use=l&cat=p&typeid=i","cat":284668},{"id":115526,"n":"Serviette incontinence Chorys Maxi nuit - x12","p":3.99,"u":"0,33 €/P","img":"https://fd6-photos.leclercdrive.fr/image.ashx?id=2586028&use=l&cat=p&typeid=i","cat":284628},{"id":115527,"n":"Gel de toilette intime Bionaïa Bio - 200ml","p":2.02,"u":"10,10 €/L","img":"https://fd6-photos.leclercdrive.fr/image.ashx?id=2442130&use=l&cat=p&typeid=i","cat":284627},{"id":115528,"n":"Alcool 90° Primoplast 100ml","p":2.19,"u":"21,90 €/L","img":"https://fd6-photos.leclercdrive.fr/image.ashx?id=2856570&use=l&cat=p&typeid=i","cat":284630},{"id":115529,"n":"Bloc WC Uni Vert Ball - 55g","p":1.99,"u":"36,18 €/KG","img":"https://fd6-photos.leclercdrive.fr/image.ashx?id=2568801&use=l&cat=p&typeid=i","cat":284662},{"id":115682,"n":"Farce à escargot 250g","p":2.79,"u":"11,16 €/KG","img":"https://fd6-photos.leclercdrive.fr/image.ashx?id=2103613&use=l&cat=p&typeid=i","cat":284379},{"id":115689,"n":"La Grillée Garden Gourmet Soja et Blé 150g","p":2.89,"u":"19,27 €/KG","img":"https://fd6-photos.leclercdrive.fr/image.ashx?id=2988689&use=l&cat=p&typeid=i","cat":316036},{"id":115690,"n":"Sauce aigre douce pimentée Tables du Monde - 300g","p":1.62,"u":"5,40 €/KG","img":"https://fd6-photos.leclercdrive.fr/image.ashx?id=2920214&use=l&cat=p&typeid=i","cat":288992},{"id":115771,"n":"Lait bébé en poudre Gallia Calisma 2e âge 6-12mois 2x600g","p":19.9,"u":"16,58 €/KG","img":"https://fd6-photos.leclercdrive.fr/image.ashx?id=2935750&use=l&cat=p&typeid=i","cat":284727},{"id":115772,"n":"Pâte à tartiner Bio Village Aux noisette bio - 600g","p":4.16,"u":"6,93 €/KG","img":"https://fd6-photos.leclercdrive.fr/image.ashx?id=2977201&use=l&cat=p&typeid=i","cat":284481},{"id":115773,"n":"Lait bébé en poudre Gallia Calisma 1er âge 0-6 mois 2x600g","p":23.47,"u":"19,56 €/KG","img":"https://fd6-photos.leclercdrive.fr/image.ashx?id=2953755&use=l&cat=p&typeid=i","cat":284726},{"id":115780,"n":"AOC Châteauneuf-du-Pape vin rouge Rives & Terrasses - 75cl","p":16.99,"u":"22,65 €/L","img":"https://fd6-photos.leclercdrive.fr/image.ashx?id=2468776&use=l&cat=p&typeid=i","cat":289556},{"id":115781,"n":"AOC Gigondas vin rouge Rives & Terrasses - 75cl","p":12.49,"u":"16,65 €/L","img":"https://fd6-photos.leclercdrive.fr/image.ashx?id=2639202&use=l&cat=p&typeid=i","cat":289556},{"id":115787,"n":"AOC Coteaux d'Aix-en-Provence vin rosé Terres Ocrées - 75cl","p":4.49,"u":"5,99 €/L","img":"https://fd6-photos.leclercdrive.fr/image.ashx?id=2900172&use=l&cat=p&typeid=i","cat":289558},{"id":115788,"n":"AOC Crémant de Loire brut rosé Les Caractères - 75cl","p":5.35,"u":"7,13 €/L","img":"https://fd6-photos.leclercdrive.fr/image.ashx?id=2895792&use=l&cat=p&typeid=i","cat":284545},{"id":115850,"n":"Compote Charles & Alice Pommes Passion - 4x97g","p":1.88,"u":"4,85 €/KG","img":"https://fd6-photos.leclercdrive.fr/image.ashx?id=2757692&use=l&cat=p&typeid=i","cat":284416},{"id":115905,"n":"Yaourt brassé Perle de Lait Coco - 8x125g","p":3.48,"u":"3,48 €/KG","img":"https://fd6-photos.leclercdrive.fr/image.ashx?id=2989204&use=l&cat=p&typeid=i","cat":314999},{"id":115910,"n":"Yaourt brassé Perle de Lait Vanille - 8x125g","p":3.33,"u":"3,33 €/KG","img":"https://fd6-photos.leclercdrive.fr/image.ashx?id=2990568&use=l&cat=p&typeid=i","cat":314999},{"id":115958,"n":"Poelée de cèpes Magda Au beurre persillé - 300g","p":3.98,"pp":2.63,"u":"8,77 €/KG","img":"https://fd6-photos.leclercdrive.fr/image.ashx?id=2790015&use=l&cat=p&typeid=i","cat":319823},{"id":115970,"n":"Girolles à la crème Magda 300g","p":3.98,"pp":2.63,"u":"8,77 €/KG","img":"https://fd6-photos.leclercdrive.fr/image.ashx?id=2411117&use=l&cat=p&typeid=i","cat":319805},{"id":115986,"n":"Pain surprise de campagne Côté Table x32 - 460g","p":8.5,"u":"18,48 €/KG","img":"https://fd6-photos.leclercdrive.fr/image.ashx?id=2776466&use=l&cat=p&typeid=i","cat":319774},{"id":115988,"n":"Papier toilette Lotus Confort rose - 18+6","p":5.86,"u":"0,24 €/P","img":"https://fd6-photos.leclercdrive.fr/image.ashx?id=3014635&use=l&cat=p&typeid=i","cat":284634},{"id":115989,"n":"Pain Surprise Suédois  x32 - 360g","p":7.11,"u":"19,75 €/KG","img":"https://fd6-photos.leclercdrive.fr/image.ashx?id=2598710&use=l&cat=p&typeid=i","cat":319774},{"id":115991,"n":"Squidgies Haribo Sachet bonbons - 200g","p":1.74,"u":"8,70 €/KG","img":"https://fd6-photos.leclercdrive.fr/image.ashx?id=2984934&use=l&cat=p&typeid=i","cat":304250},{"id":116002,"n":"Porto Cruz Blanc - 18%vol - 75cl","p":7.42,"u":"9,89 €/L","img":"https://fd6-photos.leclercdrive.fr/image.ashx?id=2535822&use=l&cat=p&typeid=i","cat":284913},{"id":116010,"n":"Biscotte Pasquier Blé sans sucre ajoutés - 300g","p":1.21,"u":"4,03 €/KG","img":"https://fd6-photos.leclercdrive.fr/image.ashx?id=2507952&use=l&cat=p&typeid=i","cat":284479},{"id":116096,"n":"Shampooing douche Petit Manava Fraise cerise - 250ml","p":1.35,"u":"5,40 €/L","img":"https://fd6-photos.leclercdrive.fr/image.ashx?id=1763207&use=l&cat=p&typeid=i","cat":284606},{"id":116107,"n":"Vin pétillant italien Martini Prosecco 11,5° - 75cl","p":7.81,"u":"10,41 €/L","img":"https://fd6-photos.leclercdrive.fr/image.ashx?id=2973324&use=l&cat=p&typeid=i","cat":289461},{"id":116114,"n":"Shampooing douche Petit Manava Pêche banane - 250ml","p":1.35,"u":"5,40 €/L","img":"https://fd6-photos.leclercdrive.fr/image.ashx?id=2440458&use=l&cat=p&typeid=i","cat":284606},{"id":116145,"n":"Yaourt pot en verre - Panaché 8x125g","p":3.66,"u":"3,66 €/KG","img":"https://fd6-photos.leclercdrive.fr/image.ashx?id=2683031&use=l&cat=p&typeid=i","cat":286006},{"id":116166,"n":"Adoucissant concentré Hyperdou Rosée du matin x60 - 1.5L","p":3.95,"u":"2,63 €/L","img":"https://fd6-photos.leclercdrive.fr/image.ashx?id=2602916&use=l&cat=p&typeid=i","cat":284650},{"id":116167,"n":"Adoucissant concentré Hyperdou Rêve merveille x60 - 1.5L","p":3.95,"u":"2,63 €/L","img":"https://fd6-photos.leclercdrive.fr/image.ashx?id=2602925&use=l&cat=p&typeid=i","cat":284650},{"id":116168,"n":"Adoucissant concentré Hyperdou Fraîcheur fleurie x60 - 1.5L","p":3.95,"u":"2,63 €/L","img":"https://fd6-photos.leclercdrive.fr/image.ashx?id=2602931&use=l&cat=p&typeid=i","cat":284650},{"id":116169,"n":"Adoucissant concentré Hyperdou Coucher soleil x60 - 1.5L","p":3.95,"u":"2,63 €/L","img":"https://fd6-photos.leclercdrive.fr/image.ashx?id=2602937&use=l&cat=p&typeid=i","cat":284650},{"id":116170,"n":"Adoucissant concentré Hyperdou Fraîcheur x75 - 1.95L","p":3.61,"u":"1,85 €/L","img":"https://fd6-photos.leclercdrive.fr/image.ashx?id=2602949&use=l&cat=p&typeid=i","cat":284650},{"id":116171,"n":"Adoucissant concentré Hyperdou Pur Caresse x75 - 1.95L","p":3.65,"u":"1,87 €/L","img":"https://fd6-photos.leclercdrive.fr/image.ashx?id=2614512&use=l&cat=p&typeid=i","cat":284650},{"id":116172,"n":"Lingettes bio Bionaïa Démaquillantes - x25","p":1.04,"u":"0,04 €/P","img":"https://fd6-photos.leclercdrive.fr/image.ashx?id=2515500&use=l&cat=p&typeid=i","cat":284603},{"id":116199,"n":"Vin blanc pétillant Roche Mazet Brut Chardonnay - 75cl","p":4.5,"pp":2.97,"u":"3,96 €/L","img":"https://fd6-photos.leclercdrive.fr/image.ashx?id=2475615&use=l&cat=p&typeid=i","cat":284544},{"id":116221,"n":"Crème de jour L'Oréal Paris  Revitalift Anti-âge - 50ml","p":15.17,"u":"303,40 €/L","img":"https://fd6-photos.leclercdrive.fr/image.ashx?id=2926581&use=l&cat=p&typeid=i","cat":325345},{"id":116222,"n":"IGP Pays d'Oc rosé Roche Mazet Syrah - 75cl","p":4.5,"pp":2.97,"u":"3,96 €/L","img":"https://fd6-photos.leclercdrive.fr/image.ashx?id=2475612&use=l&cat=p&typeid=i","cat":289558},{"id":116224,"n":"Porto Tawny Cruz 18%vol - 75cl","p":7.42,"u":"9,89 €/L","img":"https://fd6-photos.leclercdrive.fr/image.ashx?id=2536373&use=l&cat=p&typeid=i","cat":284913},{"id":116227,"n":"Pétillant Muscat Roche Mazet Demi-sec blanc - 75cl","p":4.5,"pp":2.97,"u":"3,96 €/L","img":"https://fd6-photos.leclercdrive.fr/image.ashx?id=2475618&use=l&cat=p&typeid=i","cat":284544},{"id":116240,"n":"Lait bébé liquide Blédilait croissance 1-3 ans 6x1L","p":12.5,"u":"2,08 €/L","img":"https://fd6-photos.leclercdrive.fr/image.ashx?id=2685799&use=l&cat=p&typeid=i","cat":284728},{"id":116250,"n":"LLait bébé en poudre Gallia Calisma 1er âge  0-6 mois 700g","p":14.73,"u":"21,04 €/KG","img":"https://fd6-photos.leclercdrive.fr/image.ashx?id=2479718&use=l&cat=p&typeid=i","cat":284726},{"id":116284,"n":"Tablette de chocolat Côte d'Or Lait coeur coulant caramel 200g","p":4.06,"u":"20,30 €/KG","img":"https://fd6-photos.leclercdrive.fr/image.ashx?id=1925405&use=l&cat=p&typeid=i","cat":284497},{"id":116321,"n":"Soupe liquide Liebig tomates  Et vermicelles - Brique 1L","p":2.12,"u":"2,12 €/L","img":"https://fd6-photos.leclercdrive.fr/image.ashx?id=2941481&use=l&cat=p&typeid=i","cat":284462},{"id":116325,"n":"Velouté Bio Liebig 6 légumes - 75cl","p":3.32,"u":"4,43 €/L","img":"https://fd6-photos.leclercdrive.fr/image.ashx?id=2842561&use=l&cat=p&typeid=i","cat":284462},{"id":116326,"n":"Soupe liquide Bio Liebig  Velouté Potiron Carottes - 75cl","p":3.1,"u":"4,13 €/L","img":"https://fd6-photos.leclercdrive.fr/image.ashx?id=2842567&use=l&cat=p&typeid=i","cat":284462},{"id":116339,"n":"Test de grossesse Mercurochrome 1 pièce","p":3.94,"img":"https://fd6-photos.leclercdrive.fr/image.ashx?id=2806958&use=l&cat=p&typeid=i","cat":324482},{"id":116387,"n":"Pâte à tartiner Poulain  Cacao noisette - 400g","p":2.92,"u":"7,30 €/KG","img":"https://fd6-photos.leclercdrive.fr/image.ashx?id=2806354&use=l&cat=p&typeid=i","cat":284481},{"id":116431,"n":"Parmentier de boeuf Charolais Fleury Michon - 300g","p":3.08,"u":"10,27 €/KG","img":"https://fd6-photos.leclercdrive.fr/image.ashx?id=2662346&use=l&cat=p&typeid=i","cat":333665},{"id":116432,"n":"Parmentier de saumon Fleury Michon - 300g","p":3.02,"u":"10,07 €/KG","img":"https://fd6-photos.leclercdrive.fr/image.ashx?id=2662349&use=l&cat=p&typeid=i","cat":333665},{"id":116557,"n":"Mouche bébé Prohinel  x2 embouts jetables","p":7.1,"img":"https://fd6-photos.leclercdrive.fr/image.ashx?id=2918817&use=l&cat=p&typeid=i","cat":289435},{"id":116581,"n":"Frites au four Bio Bio Village - 600g","p":1.99,"u":"3,32 €/KG","img":"https://fd6-photos.leclercdrive.fr/image.ashx?id=2436329&use=l&cat=p&typeid=i","cat":319791},{"id":116583,"n":"Pâte a tartiner Bio Village Aux noisettes bio - 350g","p":2.45,"u":"7,00 €/KG","img":"https://fd6-photos.leclercdrive.fr/image.ashx?id=2977198&use=l&cat=p&typeid=i","cat":284481},{"id":116584,"n":"Confiture extra bio Bio Village Framboises - 370g","p":2.79,"u":"7,54 €/KG","img":"https://fd6-photos.leclercdrive.fr/image.ashx?id=2965635&use=l&cat=p&typeid=i","cat":284480},{"id":116958,"n":"Chorizo Espagnol Merle 16 tranches - 80g","p":1.29,"u":"16,13 €/KG","img":"https://fd6-photos.leclercdrive.fr/image.ashx?id=2913259&use=l&cat=p&typeid=i","cat":316007},{"id":116985,"n":"Parmesan Râpé Giovanni Ferrari  22 mois AOP - 60g","p":1.81,"u":"30,17 €/KG","img":"https://fd6-photos.leclercdrive.fr/image.ashx?id=3002297&use=l&cat=p&typeid=i","cat":314035},{"id":117132,"n":"Bouillon kub légumes Maggi -25% sel - 120g","p":1.5,"u":"12,50 €/KG","img":"https://fd6-photos.leclercdrive.fr/image.ashx?id=2758443&use=l&cat=p&typeid=i","cat":288379},{"id":117225,"n":"Sirop Moulin de Valdonne Grenadine - 70cl","p":3.05,"u":"4,36 €/L","img":"https://fd6-photos.leclercdrive.fr/image.ashx?id=2170610&use=l&cat=p&typeid=i","cat":295020},{"id":117235,"n":"Sirop Moulin de Valdonne Pêche abricot - 70cl","p":3.47,"u":"4,96 €/L","img":"https://fd6-photos.leclercdrive.fr/image.ashx?id=2170613&use=l&cat=p&typeid=i","cat":295020},{"id":117238,"n":"Shampooing bio Bio naïa Cheveux secs abimés - 250ml","p":1.8,"u":"7,20 €/L","img":"https://fd6-photos.leclercdrive.fr/image.ashx?id=2512481&use=l&cat=p&typeid=i","cat":284606},{"id":117242,"n":"Biscuit coco pavot GERBLE BIO  Bio - 4x3, 132g","p":2.0,"u":"15,15 €/KG","img":"https://fd6-photos.leclercdrive.fr/image.ashx?id=2664052&use=l&cat=p&typeid=i","cat":284487},{"id":117244,"n":"Biscuit 3 graines Gerblé Bio  - 132g","p":2.0,"u":"15,15 €/KG","img":"https://fd6-photos.leclercdrive.fr/image.ashx?id=2664055&use=l&cat=p&typeid=i","cat":318651},{"id":117245,"n":"Sacs de congélation zip Alfapac Renforcé - x30","p":2.68,"img":"https://fd6-photos.leclercdrive.fr/image.ashx?id=2986338&use=l&cat=p&typeid=i","cat":334134},{"id":117246,"n":"Biscuits Gerblé Bio Citron gingembre - 132g","p":2.01,"u":"15,23 €/KG","img":"https://fd6-photos.leclercdrive.fr/image.ashx?id=2662871&use=l&cat=p&typeid=i","cat":318651},{"id":117248,"n":"Biscuits Gerblé Bio Amande cranberry - 132g","p":2.01,"u":"15,23 €/KG","img":"https://fd6-photos.leclercdrive.fr/image.ashx?id=2662868&use=l&cat=p&typeid=i","cat":318651},{"id":117252,"n":"Mouliné Régal Soupe Légumes d'autrefois - 1L","p":1.65,"u":"1,65 €/L","img":"https://fd6-photos.leclercdrive.fr/image.ashx?id=2607590&use=l&cat=p&typeid=i","cat":284462},{"id":117283,"n":"Petits pois Notre Jardin Sans sel ajouté - 280g","p":0.9,"u":"3,21 €/KG","img":"https://fd6-photos.leclercdrive.fr/image.ashx?id=3002638&use=l&cat=p&typeid=i","cat":312607},{"id":117293,"n":"Petits pois Notre Jardin Carottes Sans sel ajouté - 265g","p":0.99,"u":"3,74 €/KG","img":"https://fd6-photos.leclercdrive.fr/image.ashx?id=3002641&use=l&cat=p&typeid=i","cat":312607},{"id":117330,"n":"Champignon Notre Jardin Emincé Sans sel ajouté - 230g","p":1.18,"u":"5,13 €/KG","img":"https://fd6-photos.leclercdrive.fr/image.ashx?id=1792507&use=l&cat=p&typeid=i","cat":312610},{"id":117378,"n":"Petits pois d'aucy  Bio - 58cl","p":3.3,"u":"9,71 €/KG","img":"https://fd6-photos.leclercdrive.fr/image.ashx?id=2431545&use=l&cat=p&typeid=i","cat":312607},{"id":117379,"n":"Pois chiches Bio D'Aucy 340g","p":3.03,"u":"8,91 €/KG","img":"https://fd6-photos.leclercdrive.fr/image.ashx?id=2562193&use=l&cat=p&typeid=i","cat":312609},{"id":117404,"n":"La Poêlée Rustique Bonduelle 750g","p":3.5,"u":"4,67 €/KG","img":"https://fd6-photos.leclercdrive.fr/image.ashx?id=2910055&use=l&cat=p&typeid=i","cat":319823},{"id":117407,"n":"Poêlée à la paysanne Bonduelle 750g","p":3.48,"u":"4,64 €/KG","img":"https://fd6-photos.leclercdrive.fr/image.ashx?id=2907911&use=l&cat=p&typeid=i","cat":319823},{"id":117457,"n":"Eau aromatisée Cristaline Jus de fruits citron - 1.5L","p":1.1,"u":"0,73 €/L","img":"https://fd6-photos.leclercdrive.fr/image.ashx?id=2386623&use=l&cat=p&typeid=i","cat":284537},{"id":117570,"n":"Galettes de riz Tables du monde Sachet - 100g","p":2.25,"u":"22,50 €/KG","img":"https://fd6-photos.leclercdrive.fr/image.ashx?id=2920223&use=l&cat=p&typeid=i","cat":288992},{"id":117621,"n":"Granulés de bois Din+ 70/45 mm - 15kg","p":4.95,"u":"0,33 €/KG","img":"https://fd6-photos.leclercdrive.fr/image.ashx?id=1847743&use=l&cat=p&typeid=i","cat":300577},{"id":117721,"n":"Truite Fumée  Ronde des Mers  4 tranches - 120g","p":4.3,"u":"35,83 €/KG","img":"https://fd6-photos.leclercdrive.fr/image.ashx?id=2084096&use=l&cat=p&typeid=i","cat":285188},{"id":117731,"n":"Plateau 5 fromages NRT 900g","p":18.5,"u":"20,56 €/KG","img":"https://fd6-photos.leclercdrive.fr/image.ashx?id=1858655&use=l&cat=p&typeid=i","cat":327294},{"id":118024,"n":"Champagne Piper Heidsieck Rosé sauvage 12% Vol - 75 cl","p":32.21,"u":"42,95 €/L","img":"https://fd6-photos.leclercdrive.fr/image.ashx?id=2103247&use=l&cat=p&typeid=i","cat":284542},{"id":118038,"n":"AOP Alsace Gewurztraminer Nos Vignerons ont du Talent - 75cl","p":8.99,"u":"11,99 €/L","img":"https://fd6-photos.leclercdrive.fr/image.ashx?id=2566203&use=l&cat=p&typeid=i","cat":289557},{"id":118113,"n":"Sauce soja Bio Village Bio - 150ml","p":1.99,"u":"13,27 €/L","img":"https://fd6-photos.leclercdrive.fr/image.ashx?id=2913772&use=l&cat=p&typeid=i","cat":288992},{"id":118116,"n":"Sauce soja sucrée Bio Village Bio - 150ml","p":1.99,"u":"13,27 €/L","img":"https://fd6-photos.leclercdrive.fr/image.ashx?id=2913775&use=l&cat=p&typeid=i","cat":288992},{"id":118193,"n":"Beurre Bocage Doux - 60%MG - 250g","p":2.17,"u":"8,68 €/KG","img":"https://fd6-photos.leclercdrive.fr/image.ashx?id=2752891&use=l&cat=p&typeid=i","cat":284379},{"id":118194,"n":"Beurre Bocage  Demi-sel - 60%MG - 250g","p":2.06,"u":"8,24 €/KG","img":"https://fd6-photos.leclercdrive.fr/image.ashx?id=2578070&use=l&cat=p&typeid=i","cat":284379},{"id":118210,"n":"Coquilles Saint-Jacques Tipiak à la Bretonne - 10x90g","p":14.13,"u":"15,70 €/KG","img":"https://fd6-photos.leclercdrive.fr/image.ashx?id=2614092&use=l&cat=p&typeid=i","cat":319775},{"id":118212,"n":"Coquille Saint Jacques Tipiak Fondue de poireaux - 10x90g","p":14.2,"u":"15,78 €/KG","img":"https://fd6-photos.leclercdrive.fr/image.ashx?id=2613444&use=l&cat=p&typeid=i","cat":319775},{"id":118217,"n":"Mini coquilles Saint-Jacques  Tipiak x8 - 100g","p":3.75,"u":"37,50 €/KG","img":"https://fd6-photos.leclercdrive.fr/image.ashx?id=2484212&use=l&cat=p&typeid=i","cat":319775},{"id":118220,"n":"Mini croustillants Tipiak Saint Jacques - x10 - 120g","p":3.75,"u":"31,25 €/KG","img":"https://fd6-photos.leclercdrive.fr/image.ashx?id=2484209&use=l&cat=p&typeid=i","cat":319774},{"id":118226,"n":"Couronne d'Occitanie NRT Anis -175g","p":1.95,"u":"11,14 €/KG","img":"https://fd6-photos.leclercdrive.fr/image.ashx?id=2622344&use=l&cat=p&typeid=i","cat":284487},{"id":118227,"n":"Couronne d'Occitanie NRT Abricot -175g","p":1.95,"u":"11,14 €/KG","img":"https://fd6-photos.leclercdrive.fr/image.ashx?id=2704909&use=l&cat=p&typeid=i","cat":284487},{"id":118282,"n":"Cordon bleu Marie Coquillettes - 280g","p":3.82,"u":"13,64 €/KG","img":"https://fd6-photos.leclercdrive.fr/image.ashx?id=2317495&use=l&cat=p&typeid=i","cat":333665},{"id":118289,"n":"Canard confit Marie Ecrasé de pomme de terre 300g","p":4.34,"u":"14,47 €/KG","img":"https://fd6-photos.leclercdrive.fr/image.ashx?id=2799886&use=l&cat=p&typeid=i","cat":333665},{"id":118318,"n":"Fromage Raclette Les Croisés Truffe - 200g","p":4.7,"u":"23,50 €/KG","img":"https://fd6-photos.leclercdrive.fr/image.ashx?id=2793293&use=l&cat=p&typeid=i","cat":314037},{"id":118320,"n":"Raclette Les Croisés  Moutarde - 250g","p":3.69,"u":"14,76 €/KG","img":"https://fd6-photos.leclercdrive.fr/image.ashx?id=2793287&use=l&cat=p&typeid=i","cat":314037},{"id":118387,"n":"AOC Bourgogne Côte d'Or Nos Vignerons ont du Talent - 75cl","p":14.99,"u":"19,99 €/L","img":"https://fd6-photos.leclercdrive.fr/image.ashx?id=2355422&use=l&cat=p&typeid=i","cat":289557},{"id":118408,"n":"Lait bébé en poudre Galliagest 1er âge 0-6 mois 820g","p":19.31,"u":"23,55 €/KG","img":"https://fd6-photos.leclercdrive.fr/image.ashx?id=2983054&use=l&cat=p&typeid=i","cat":284726},{"id":118412,"n":"Lait bébé en poudre Galliagest 2 âge 6-12 mois 820g","p":18.52,"u":"22,59 €/KG","img":"https://fd6-photos.leclercdrive.fr/image.ashx?id=2771666&use=l&cat=p&typeid=i","cat":284727},{"id":118414,"n":"Lait bébé en poudre Blédilait 1er âge 0-6 mois 820g","p":15.58,"u":"19,00 €/KG","img":"https://fd6-photos.leclercdrive.fr/image.ashx?id=2500051&use=l&cat=p&typeid=i","cat":284726},{"id":118426,"n":"Lait bébé en poudre Blédilait 2e âge 6-12 mois 820g","p":14.76,"u":"18,00 €/KG","img":"https://fd6-photos.leclercdrive.fr/image.ashx?id=2500054&use=l&cat=p&typeid=i","cat":284727},{"id":118442,"n":"Bonbons Tic Tac Menthe extra fraîche x100 - 49g","p":1.6,"u":"32,65 €/KG","img":"https://fd6-photos.leclercdrive.fr/image.ashx?id=2737243&use=l&cat=p&typeid=i","cat":304256},{"id":118447,"n":"Soupe deshydratée Knorr Tomate mozzarella - 75cl","p":1.18,"u":"1,57 €/L","img":"https://fd6-photos.leclercdrive.fr/image.ashx?id=2788919&use=l&cat=p&typeid=i","cat":284463},{"id":118485,"n":"Préservatifs Skyn Manix Elite - x10","p":10.33,"u":"1,03 €/P","img":"https://fd6-photos.leclercdrive.fr/image.ashx?id=2861051&use=l&cat=p&typeid=i","cat":284631},{"id":118487,"n":"Préservatifs Skyn Manix King size - x10","p":6.99,"u":"0,70 €/P","img":"https://fd6-photos.leclercdrive.fr/image.ashx?id=2861066&use=l&cat=p&typeid=i","cat":284631},{"id":118491,"n":"Gel lubrifiant Manix Fraise - 80ml","p":5.1,"img":"https://fd6-photos.leclercdrive.fr/image.ashx?id=2968334&use=l&cat=p&typeid=i","cat":285160},{"id":118492,"n":"Gel lubrifiant Manix Pure - 80ml","p":5.3,"u":"66,25 €/L","img":"https://fd6-photos.leclercdrive.fr/image.ashx?id=2886160&use=l&cat=p&typeid=i","cat":285160},{"id":118536,"n":"Boules inox Eco+ x2","p":0.24,"u":"0,12 €/P","img":"https://fd6-photos.leclercdrive.fr/image.ashx?id=2984483&use=l&cat=p&typeid=i","cat":284667},{"id":118574,"n":"Saumon fumé de Norvège Petit Navire 10 tranches - 325g","p":10.7,"u":"32,92 €/KG","img":"https://fd6-photos.leclercdrive.fr/image.ashx?id=2159949&use=l&cat=p&typeid=i","cat":285188},{"id":118583,"n":"Tampons Uni Vert Normal digital - x16","p":1.63,"u":"0,10 €/P","img":"https://fd6-photos.leclercdrive.fr/image.ashx?id=2388385&use=l&cat=p&typeid=i","cat":284626},{"id":118612,"n":"Crêpes fourrées  Whaou Chocolat au lait  - x8 - 256g","p":2.34,"u":"9,14 €/KG","img":"https://fd6-photos.leclercdrive.fr/image.ashx?id=2960171&use=l&cat=p&typeid=i","cat":284494},{"id":118669,"n":"Câpres surfines Jardin d'Orante Citron et thym - Bio - 60g","p":2.47,"u":"41,17 €/KG","img":"https://fd6-photos.leclercdrive.fr/image.ashx?id=2883113&use=l&cat=p&typeid=i","cat":284458},{"id":118820,"n":"Chocolats Ferrero Collection Assortiments x48 - 518g","p":15.98,"u":"30,85 €/KG","img":"https://fd6-photos.leclercdrive.fr/image.ashx?id=2940510&use=l&cat=p&typeid=i","cat":327595},{"id":118982,"n":"Coquilles Saint Jacques Royales x2 - 240g","p":7.29,"u":"30,38 €/KG","img":"https://fd6-photos.leclercdrive.fr/image.ashx?id=2604704&use=l&cat=p&typeid=i","cat":319775},{"id":118985,"n":"Sapin de Noel Pomme de terre Kauffer's 15 pièces - 525g","p":3.95,"u":"7,52 €/KG","img":"https://fd6-photos.leclercdrive.fr/image.ashx?id=1988343&use=l&cat=p&typeid=i","cat":319792},{"id":119003,"n":"Crème de mirabelle Giffard 16% vol - 50cl","p":6.12,"u":"12,24 €/L","img":"https://fd6-photos.leclercdrive.fr/image.ashx?id=2219669&use=l&cat=p&typeid=i","cat":286032},{"id":119004,"n":"Limoncello - 25% vol Giffard - 70cl","p":11.37,"u":"16,24 €/L","img":"https://fd6-photos.leclercdrive.fr/image.ashx?id=1858795&use=l&cat=p&typeid=i","cat":286032},{"id":119007,"n":"Whisky Sir Edward's Smoky 40%vol. - 70cl","p":15.09,"u":"21,56 €/L","img":"https://fd6-photos.leclercdrive.fr/image.ashx?id=2543984&use=l&cat=p&typeid=i","cat":284547},{"id":119123,"n":"Barre de céréales Nature Valley Crunchy multi variétés X5-210g","p":2.68,"u":"12,76 €/KG","img":"https://fd6-photos.leclercdrive.fr/image.ashx?id=2616270&use=l&cat=p&typeid=i","cat":285869},{"id":119128,"n":"Arrangé rhum Chatel Ananas vanille 40% vol. - 70cl","p":18.95,"pp":15.95,"u":"22,79 €/L","img":"https://fd6-photos.leclercdrive.fr/image.ashx?id=2277200&use=l&cat=p&typeid=i","cat":284551},{"id":119185,"n":"Bougie vanille Uni Vert 30h - 130g","p":3.99,"u":"30,69 €/KG","img":"https://fd6-photos.leclercdrive.fr/image.ashx?id=2670347&use=l&cat=p&typeid=i","cat":284666},{"id":119190,"n":"Cordon bleu de poulet Éleveurs   des Hauts de France - 240g","p":4.09,"u":"17,04 €/KG","img":"https://fd6-photos.leclercdrive.fr/image.ashx?id=2113208&use=l&cat=p&typeid=i","cat":333683},{"id":119191,"n":"Nuggets de poulet Eleveurs  des Hauts de France - 300g","p":4.19,"u":"13,97 €/KG","img":"https://fd6-photos.leclercdrive.fr/image.ashx?id=2113211&use=l&cat=p&typeid=i","cat":333684},{"id":119259,"n":"Couches Love & Green Hypoallergéniques Taille 3- x52","p":14.69,"u":"0,28 €/P","img":"https://fd6-photos.leclercdrive.fr/image.ashx?id=2798138&use=l&cat=p&typeid=i","cat":284737},{"id":119260,"n":"Couches Love & Green Hypoallergéniques Taille 4- x46","p":14.69,"u":"0,32 €/P","img":"https://fd6-photos.leclercdrive.fr/image.ashx?id=2798141&use=l&cat=p&typeid=i","cat":284737},{"id":119261,"n":"Couches Love & Green Hypoallergéniques Taille 4+-x42","p":14.69,"u":"0,35 €/P","img":"https://fd6-photos.leclercdrive.fr/image.ashx?id=2799524&use=l&cat=p&typeid=i","cat":284737},{"id":119262,"n":"Sauce bolognaise Panzani 100% Pur Bœuf - 400G","p":2.21,"u":"5,53 €/KG","img":"https://fd6-photos.leclercdrive.fr/image.ashx?id=2984754&use=l&cat=p&typeid=i","cat":287599},{"id":119263,"n":"Couches Love & Green Hypoallergéniques Taille 5- x40","p":14.69,"u":"0,37 €/P","img":"https://fd6-photos.leclercdrive.fr/image.ashx?id=2799527&use=l&cat=p&typeid=i","cat":284737},{"id":119264,"n":"Sauce Bolognaise Panzani 100% Pur Bœuf - 650G","p":3.51,"u":"5,40 €/KG","img":"https://fd6-photos.leclercdrive.fr/image.ashx?id=2977933&use=l&cat=p&typeid=i","cat":287599},{"id":119267,"n":"Café moulu Plantation Noir intense - 3x250g","p":10.19,"u":"13,59 €/KG","img":"https://fd6-photos.leclercdrive.fr/image.ashx?id=2607587&use=l&cat=p&typeid=i","cat":284750},{"id":119269,"n":"Couches Love & Green Hypoallergéniques Taille 6- x34","p":16.64,"u":"0,49 €/P","img":"https://fd6-photos.leclercdrive.fr/image.ashx?id=2799530&use=l&cat=p&typeid=i","cat":284737},{"id":119271,"n":"Haricots rouge Notre Jardin 3x125g","p":1.91,"u":"5,09 €/KG","img":"https://fd6-photos.leclercdrive.fr/image.ashx?id=2988111&use=l&cat=p&typeid=i","cat":312606},{"id":119273,"n":"Carottes Notre Jardin 3x130g","p":2.25,"u":"5,77 €/KG","img":"https://fd6-photos.leclercdrive.fr/image.ashx?id=3002629&use=l&cat=p&typeid=i","cat":312607},{"id":119275,"n":"Haricots blancs Notre Jardin 3x125g","p":1.99,"u":"5,31 €/KG","img":"https://fd6-photos.leclercdrive.fr/image.ashx?id=3002632&use=l&cat=p&typeid=i","cat":312606},{"id":119284,"n":"Protège slips Love & Green Hypoallergéniques 0% - x30","p":2.76,"u":"0,09 €/P","img":"https://fd6-photos.leclercdrive.fr/image.ashx?id=2811356&use=l&cat=p&typeid=i","cat":284625},{"id":119290,"n":"Serviette incontinence Uni Vert Ecolo Normale - x12","p":2.9,"u":"0,24 €/P","img":"https://fd6-photos.leclercdrive.fr/image.ashx?id=1880545&use=l&cat=p&typeid=i","cat":284628},{"id":119294,"n":"Serviette incontinence Uni Vert Ecolo super - x10","p":2.9,"u":"0,29 €/P","img":"https://fd6-photos.leclercdrive.fr/image.ashx?id=1880548&use=l&cat=p&typeid=i","cat":284628},{"id":119332,"n":"Tampon digital Uni Vert Ecolo super - x16","p":1.9,"u":"0,12 €/P","img":"https://fd6-photos.leclercdrive.fr/image.ashx?id=2939085&use=l&cat=p&typeid=i","cat":284626},{"id":119333,"n":"Serviettes normales Love&Green Hypoallergéniques 0% - x14","p":2.74,"u":"0,20 €/P","img":"https://fd6-photos.leclercdrive.fr/image.ashx?id=2811359&use=l&cat=p&typeid=i","cat":284624},{"id":119337,"n":"Crème légère jour So Bio Etic Anti-âge argan bio - 50ml","p":8.58,"u":"171,60 €/L","img":"https://fd6-photos.leclercdrive.fr/image.ashx?id=2788730&use=l&cat=p&typeid=i","cat":325345},{"id":119339,"n":"Gel nettoyant Uni Vert Entretien canalisations - 1L","p":3.9,"u":"3,90 €/L","img":"https://fd6-photos.leclercdrive.fr/image.ashx?id=2593471&use=l&cat=p&typeid=i","cat":284908},{"id":119510,"n":"Blancs de poireaux filière Panier du Primeur - 500g","p":2.99,"u":"5,98 €/KG","img":"https://fd6-photos.leclercdrive.fr/image.ashx?id=2930894&use=l&cat=p&typeid=i","cat":284352},{"id":119561,"n":"Compotes Materne Coupelles Pomme Pruneau - 4x100g","p":1.57,"u":"3,93 €/KG","img":"https://fd6-photos.leclercdrive.fr/image.ashx?id=3010858&use=l&cat=p&typeid=i","cat":284508},{"id":119571,"n":"Douceur de Brebis vanille 4x100g - Le Petit Basque","p":2.14,"u":"5,35 €/KG","img":"https://fd6-photos.leclercdrive.fr/image.ashx?id=2248093&use=l&cat=p&typeid=i","cat":314998},{"id":119594,"n":"Endives jeunes pousses  Nos Régions ont du Talent x6","p":2.49,"u":"9,58 €/KG","img":"https://fd6-photos.leclercdrive.fr/image.ashx?id=2778099&use=l&cat=p&typeid=i","cat":284352},{"id":119634,"n":"Gourmet Gold Régal de sauce  x12 - 85g","p":7.12,"u":"6,98 €/KG","img":"https://fd6-photos.leclercdrive.fr/image.ashx?id=2902364&use=l&cat=p&typeid=i","cat":285286},{"id":119709,"n":"Fromage Persillée Saint Agur  125g","p":2.38,"u":"19,04 €/KG","img":"https://fd6-photos.leclercdrive.fr/image.ashx?id=2981515&use=l&cat=p&typeid=i","cat":314032},{"id":119721,"n":"AdBlue Finissime 5L","p":6.45,"u":"1,29 €/L","img":"https://fd6-photos.leclercdrive.fr/image.ashx?id=2473444&use=l&cat=p&typeid=i","cat":298253},{"id":119767,"n":"Eau micellaire bio Bionaïa 400ml","p":3.73,"u":"9,33 €/L","img":"https://fd6-photos.leclercdrive.fr/image.ashx?id=2376055&use=l&cat=p&typeid=i","cat":284603},{"id":119797,"n":"Comté fromage bloc Les Croisés 200g","p":2.85,"u":"14,25 €/KG","img":"https://fd6-photos.leclercdrive.fr/image.ashx?id=2856585&use=l&cat=p&typeid=i","cat":314034},{"id":119893,"n":"Skyr Nature Délisse 450g","p":1.89,"u":"4,20 €/KG","img":"https://fd6-photos.leclercdrive.fr/image.ashx?id=2992549&use=l&cat=p&typeid=i","cat":315000},{"id":119941,"n":"Fromage à Tartiner Tartare Ail et Fines Herbes 10P - 160g","p":2.07,"u":"12,94 €/KG","img":"https://fd6-photos.leclercdrive.fr/image.ashx?id=2867410&use=l&cat=p&typeid=i","cat":314029},{"id":119943,"n":"Soupe 10 légumes Liebig A la crème - x2 - 60cl","p":2.36,"u":"3,93 €/L","img":"https://fd6-photos.leclercdrive.fr/image.ashx?id=2892139&use=l&cat=p&typeid=i","cat":284462},{"id":120140,"n":"Kinder Surprise Père Noël - 36g","p":2.17,"u":"60,28 €/KG","img":"https://fd6-photos.leclercdrive.fr/image.ashx?id=1984789&use=l&cat=p&typeid=i","cat":327592},{"id":120195,"n":"Plaquettes de bois rouge Beaux Jours - 50L","p":9.49,"u":"0,19 €/L","img":"https://fd6-photos.leclercdrive.fr/image.ashx?id=1871215&use=l&cat=p&typeid=i","cat":335919},{"id":120211,"n":"Nissin soba Cup Yakitori Poulet 89g","p":2.75,"u":"30,90 €/KG","img":"https://fd6-photos.leclercdrive.fr/image.ashx?id=2433509&use=l&cat=p&typeid=i","cat":288992},{"id":120212,"n":"Nouilles soba Cup Nissin Classique - 90g","p":1.99,"u":"22,11 €/KG","img":"https://fd6-photos.leclercdrive.fr/image.ashx?id=2433512&use=l&cat=p&typeid=i","cat":288992},{"id":120213,"n":"Nissin soba Cup Chili  92g","p":2.01,"u":"21,85 €/KG","img":"https://fd6-photos.leclercdrive.fr/image.ashx?id=2160108&use=l&cat=p&typeid=i","cat":288992},{"id":120214,"n":"Nissin Soba Cup Teriyaki  90g","p":1.99,"u":"22,11 €/KG","img":"https://fd6-photos.leclercdrive.fr/image.ashx?id=2160111&use=l&cat=p&typeid=i","cat":288992},{"id":120224,"n":"Cristaux de soude Clair 500g","p":1.93,"u":"3,86 €/KG","img":"https://fd6-photos.leclercdrive.fr/image.ashx?id=2822144&use=l&cat=p&typeid=i","cat":325365},{"id":120225,"n":"Percarbonate de sodium Clair 500g","p":2.99,"u":"5,98 €/KG","img":"https://fd6-photos.leclercdrive.fr/image.ashx?id=2822141&use=l&cat=p&typeid=i","cat":325365},{"id":120261,"n":"Lessive liquide Epsil Anti-transfert - 40 lavages 2L","p":5.99,"u":"3,00 €/L","img":"https://fd6-photos.leclercdrive.fr/image.ashx?id=2838936&use=l&cat=p&typeid=i","cat":284640},{"id":120266,"n":"Galettes de riz Tanoshi Vietnam x10 - 100g","p":2.97,"u":"2,97 €/KG","img":"https://fd6-photos.leclercdrive.fr/image.ashx?id=2999982&use=l&cat=p&typeid=i","cat":288992},{"id":120289,"n":"Capsules Nescafé Dolce Gusto Café au lait 30 capsules","p":8.33,"u":"27,77 €/KG","img":"https://fd6-photos.leclercdrive.fr/image.ashx?id=2849262&use=l&cat=p&typeid=i","cat":293239},{"id":120295,"n":"Mascara Waterproof Maybelline  Cils Sensational Extra-noir","p":7.8,"img":"https://fd6-photos.leclercdrive.fr/image.ashx?id=2377781&use=l&cat=p&typeid=i","cat":287029},{"id":120331,"n":"Eau gazeuse minérale Salvetat Pauvre en sodium - 6x1,15L","p":2.94,"u":"0,43 €/L","img":"https://fd6-photos.leclercdrive.fr/image.ashx?id=2578693&use=l&cat=p&typeid=i","cat":284536},{"id":120335,"n":"Eau gazeuse aromatisée Salvetat citron - 1,15L","p":0.83,"u":"0,72 €/L","img":"https://fd6-photos.leclercdrive.fr/image.ashx?id=2279753&use=l&cat=p&typeid=i","cat":284536},{"id":120344,"n":"Mini dévidoir Beaux Jours Equipé 10m - 1 pièce","p":15.5,"img":"https://fd6-photos.leclercdrive.fr/image.ashx?id=1871218&use=l&cat=p&typeid=i","cat":335920},{"id":120348,"n":"Purée 4 mois Bio Village Pomme pruneaux bio - 4x100g","p":1.69,"u":"4,23 €/KG","img":"https://fd6-photos.leclercdrive.fr/image.ashx?id=2704837&use=l&cat=p&typeid=i","cat":312387},{"id":120349,"n":"Purée 4 mois Bio Village Pomme Abricot bio - 4x100g","p":1.89,"u":"4,73 €/KG","img":"https://fd6-photos.leclercdrive.fr/image.ashx?id=2704690&use=l&cat=p&typeid=i","cat":312387},{"id":120350,"n":"Purée 4 mois Bio Village Pomme coing bio - 4x100g","p":1.79,"u":"4,48 €/KG","img":"https://fd6-photos.leclercdrive.fr/image.ashx?id=2704840&use=l&cat=p&typeid=i","cat":312387},{"id":120351,"n":"Purée 4 mois Bio Village Pomme myrtilles bio - 4x100g","p":1.99,"u":"4,98 €/KG","img":"https://fd6-photos.leclercdrive.fr/image.ashx?id=2704843&use=l&cat=p&typeid=i","cat":312387},{"id":120401,"n":"Boisson aux fruits Oasis Tropical - 4x2L","p":9.54,"u":"1,19 €/L","img":"https://fd6-photos.leclercdrive.fr/image.ashx?id=3011089&use=l&cat=p&typeid=i","cat":295018},{"id":120402,"n":"Nettoyant multi surface Romarin L'Arbre vert - 1L","p":1.92,"u":"1,92 €/L","img":"https://fd6-photos.leclercdrive.fr/image.ashx?id=2948063&use=l&cat=p&typeid=i","cat":325357},{"id":120403,"n":"Adoucissant L'Arbre Vert Souffle de pureté x53 - 800ml","p":2.96,"u":"3,70 €/L","img":"https://fd6-photos.leclercdrive.fr/image.ashx?id=3001386&use=l&cat=p&typeid=i","cat":284650},{"id":120421,"n":"Crème de coco Real Thai 200ml","p":1.53,"u":"7,65 €/L","img":"https://fd6-photos.leclercdrive.fr/image.ashx?id=2857944&use=l&cat=p&typeid=i","cat":288992},{"id":120426,"n":"Protège slip écolo Uni vert Normal - x30","p":2.12,"u":"0,07 €/P","img":"https://fd6-photos.leclercdrive.fr/image.ashx?id=2799787&use=l&cat=p&typeid=i","cat":284625},{"id":120428,"n":"Serviette ecolo Uni Vert Normal - x14","p":1.79,"u":"0,13 €/P","img":"https://fd6-photos.leclercdrive.fr/image.ashx?id=2831589&use=l&cat=p&typeid=i","cat":284624},{"id":120429,"n":"Serviette écolo Uni vert Super+ - x12","p":1.55,"u":"0,13 €/P","img":"https://fd6-photos.leclercdrive.fr/image.ashx?id=2820445&use=l&cat=p&typeid=i","cat":284624},{"id":120430,"n":"Serviette écolo Uni Vert Nuit + - x10","p":1.79,"u":"0,18 €/P","img":"https://fd6-photos.leclercdrive.fr/image.ashx?id=2806780&use=l&cat=p&typeid=i","cat":284624},{"id":120485,"n":"Mascara Volume L'Oréal Paris Millions de Cils Extra Black","p":13.5,"img":"https://fd6-photos.leclercdrive.fr/image.ashx?id=2419170&use=l&cat=p&typeid=i","cat":287029},{"id":120488,"n":"Riz parfumé Comptoir du Grain Basmati -1kg","p":2.48,"u":"2,48 €/KG","img":"https://fd6-photos.leclercdrive.fr/image.ashx?id=2923399&use=l&cat=p&typeid=i","cat":284428},{"id":120492,"n":"Céréales fourrées P'tit Déli Chocolat noisette - 450g","p":2.19,"u":"4,87 €/KG","img":"https://fd6-photos.leclercdrive.fr/image.ashx?id=2819636&use=l&cat=p&typeid=i","cat":309513},{"id":120504,"n":"Bloc WC Net Energy Eau bleue - x1","p":2.41,"img":"https://fd6-photos.leclercdrive.fr/image.ashx?id=2267789&use=l&cat=p&typeid=i","cat":284662},{"id":120505,"n":"Mascara Waterproof L'OréalParis Millions de Cils Noir","p":13.68,"u":"506,67 €/KG","img":"https://fd6-photos.leclercdrive.fr/image.ashx?id=2278076&use=l&cat=p&typeid=i","cat":287029},{"id":120512,"n":"Fond de Teint L'Oréal Paris Accord Parfait 4.N Beige","p":13.58,"img":"https://fd6-photos.leclercdrive.fr/image.ashx?id=2937352&use=l&cat=p&typeid=i","cat":287029},{"id":120519,"n":"Correcteur anticerne Maybelline Instant Anti-Age 02 Beige Nu","p":8.49,"img":"https://fd6-photos.leclercdrive.fr/image.ashx?id=2423172&use=l&cat=p&typeid=i","cat":287029},{"id":120520,"n":"Mascara Maybelline  Cils Sensational Extra-noir","p":8.38,"img":"https://fd6-photos.leclercdrive.fr/image.ashx?id=2377784&use=l&cat=p&typeid=i","cat":287029},{"id":120587,"n":"Friandise pour chat Dentalife Saumon - 40g","p":1.45,"u":"36,25 €/KG","img":"https://fd6-photos.leclercdrive.fr/image.ashx?id=2468638&use=l&cat=p&typeid=i","cat":285285},{"id":120660,"n":"Purée 4 mois Bio Village Fruits verger bio - 4x100g","p":1.89,"u":"4,73 €/KG","img":"https://fd6-photos.leclercdrive.fr/image.ashx?id=2704846&use=l&cat=p&typeid=i","cat":312387},{"id":120661,"n":"Purée 4 mois Bio Village Pomme Fraise Banane bio -4x100g","p":1.69,"u":"4,23 €/KG","img":"https://fd6-photos.leclercdrive.fr/image.ashx?id=2704849&use=l&cat=p&typeid=i","cat":312387},{"id":120663,"n":"Purée 6 mois Bio Village Pomme carotte mangue bio-4x100g","p":1.79,"u":"4,48 €/KG","img":"https://fd6-photos.leclercdrive.fr/image.ashx?id=2704852&use=l&cat=p&typeid=i","cat":312388},{"id":120665,"n":"Purée 6 mois Bio Village Pomme Biscuit bio - 4x100g","p":1.79,"u":"4,48 €/KG","img":"https://fd6-photos.leclercdrive.fr/image.ashx?id=2704855&use=l&cat=p&typeid=i","cat":312388},{"id":120679,"n":"Petits pots bébé P'TIT SOUPER Petits pois pâtes 12M+ - 2x200g","p":1.67,"u":"4,18 €/KG","img":"https://fd6-photos.leclercdrive.fr/image.ashx?id=2526517&use=l&cat=p&typeid=i","cat":312239},{"id":120681,"n":"Petits pots bébé P'TIT SOUPER Légumes Pâtes 8M+ - 2x200g","p":2.24,"u":"5,60 €/KG","img":"https://fd6-photos.leclercdrive.fr/image.ashx?id=2526520&use=l&cat=p&typeid=i","cat":312239},{"id":120683,"n":"Petits pots bébé P'TITE RECETTE Bœuf bourguignon 12M+ - 2x200g","p":2.25,"u":"5,63 €/KG","img":"https://fd6-photos.leclercdrive.fr/image.ashx?id=2525714&use=l&cat=p&typeid=i","cat":312237},{"id":120688,"n":"Gel douche argan So Bio Etic Nutrition bio - 650ml","p":5.95,"u":"9,15 €/L","img":"https://fd6-photos.leclercdrive.fr/image.ashx?id=2891583&use=l&cat=p&typeid=i","cat":284594},{"id":120690,"n":"Shampoing Nateïs Cheveux fragiles - 250ml","p":1.27,"u":"5,08 €/L","img":"https://fd6-photos.leclercdrive.fr/image.ashx?id=1889803&use=l&cat=p&typeid=i","cat":284606},{"id":120691,"n":"Après-shampoing Nateïs Cheveux fragiles - 250ml","p":1.35,"u":"5,40 €/L","img":"https://fd6-photos.leclercdrive.fr/image.ashx?id=1905506&use=l&cat=p&typeid=i","cat":284607},{"id":120692,"n":"Pur jus d'orange Bio Village Bio - 2L","p":4.75,"u":"2,38 €/L","img":"https://fd6-photos.leclercdrive.fr/image.ashx?id=2751922&use=l&cat=p&typeid=i","cat":284521},{"id":120694,"n":"Jus de pomme bio Bio Village 1L","p":1.29,"u":"1,29 €/L","img":"https://fd6-photos.leclercdrive.fr/image.ashx?id=2958783&use=l&cat=p&typeid=i","cat":284522},{"id":120720,"n":"Spaghetti Garofalo 500g","p":1.69,"u":"3,38 €/KG","img":"https://fd6-photos.leclercdrive.fr/image.ashx?id=2111496&use=l&cat=p&typeid=i","cat":284427},{"id":120741,"n":"Jus d'orange Bio Village Bio A base de concentré - 1L","p":2.19,"u":"2,19 €/L","img":"https://fd6-photos.leclercdrive.fr/image.ashx?id=2958777&use=l&cat=p&typeid=i","cat":284521},{"id":120797,"n":"Cubes de filets de poulet Volandrie - 450g","p":5.09,"u":"11,31 €/KG","img":"https://fd6-photos.leclercdrive.fr/image.ashx?id=2647901&use=l&cat=p&typeid=i","cat":284336},{"id":120798,"n":"Filet de poulet jaune Volandrie Extra tendre - 300g","p":3.8,"u":"12,67 €/KG","img":"https://fd6-photos.leclercdrive.fr/image.ashx?id=2714894&use=l&cat=p&typeid=i","cat":284336},{"id":120799,"n":"Filet de poulet jaune Volandrie 300g","p":3.69,"u":"12,30 €/KG","img":"https://fd6-photos.leclercdrive.fr/image.ashx?id=2647910&use=l&cat=p&typeid=i","cat":284336},{"id":120800,"n":"Filet de poulet blanc Volandrie Extra tendre - 300g","p":3.8,"u":"12,67 €/KG","img":"https://fd6-photos.leclercdrive.fr/image.ashx?id=2647904&use=l&cat=p&typeid=i","cat":284336},{"id":120822,"n":"Tablette de chocolat noir Lindt Croquant Noisette - 150g","p":3.95,"u":"26,33 €/KG","img":"https://fd6-photos.leclercdrive.fr/image.ashx?id=1877963&use=l&cat=p&typeid=i","cat":284956},{"id":120828,"n":"Poêle 24cm Easy Cook'n Clean Tous feux sauf induction","p":16.9,"img":"https://fd6-photos.leclercdrive.fr/image.ashx?id=2531856&use=l&cat=p&typeid=i","cat":298490},{"id":120829,"n":"Poêle 28cm Easy Cook'n Clean Tous feux sauf induction","p":19.9,"img":"https://fd6-photos.leclercdrive.fr/image.ashx?id=2531859&use=l&cat=p&typeid=i","cat":298490},{"id":120847,"n":"Bonbon colabizz Lutti Acidulé goût cola - 275g","p":1.97,"u":"7,16 €/KG","img":"https://fd6-photos.leclercdrive.fr/image.ashx?id=2551042&use=l&cat=p&typeid=i","cat":304250},{"id":120853,"n":"Bonbons Lutti Scoubifizz Piquants Fruits - 180g","p":1.63,"u":"9,06 €/KG","img":"https://fd6-photos.leclercdrive.fr/image.ashx?id=2964837&use=l&cat=p&typeid=i","cat":304250},{"id":120855,"n":"Bonbons Lutti Filitubs xl Piquants - 180g","p":1.76,"u":"9,78 €/KG","img":"https://fd6-photos.leclercdrive.fr/image.ashx?id=2817440&use=l&cat=p&typeid=i","cat":304250},{"id":120858,"n":"Carambar Atomic 220g","p":2.27,"u":"10,32 €/KG","img":"https://fd6-photos.leclercdrive.fr/image.ashx?id=2757434&use=l&cat=p&typeid=i","cat":304250},{"id":120864,"n":"Bonbons Lutti Flexifizz Piquants Fraise - 225g","p":1.52,"u":"6,76 €/KG","img":"https://fd6-photos.leclercdrive.fr/image.ashx?id=2806396&use=l&cat=p&typeid=i","cat":304250},{"id":120869,"n":"Poudre d'amande Bio Village Doypack bio - 100g","p":2.5,"u":"25,00 €/KG","img":"https://fd6-photos.leclercdrive.fr/image.ashx?id=1873546&use=l&cat=p&typeid=i","cat":284504},{"id":120872,"n":"Pépites chocolat Bio Village Bio - 100g","p":2.22,"u":"22,20 €/KG","img":"https://fd6-photos.leclercdrive.fr/image.ashx?id=2590544&use=l&cat=p&typeid=i","cat":284504},{"id":121012,"n":"Chorizo Sarta doux Elpozo 200g","p":3.16,"u":"15,80 €/KG","img":"https://fd6-photos.leclercdrive.fr/image.ashx?id=2588639&use=l&cat=p&typeid=i","cat":316006},{"id":121014,"n":"Chorizo Sarta fort Elpozo 200g","p":3.25,"u":"16,25 €/KG","img":"https://fd6-photos.leclercdrive.fr/image.ashx?id=2588642&use=l&cat=p&typeid=i","cat":316006},{"id":121028,"n":"Crème mains réparatrice Mixa Zones Fragilisées - 50ml","p":5.33,"u":"106,60 €/L","img":"https://fd6-photos.leclercdrive.fr/image.ashx?id=2335919&use=l&cat=p&typeid=i","cat":325350},{"id":121040,"n":"Haricots lingots Jolie campagne - 500g","p":2.09,"u":"4,18 €/KG","img":"https://fd6-photos.leclercdrive.fr/image.ashx?id=2023946&use=l&cat=p&typeid=i","cat":284430},{"id":121096,"n":"Chocolat Peluche mix Kinder Ours - 133g","p":13.92,"u":"104,66 €/KG","img":"https://fd6-photos.leclercdrive.fr/image.ashx?id=1895392&use=l&cat=p&typeid=i","cat":327789},{"id":121097,"n":"Chocolat Peluche mix Kinder Mouton - 133g","p":13.92,"u":"104,66 €/KG","img":"https://fd6-photos.leclercdrive.fr/image.ashx?id=1895389&use=l&cat=p&typeid=i","cat":327789},{"id":121098,"n":"Chocolat Peluche mix Kinder Lapin - 133g","p":13.92,"u":"104,66 €/KG","img":"https://fd6-photos.leclercdrive.fr/image.ashx?id=1895386&use=l&cat=p&typeid=i","cat":327789},{"id":121101,"n":"Chocolat Peluche mix Kinder Flamant - 133g","p":13.92,"u":"104,66 €/KG","img":"https://fd6-photos.leclercdrive.fr/image.ashx?id=1895383&use=l&cat=p&typeid=i","cat":327789},{"id":121157,"n":"Foie gras de canard Delpeyrat Entier - 270g","p":33.34,"u":"123,48 €/KG","img":"https://fd6-photos.leclercdrive.fr/image.ashx?id=2906082&use=l&cat=p&typeid=i","cat":316008},{"id":121237,"n":"Compotes Pom'Potes Gourdes  5 Fruits Rouges - 4x90g","p":2.26,"u":"6,28 €/KG","img":"https://fd6-photos.leclercdrive.fr/image.ashx?id=3010885&use=l&cat=p&typeid=i","cat":284508},{"id":121270,"n":"Miel de fleurs liquide 500g","p":4.75,"u":"9,50 €/KG","img":"https://fd6-photos.leclercdrive.fr/image.ashx?id=2315910&use=l&cat=p&typeid=i","cat":287643},{"id":121315,"n":"Haché Happy Family Charal 20x80g - 1,6kg","p":17.89,"u":"11,18 €/KG","img":"https://fd6-photos.leclercdrive.fr/image.ashx?id=2739776&use=l&cat=p&typeid=i","cat":319778},{"id":121356,"n":"Dentifrice Original Parodontax Complete protect - 75ml","p":5.66,"u":"75,47 €/L","img":"https://fd6-photos.leclercdrive.fr/image.ashx?id=2546749&use=l&cat=p&typeid=i","cat":284612},{"id":121358,"n":"Dentifrice Blancheur Parodontax Complete protect - 75ml","p":5.66,"u":"75,47 €/L","img":"https://fd6-photos.leclercdrive.fr/image.ashx?id=2896393&use=l&cat=p&typeid=i","cat":284612},{"id":121387,"n":"Lingettes Mots d'Enfants Toilettes bio - x60","p":2.17,"u":"0,04 €/P","img":"https://fd6-photos.leclercdrive.fr/image.ashx?id=2856579&use=l&cat=p&typeid=i","cat":284738},{"id":121388,"n":"Sacs poubelle 20L Elembal Poignées coulissantes - x20","p":2.05,"u":"0,10 €/P","img":"https://fd6-photos.leclercdrive.fr/image.ashx?id=2958753&use=l&cat=p&typeid=i","cat":285168},{"id":121391,"n":"Sauce tomate Lucien Georgelin Aux oignons et à l'ail - 300g","p":2.33,"u":"7,77 €/KG","img":"https://fd6-photos.leclercdrive.fr/image.ashx?id=2015663&use=l&cat=p&typeid=i","cat":287599},{"id":121392,"n":"Sauce tomate Lucien Georgelin Au piment D'espelette - 300g","p":2.61,"u":"8,70 €/KG","img":"https://fd6-photos.leclercdrive.fr/image.ashx?id=2015666&use=l&cat=p&typeid=i","cat":288384},{"id":121393,"n":"Sauce tomate Lucien Georgelin  au basilic - 300g","p":2.59,"u":"8,63 €/KG","img":"https://fd6-photos.leclercdrive.fr/image.ashx?id=2015669&use=l&cat=p&typeid=i","cat":288384},{"id":121412,"n":"Sérum Anti-rides L'Oréal Paris Revitalift Peau Neuve - 30ml","p":15.26,"u":"508,67 €/L","img":"https://fd6-photos.leclercdrive.fr/image.ashx?id=2879730&use=l&cat=p&typeid=i","cat":325345},{"id":121417,"n":"Couches écologiques Biolane Jumbo T3 - x52","p":17.5,"u":"0,34 €/P","img":"https://fd6-photos.leclercdrive.fr/image.ashx?id=2876521&use=l&cat=p&typeid=i","cat":284737},{"id":121418,"n":"Couches écologiques Biolane Jumbo T4 - x44","p":17.5,"u":"0,40 €/P","img":"https://fd6-photos.leclercdrive.fr/image.ashx?id=2876524&use=l&cat=p&typeid=i","cat":284737},{"id":121436,"n":"Crème anti-âge L'Oréal Paris Revitalift SPF 25 - 50ml","p":13.87,"u":"277,40 €/L","img":"https://fd6-photos.leclercdrive.fr/image.ashx?id=2853230&use=l&cat=p&typeid=i","cat":325345},{"id":121438,"n":"Sérum repulpant L'Oréal Paris Revitalift Anti-rides - 30ml","p":14.37,"u":"479,00 €/L","img":"https://fd6-photos.leclercdrive.fr/image.ashx?id=2926584&use=l&cat=p&typeid=i","cat":325345},{"id":121446,"n":"Peaches Haribo  Sachet bonbons - 250g","p":2.02,"u":"8,08 €/KG","img":"https://fd6-photos.leclercdrive.fr/image.ashx?id=2984925&use=l&cat=p&typeid=i","cat":304250},{"id":121447,"n":"Flanbolo Haribo Sachet bonbons - 200g","p":1.87,"u":"9,35 €/KG","img":"https://fd6-photos.leclercdrive.fr/image.ashx?id=2806117&use=l&cat=p&typeid=i","cat":304250},{"id":121492,"n":"Mini shampooing voyage Nateïs Tilleul Pomme - 100ml","p":1.09,"u":"10,90 €/L","img":"https://fd6-photos.leclercdrive.fr/image.ashx?id=2626841&use=l&cat=p&typeid=i","cat":284606},{"id":121493,"n":"Gel nettoyant Syphon Javel canalisation - 1L","p":2.98,"u":"2,98 €/L","img":"https://fd6-photos.leclercdrive.fr/image.ashx?id=1875773&use=l&cat=p&typeid=i","cat":284908},{"id":121567,"n":"Cahier 48 pages Seyes Esquisse Bleu - 24x32cm","p":1.19,"img":"https://fd6-photos.leclercdrive.fr/image.ashx?id=1931673&use=l&cat=p&typeid=i","cat":284697},{"id":121568,"n":"Cahier 48 pages Seyes Esquisse Bleu - 17x22cm","p":0.69,"img":"https://fd6-photos.leclercdrive.fr/image.ashx?id=1931682&use=l&cat=p&typeid=i","cat":284697},{"id":121569,"n":"Cahier 48 pages Seyes Esquisse Jaune - 17x22cm","p":0.69,"img":"https://fd6-photos.leclercdrive.fr/image.ashx?id=1931658&use=l&cat=p&typeid=i","cat":284697},{"id":121570,"n":"Cahier 48 pages Seyes Esquisse Rouge - 17x22cm","p":0.69,"img":"https://fd6-photos.leclercdrive.fr/image.ashx?id=1931655&use=l&cat=p&typeid=i","cat":284697},{"id":121571,"n":"Cahier 48 pages Seyes Esquisse Vert - 17x22cm","p":0.69,"img":"https://fd6-photos.leclercdrive.fr/image.ashx?id=1931778&use=l&cat=p&typeid=i","cat":284697},{"id":121572,"n":"Cahier 48 pages Seyes Esquisse Jaune - 24x32cm","p":1.19,"img":"https://fd6-photos.leclercdrive.fr/image.ashx?id=1931664&use=l&cat=p&typeid=i","cat":284697},{"id":121573,"n":"Cahier 48 pages Seyes Esquisse Bleu - 24x32cm Polypropylène","p":1.29,"img":"https://fd6-photos.leclercdrive.fr/image.ashx?id=1931679&use=l&cat=p&typeid=i","cat":284697},{"id":121574,"n":"Cahier 48 pages Seyes Esquisse Jaune - 24x32cm Polypropylène","p":1.29,"img":"https://fd6-photos.leclercdrive.fr/image.ashx?id=1931688&use=l&cat=p&typeid=i","cat":284697},{"id":121575,"n":"Cahier 48 pages Seyes Esquisse Rouge - 24x32cm Polypropylène","p":1.29,"img":"https://fd6-photos.leclercdrive.fr/image.ashx?id=1931685&use=l&cat=p&typeid=i","cat":284697},{"id":121576,"n":"Cahier 48 pages Seyes Esquisse Vert - 24x32cm Polypropylène","p":1.29,"img":"https://fd6-photos.leclercdrive.fr/image.ashx?id=1938516&use=l&cat=p&typeid=i","cat":284697},{"id":121577,"n":"Cahier 48 pages Seyes Esquisse Rouge - 24x32cm","p":1.19,"img":"https://fd6-photos.leclercdrive.fr/image.ashx?id=1931676&use=l&cat=p&typeid=i","cat":284697},{"id":121578,"n":"Cahier 48 pages Seyes Esquisse Vert - 24x32cm","p":1.19,"img":"https://fd6-photos.leclercdrive.fr/image.ashx?id=1931784&use=l&cat=p&typeid=i","cat":284697},{"id":121579,"n":"Cahier 96 pages 5x5 Esquisse Bleu - 24x32cm","p":1.39,"img":"https://fd6-photos.leclercdrive.fr/image.ashx?id=1931724&use=l&cat=p&typeid=i","cat":284697},{"id":121580,"n":"Cahier 96 pages Seyes Esquisse Bleu - 17x22cm","p":0.79,"img":"https://fd6-photos.leclercdrive.fr/image.ashx?id=1931739&use=l&cat=p&typeid=i","cat":284697},{"id":121581,"n":"Cahier 96 pages Seyes Esquisse Vert - 17x22cm Polypropylène","p":0.89,"img":"https://fd6-photos.leclercdrive.fr/image.ashx?id=1931763&use=l&cat=p&typeid=i","cat":284697},{"id":121582,"n":"Cahier 96 pages 5x5 Esquisse Bleu - 21x29.7cm","p":1.1,"img":"https://fd6-photos.leclercdrive.fr/image.ashx?id=1931697&use=l&cat=p&typeid=i","cat":284697},{"id":121583,"n":"Cahier 96 pages 5x5 Esquisse Jaune - 24x32cm","p":1.39,"img":"https://fd6-photos.leclercdrive.fr/image.ashx?id=1931712&use=l&cat=p&typeid=i","cat":284697},{"id":121584,"n":"Cahier 96 pages 5x5 Esquisse Jaune - 21x29.7cm","p":1.1,"img":"https://fd6-photos.leclercdrive.fr/image.ashx?id=1931691&use=l&cat=p&typeid=i","cat":284697},{"id":121585,"n":"Cahier 96 pages 5x5 Esquisse Rouge - 24x32cm","p":1.39,"img":"https://fd6-photos.leclercdrive.fr/image.ashx?id=1931718&use=l&cat=p&typeid=i","cat":284697},{"id":121586,"n":"Cahier 96 pages 5x5 Esquisse Rouge - 21x29.7cm","p":1.1,"img":"https://fd6-photos.leclercdrive.fr/image.ashx?id=1931694&use=l&cat=p&typeid=i","cat":284697},{"id":121588,"n":"Cahier 96 pages 5x5 Esquisse Vert - 24x32cm","p":1.39,"img":"https://fd6-photos.leclercdrive.fr/image.ashx?id=1931766&use=l&cat=p&typeid=i","cat":284697},{"id":121591,"n":"Cahier 96 pages 5x5 Esquisse Bleu - 24x32cm","p":1.49,"img":"https://fd6-photos.leclercdrive.fr/image.ashx?id=1931709&use=l&cat=p&typeid=i","cat":284697},{"id":121594,"n":"Cahier 96 pages 5x5 Esquisse Rouge - 24x32cm Polypropylène","p":1.49,"img":"https://fd6-photos.leclercdrive.fr/image.ashx?id=1931703&use=l&cat=p&typeid=i","cat":284697},{"id":121596,"n":"Cahier 96 pages 5x5 Esquisse Vert - 24x32cm Polypropylène","p":1.49,"img":"https://fd6-photos.leclercdrive.fr/image.ashx?id=1931772&use=l&cat=p&typeid=i","cat":284697},{"id":121598,"n":"Cahier 96 pages Seyes Esquisse Bleu - 24x32cm","p":1.39,"img":"https://fd6-photos.leclercdrive.fr/image.ashx?id=1931721&use=l&cat=p&typeid=i","cat":284697},{"id":121599,"n":"Cahier 96 pages Seyes Esquisse Bleu - 21x29.7cm Polypropylène","p":1.29,"img":"https://fd6-photos.leclercdrive.fr/image.ashx?id=1931706&use=l&cat=p&typeid=i","cat":284697},{"id":121605,"n":"Cahier 96 pages Seyes Esquisse Bleu - 21x29.7cm","p":1.1,"img":"https://fd6-photos.leclercdrive.fr/image.ashx?id=1931661&use=l&cat=p&typeid=i","cat":284697},{"id":121612,"n":"Cahier 96 pages Seyes Esquisse Jaune - 24x32cm","p":1.39,"img":"https://fd6-photos.leclercdrive.fr/image.ashx?id=1931733&use=l&cat=p&typeid=i","cat":284697},{"id":121613,"n":"Cahier 96 pages Seyes Esquisse Jaune - 17x22cm","p":0.79,"img":"https://fd6-photos.leclercdrive.fr/image.ashx?id=1931742&use=l&cat=p&typeid=i","cat":284697},{"id":121614,"n":"Cahier 96 pages 5x5 Esquisse Jaune - 24x32cm Polypropylène","p":1.49,"img":"https://fd6-photos.leclercdrive.fr/image.ashx?id=1931700&use=l&cat=p&typeid=i","cat":284697},{"id":121615,"n":"Cahier 96 pages Seyes Esquisse Jaune - 21x29.7cm","p":1.1,"img":"https://fd6-photos.leclercdrive.fr/image.ashx?id=1931670&use=l&cat=p&typeid=i","cat":284697},{"id":121616,"n":"Cahier 96 pages Seyes Esquisse Rouge - 17x22cm","p":0.79,"img":"https://fd6-photos.leclercdrive.fr/image.ashx?id=1931736&use=l&cat=p&typeid=i","cat":284697},{"id":121620,"n":"Cahier 96 pages Seyes Esquisse Vert - 17x22cm","p":0.79,"img":"https://fd6-photos.leclercdrive.fr/image.ashx?id=1931760&use=l&cat=p&typeid=i","cat":284697},{"id":121622,"n":"Cahier 96 pages Seyes Esquisse Vert - 21x29.7cm","p":1.1,"img":"https://fd6-photos.leclercdrive.fr/image.ashx?id=1931781&use=l&cat=p&typeid=i","cat":284697},{"id":121623,"n":"Cahier 96 pages Seyes Esquisse Vert - 24x32cm Polypropylène","p":1.49,"img":"https://fd6-photos.leclercdrive.fr/image.ashx?id=1931769&use=l&cat=p&typeid=i","cat":284697},{"id":121624,"n":"Cahier 96 pages Seyes Esquisse Bleu - 17x22cm Polypropylène","p":0.89,"img":"https://fd6-photos.leclercdrive.fr/image.ashx?id=1931748&use=l&cat=p&typeid=i","cat":284697},{"id":121625,"n":"Cahier 96 pages Seyes Esquisse Bleu - 24x32cm Polypropylène","p":1.49,"img":"https://fd6-photos.leclercdrive.fr/image.ashx?id=1931652&use=l&cat=p&typeid=i","cat":284697},{"id":121626,"n":"Cahier 96 pages Seyes Esquisse Jaune - 21x29.7cm Polypropylène","p":1.29,"img":"https://fd6-photos.leclercdrive.fr/image.ashx?id=1931715&use=l&cat=p&typeid=i","cat":284697},{"id":121627,"n":"Cahier 96 pages Seyes Esquisse Jaune - 17x22cm Polypropylène","p":0.89,"img":"https://fd6-photos.leclercdrive.fr/image.ashx?id=1931745&use=l&cat=p&typeid=i","cat":284697},{"id":121628,"n":"Cahier 96 pages Seyes Esquisse Jaune - 24x32cm Polypropylène","p":1.49,"img":"https://fd6-photos.leclercdrive.fr/image.ashx?id=1931646&use=l&cat=p&typeid=i","cat":284697},{"id":121629,"n":"Cahier 96 pages Seyes Esquisse Rouge - 17x22cm Polypropylène","p":0.89,"img":"https://fd6-photos.leclercdrive.fr/image.ashx?id=1931751&use=l&cat=p&typeid=i","cat":284697},{"id":121630,"n":"Cahier 96 pages Seyes Esquisse Rouge - 24x32cm Polypropylène","p":1.49,"img":"https://fd6-photos.leclercdrive.fr/image.ashx?id=1931649&use=l&cat=p&typeid=i","cat":284697},{"id":121631,"n":"Cahier 96 pages Seyes Esquisse Vert - 21x29.7cm Polypropylène","p":1.29,"img":"https://fd6-photos.leclercdrive.fr/image.ashx?id=1931754&use=l&cat=p&typeid=i","cat":284697},{"id":121699,"n":"Farine semi-complète Bio Bio Village - 1kg","p":1.45,"u":"1,45 €/KG","img":"https://fd6-photos.leclercdrive.fr/image.ashx?id=2460045&use=l&cat=p&typeid=i","cat":284503},{"id":121707,"n":"Sauce bolognaise pur boeuf Panzani - 200g","p":1.7,"u":"8,50 €/KG","img":"https://fd6-photos.leclercdrive.fr/image.ashx?id=2880682&use=l&cat=p&typeid=i","cat":287599},{"id":121708,"n":"Céréales fourrées P'tit Déli Chocolat noisette - 650g","p":3.08,"u":"4,74 €/KG","img":"https://fd6-photos.leclercdrive.fr/image.ashx?id=2840740&use=l&cat=p&typeid=i","cat":309513},{"id":121709,"n":"Mortadelle Titours volaille 80g","p":1.6,"u":"20,00 €/KG","img":"https://fd6-photos.leclercdrive.fr/image.ashx?id=2148371&use=l&cat=p&typeid=i","cat":316009},{"id":121755,"n":"Dinosaure goût Ketchup 125g","p":1.41,"u":"11,28 €/KG","img":"https://fd6-photos.leclercdrive.fr/image.ashx?id=1879194&use=l&cat=p&typeid=i","cat":284449},{"id":121777,"n":"Noix de cajou Tokapi Miel & sel - 125g","p":2.28,"u":"18,24 €/KG","img":"https://fd6-photos.leclercdrive.fr/image.ashx?id=2793899&use=l&cat=p&typeid=i","cat":284448},{"id":121864,"n":"Thé Earl Grey Yaté x25- 45g","p":0.82,"u":"18,22 €/KG","img":"https://fd6-photos.leclercdrive.fr/image.ashx?id=2952400&use=l&cat=p&typeid=i","cat":293233},{"id":121878,"n":"Pâté aux pruneaux d'Agen Nos Régions Ont Du Talent -180g","p":1.99,"u":"11,06 €/KG","img":"https://fd6-photos.leclercdrive.fr/image.ashx?id=2560518&use=l&cat=p&typeid=i","cat":305149},{"id":121992,"n":"Secret de mousse La laitière Chocolat Lait et Blanc - 4x59 g","p":1.56,"u":"6,61 €/KG","img":"https://fd6-photos.leclercdrive.fr/image.ashx?id=2729782&use=l&cat=p&typeid=i","cat":284417},{"id":122035,"n":"Vinaigre de ménage 14° Briochin Ecocert - 1L","p":3.29,"u":"3,29 €/L","img":"https://fd6-photos.leclercdrive.fr/image.ashx?id=3000734&use=l&cat=p&typeid=i","cat":325365},{"id":122040,"n":"Douche crème Le Petit Olivier Lait de karité - 750ml","p":4.22,"u":"5,63 €/L","img":"https://fd6-photos.leclercdrive.fr/image.ashx?id=2144851&use=l&cat=p&typeid=i","cat":284594},{"id":122065,"n":"Biscuit pépite Nat&Vie Chocolat au lait - 200g","p":1.16,"u":"5,80 €/KG","img":"https://fd6-photos.leclercdrive.fr/image.ashx?id=1879927&use=l&cat=p&typeid=i","cat":318651},{"id":122074,"n":"Biscuit pavot Nat&Vie Citron - 200g","p":1.29,"u":"6,45 €/KG","img":"https://fd6-photos.leclercdrive.fr/image.ashx?id=1879930&use=l&cat=p&typeid=i","cat":318651},{"id":122092,"n":"Goûter bio Bio Village Fourrage cacao - 185g","p":2.06,"u":"11,14 €/KG","img":"https://fd6-photos.leclercdrive.fr/image.ashx?id=1879942&use=l&cat=p&typeid=i","cat":284488},{"id":122100,"n":"Biscuit goûter Nat&Vie Aux pommes - 200g","p":1.06,"u":"5,30 €/KG","img":"https://fd6-photos.leclercdrive.fr/image.ashx?id=1879990&use=l&cat=p&typeid=i","cat":318651},{"id":122254,"n":"Verrines St-Jacques carottes Pommes fondantes x4 - 160g","p":3.58,"u":"22,38 €/KG","img":"https://fd6-photos.leclercdrive.fr/image.ashx?id=2504728&use=l&cat=p&typeid=i","cat":327280},{"id":122344,"n":"Pots bébé soir bio Babybio Légumes riz - 8 mois - 2x200g","p":2.96,"u":"7,40 €/KG","img":"https://fd6-photos.leclercdrive.fr/image.ashx?id=2838314&use=l&cat=p&typeid=i","cat":312239},{"id":122346,"n":"Babybio Optima croissance 3 Bio 800g","p":17.22,"u":"21,53 €/KG","img":"https://fd6-photos.leclercdrive.fr/image.ashx?id=2944029&use=l&cat=p&typeid=i","cat":290219},{"id":122347,"n":"Lait Primea 2 Bio Babybio 800g","p":16.64,"u":"20,80 €/KG","img":"https://fd6-photos.leclercdrive.fr/image.ashx?id=2962824&use=l&cat=p&typeid=i","cat":284727},{"id":122403,"n":"Patate douce bio Bio Village 500g","p":2.49,"u":"4,98 €/KG","img":"https://fd6-photos.leclercdrive.fr/image.ashx?id=2934805&use=l&cat=p&typeid=i","cat":284352},{"id":122419,"n":"Skyr Siggi's  Nature 0% MG - 2x140g","p":2.19,"u":"7,82 €/KG","img":"https://fd6-photos.leclercdrive.fr/image.ashx?id=2372412&use=l&cat=p&typeid=i","cat":315000},{"id":122420,"n":"Skyr Siggi's  Vanille - 2x140g","p":2.12,"u":"7,57 €/KG","img":"https://fd6-photos.leclercdrive.fr/image.ashx?id=2646119&use=l&cat=p&typeid=i","cat":315000},{"id":122435,"n":"Lardons supérieurs Bio Village bio Fumés - 2x60g","p":1.75,"u":"14,58 €/KG","img":"https://fd6-photos.leclercdrive.fr/image.ashx?id=2761983&use=l&cat=p&typeid=i","cat":316011},{"id":122437,"n":"Verrines saumon fromage Concombre x4 - 160g","p":3.5,"u":"21,88 €/KG","img":"https://fd6-photos.leclercdrive.fr/image.ashx?id=2519615&use=l&cat=p&typeid=i","cat":316003},{"id":122486,"n":"Thon blanc entier Pêche Océan MSC - 160g","p":2.89,"u":"18,06 €/KG","img":"https://fd6-photos.leclercdrive.fr/image.ashx?id=2942229&use=l&cat=p&typeid=i","cat":303867},{"id":122528,"n":"Skyr Siggi's  Framboise - 2x140g","p":2.1,"u":"7,50 €/KG","img":"https://fd6-photos.leclercdrive.fr/image.ashx?id=2692095&use=l&cat=p&typeid=i","cat":315000},{"id":122529,"n":"Skyr Siggi's  Myrtille - 2x140g","p":2.17,"u":"7,75 €/KG","img":"https://fd6-photos.leclercdrive.fr/image.ashx?id=2692098&use=l&cat=p&typeid=i","cat":315000},{"id":122539,"n":"Débouche-évier Homeside 1 pièce","p":1.47,"img":"https://fd6-photos.leclercdrive.fr/image.ashx?id=2081104&use=l&cat=p&typeid=i","cat":284669},{"id":122676,"n":"Dentifrice Email Diamant Le Charbon - 75ml","p":3.57,"u":"47,60 €/L","img":"https://fd6-photos.leclercdrive.fr/image.ashx?id=2975960&use=l&cat=p&typeid=i","cat":284612},{"id":122684,"n":"IGP Pays d'Oc rouge Bio Syrah Naturae vegan - 75cl","p":6.04,"u":"8,05 €/L","img":"https://fd6-photos.leclercdrive.fr/image.ashx?id=2463573&use=l&cat=p&typeid=i","cat":289556},{"id":122694,"n":"IGP Pays d'oc rosé Syrah Bio Vegan Naturae - 75cl","p":6.59,"u":"8,79 €/L","img":"https://fd6-photos.leclercdrive.fr/image.ashx?id=2621450&use=l&cat=p&typeid=i","cat":289558},{"id":122729,"n":"Sauce Andalouse Colona 840g","p":4.5,"u":"5,36 €/KG","img":"https://fd6-photos.leclercdrive.fr/image.ashx?id=2687143&use=l&cat=p&typeid=i","cat":318431},{"id":122744,"n":"Roulade pistache 110g","p":1.98,"u":"18,00 €/KG","img":"https://fd6-photos.leclercdrive.fr/image.ashx?id=2204871&use=l&cat=p&typeid=i","cat":316007},{"id":122790,"n":"Chips Tuiles Pringles Hot Spicy - 175g","p":1.75,"u":"10,00 €/KG","img":"https://fd6-photos.leclercdrive.fr/image.ashx?id=2902295&use=l&cat=p&typeid=i","cat":287899},{"id":122792,"n":"Chips Tuiles Pringles Crème et Oignon - 175g","p":1.7,"u":"9,71 €/KG","img":"https://fd6-photos.leclercdrive.fr/image.ashx?id=2902292&use=l&cat=p&typeid=i","cat":287899},{"id":122808,"n":"Jeune pousse Panier du Primeur 125g","p":0.99,"u":"7,92 €/KG","img":"https://fd6-photos.leclercdrive.fr/image.ashx?id=2616060&use=l&cat=p&typeid=i","cat":284353},{"id":122809,"n":"Roquette Panier du Primeur 125g","p":1.29,"u":"10,32 €/KG","img":"https://fd6-photos.leclercdrive.fr/image.ashx?id=2616066&use=l&cat=p&typeid=i","cat":284353},{"id":122810,"n":"Kakis Panier du Primeur Barquette 1kg","p":2.99,"u":"2,99 €/KG","img":"https://fd6-photos.leclercdrive.fr/image.ashx?id=2402798&use=l&cat=p&typeid=i","cat":284356},{"id":122825,"n":"Sauce au poivre Rustica 245g","p":1.19,"u":"4,86 €/KG","img":"https://fd6-photos.leclercdrive.fr/image.ashx?id=2558829&use=l&cat=p&typeid=i","cat":318431},{"id":122895,"n":"Chips Tuiles Pringles Original - 175g","p":1.68,"u":"9,60 €/KG","img":"https://fd6-photos.leclercdrive.fr/image.ashx?id=2902298&use=l&cat=p&typeid=i","cat":287899},{"id":122905,"n":"Shampooing antipelliculaire Vitanove cheveux normaux -250ml","p":1.66,"u":"6,64 €/L","img":"https://fd6-photos.leclercdrive.fr/image.ashx?id=1909525&use=l&cat=p&typeid=i","cat":284606},{"id":122957,"n":"Cervelas Tex Mex Iller x4 - 560g","p":7.56,"u":"13,50 €/KG","img":"https://fd6-photos.leclercdrive.fr/image.ashx?id=1890508&use=l&cat=p&typeid=i","cat":316012},{"id":122973,"n":"Jambon de Paris Tradilège Découenné - 2 tranches - 80g","p":1.2,"u":"15,00 €/KG","img":"https://fd6-photos.leclercdrive.fr/image.ashx?id=2994384&use=l&cat=p&typeid=i","cat":316009},{"id":122993,"n":"Quenelles de brochet Forestière Petit Jean - 2+1offert","p":4.1,"u":"3,42 €/KG","img":"https://fd6-photos.leclercdrive.fr/image.ashx?id=2953869&use=l&cat=p&typeid=i","cat":284441},{"id":122999,"n":"Allume tous feux bois compressé cubes Flam'up - x96","p":3.11,"img":"https://fd6-photos.leclercdrive.fr/image.ashx?id=3008356&use=l&cat=p&typeid=i","cat":300578},{"id":123029,"n":"Poisson pané Colin Findus Extra croustillant - x2 250g","p":2.88,"u":"11,52 €/KG","img":"https://fd6-photos.leclercdrive.fr/image.ashx?id=3014548&use=l&cat=p&typeid=i","cat":319788},{"id":123062,"n":"Jambon de Paris Tradilège A l'étouffé - 160g","p":1.69,"u":"10,56 €/KG","img":"https://fd6-photos.leclercdrive.fr/image.ashx?id=2951143&use=l&cat=p&typeid=i","cat":316009},{"id":123063,"n":"Jambon de Paris Tradilège Découenné dégraissé x6 - 240g","p":2.39,"u":"9,96 €/KG","img":"https://fd6-photos.leclercdrive.fr/image.ashx?id=2951146&use=l&cat=p&typeid=i","cat":316009},{"id":123065,"n":"Jambon de Paris Tradilège À l'étouffée x8 - 320g","p":3.13,"u":"9,78 €/KG","img":"https://fd6-photos.leclercdrive.fr/image.ashx?id=2994387&use=l&cat=p&typeid=i","cat":316009},{"id":123067,"n":"Jambon de Paris Tradilège Découenné dégraissé x10 - 400g","p":3.86,"u":"9,65 €/KG","img":"https://fd6-photos.leclercdrive.fr/image.ashx?id=2930787&use=l&cat=p&typeid=i","cat":316009},{"id":123070,"n":"Jambon de Paris Tradilège -25% de sel - 4 tranches - 140g","p":2.05,"u":"14,64 €/KG","img":"https://fd6-photos.leclercdrive.fr/image.ashx?id=2991527&use=l&cat=p&typeid=i","cat":316009},{"id":123071,"n":"Jambon de Paris Tradilège -25% de sel - 6 tranches - 210g","p":2.49,"u":"11,86 €/KG","img":"https://fd6-photos.leclercdrive.fr/image.ashx?id=2994390&use=l&cat=p&typeid=i","cat":316009},{"id":123074,"n":"Jambon supérieur Tradilège Découenné dégraissé x4 - 160g","p":2.21,"u":"13,81 €/KG","img":"https://fd6-photos.leclercdrive.fr/image.ashx?id=2984194&use=l&cat=p&typeid=i","cat":316009},{"id":123076,"n":"Jambon supérieur Tradilège Découenné dégraissé x6 - 240g","p":3.25,"u":"13,54 €/KG","img":"https://fd6-photos.leclercdrive.fr/image.ashx?id=2974879&use=l&cat=p&typeid=i","cat":316009},{"id":123103,"n":"Jambon supérieur Tradilège Sans couenne x8 - 320g","p":4.29,"u":"13,41 €/KG","img":"https://fd6-photos.leclercdrive.fr/image.ashx?id=2943692&use=l&cat=p&typeid=i","cat":316009},{"id":123105,"n":"Jambon supérieur Tradilège Avec couenne 4 tranches - 160g","p":2.06,"u":"12,88 €/KG","img":"https://fd6-photos.leclercdrive.fr/image.ashx?id=2925756&use=l&cat=p&typeid=i","cat":316009},{"id":123106,"n":"Jambon supérieur Tradilège Avec couenne 6 tranches - 240g","p":3.08,"u":"12,83 €/KG","img":"https://fd6-photos.leclercdrive.fr/image.ashx?id=2970593&use=l&cat=p&typeid=i","cat":316009},{"id":123108,"n":"Jambon supérieur Tradilège Label rouge découenné x4 - 160g","p":2.59,"u":"16,19 €/KG","img":"https://fd6-photos.leclercdrive.fr/image.ashx?id=2943698&use=l&cat=p&typeid=i","cat":316009},{"id":123121,"n":"Oeufs Marque rèpere De Nos Régions - x20","p":4.29,"u":"0,21 €/P","img":"https://fd6-photos.leclercdrive.fr/image.ashx?id=2969800&use=l&cat=p&typeid=i","cat":284378},{"id":123257,"n":"Capsules café Plantation Lungo forte n°7 - x16 - 105g","p":3.35,"u":"31,90 €/KG","img":"https://fd6-photos.leclercdrive.fr/image.ashx?id=2649744&use=l&cat=p&typeid=i","cat":293239},{"id":123360,"n":"Pétales Tables du Monde A la crevette ASC - 50g","p":0.65,"u":"13,00 €/KG","img":"https://fd6-photos.leclercdrive.fr/image.ashx?id=2920220&use=l&cat=p&typeid=i","cat":288992},{"id":123368,"n":"Brume d'eau Mot d'enfant 200ml","p":1.99,"u":"9,95 €/L","img":"https://fd6-photos.leclercdrive.fr/image.ashx?id=3015123&use=l&cat=p&typeid=i","cat":284741},{"id":123369,"n":"Crème hydratante visage & corps 75 Ml","p":1.39,"u":"18,53 €/L","img":"https://fd6-photos.leclercdrive.fr/image.ashx?id=1890346&use=l&cat=p&typeid=i","cat":325345},{"id":123371,"n":"Déboucheur Syphon Spécial cheveux - 1L","p":2.35,"u":"2,35 €/L","img":"https://fd6-photos.leclercdrive.fr/image.ashx?id=2202473&use=l&cat=p&typeid=i","cat":284908},{"id":123373,"n":"Soin visage Carré Homme et barbe de 3 jours - 50ml","p":3.29,"u":"65,80 €/L","img":"https://fd6-photos.leclercdrive.fr/image.ashx?id=2489206&use=l&cat=p&typeid=i","cat":284622},{"id":123375,"n":"Gel Toilette Intime Neutre Intima Natural 200ml","p":3.14,"u":"15,70 €/L","img":"https://fd6-photos.leclercdrive.fr/image.ashx?id=2959865&use=l&cat=p&typeid=i","cat":284627},{"id":123386,"n":"Vin d'Union Européenne blanc François D'Aubigné - 6x25 cl","p":3.49,"u":"2,33 €/L","img":"https://fd6-photos.leclercdrive.fr/image.ashx?id=2896850&use=l&cat=p&typeid=i","cat":289557},{"id":123393,"n":"Bière sans alcool Tourtel Twist Agrume 0,0° - 6x27,5cl","p":4.27,"u":"2,59 €/L","img":"https://fd6-photos.leclercdrive.fr/image.ashx?id=2730736&use=l&cat=p&typeid=i","cat":334877},{"id":123397,"n":"Bière sans alcool Tourtel Twist Framboise 0,0° - 6x27,5cl","p":4.15,"u":"2,52 €/L","img":"https://fd6-photos.leclercdrive.fr/image.ashx?id=2886705&use=l&cat=p&typeid=i","cat":334877},{"id":123400,"n":"Cire corps Laurence Dumont Bandes - x20","p":3.32,"u":"0,17 €/P","img":"https://fd6-photos.leclercdrive.fr/image.ashx?id=2606358&use=l&cat=p&typeid=i","cat":325351},{"id":123407,"n":"Bière sans alcool Tourtel Twist Citron 0,0° - 6x27,5cl","p":3.85,"u":"2,33 €/L","img":"https://fd6-photos.leclercdrive.fr/image.ashx?id=2886702&use=l&cat=p&typeid=i","cat":334877},{"id":123418,"n":"Bière blonde Leffe sans alcool 0,0% - 6x25cl","p":4.69,"u":"3,13 €/L","img":"https://fd6-photos.leclercdrive.fr/image.ashx?id=2548303&use=l&cat=p&typeid=i","cat":334877},{"id":123422,"n":"Soda Coca-Cola Sans Sucres Bouteille - 1,75L","p":1.72,"u":"0,98 €/L","img":"https://fd6-photos.leclercdrive.fr/image.ashx?id=2971748&use=l&cat=p&typeid=i","cat":284530},{"id":123426,"n":"Sangria François d'Aubigne 7% vol - 1.5 L","p":2.39,"u":"1,59 €/L","img":"https://fd6-photos.leclercdrive.fr/image.ashx?id=2790865&use=l&cat=p&typeid=i","cat":286032},{"id":123432,"n":"Crème lavante L'arbre Vert Recharge - Amande douche -300ml","p":1.95,"u":"6,50 €/L","img":"https://fd6-photos.leclercdrive.fr/image.ashx?id=2886115&use=l&cat=p&typeid=i","cat":284597},{"id":123434,"n":"Soda Schweppes Indian Tonic Zero - 6x33cl","p":3.7,"u":"1,87 €/L","img":"https://fd6-photos.leclercdrive.fr/image.ashx?id=2852420&use=l&cat=p&typeid=i","cat":284531},{"id":123436,"n":"Boisson fruit shoot Teisseire Tropical - 6x20cl","p":2.65,"u":"2,21 €/L","img":"https://fd6-photos.leclercdrive.fr/image.ashx?id=2858204&use=l&cat=p&typeid=i","cat":295018},{"id":123437,"n":"Boisson Fruit shoot Teisseire Multivamine - 6x20cl","p":2.68,"u":"2,23 €/L","img":"https://fd6-photos.leclercdrive.fr/image.ashx?id=2858201&use=l&cat=p&typeid=i","cat":295018},{"id":123441,"n":"Mascara Maybelline  Colossal Go volume extrême Noir","p":8.75,"u":"380,43 €/L","img":"https://fd6-photos.leclercdrive.fr/image.ashx?id=2344162&use=l&cat=p&typeid=i","cat":287029},{"id":123448,"n":"Biscuits cacao Kinder Cards Au lait et au cacao 2x5 - 128g","p":3.57,"u":"13,95 €/KG","img":"https://fd6-photos.leclercdrive.fr/image.ashx?id=2672608&use=l&cat=p&typeid=i","cat":284488},{"id":123453,"n":"Boisson lactée Candy'Up Chocolat - 4x50cl","p":4.44,"u":"2,22 €/L","img":"https://fd6-photos.leclercdrive.fr/image.ashx?id=2851063&use=l&cat=p&typeid=i","cat":295246},{"id":123485,"n":"Tartinade Petit Navire Thon poivrons tomate - 125g","p":2.25,"u":"18,00 €/KG","img":"https://fd6-photos.leclercdrive.fr/image.ashx?id=2522584&use=l&cat=p&typeid=i","cat":284451},{"id":123486,"n":"Pâtes Coquillage Panzani Créatives - 500G","p":1.37,"u":"2,74 €/KG","img":"https://fd6-photos.leclercdrive.fr/image.ashx?id=2902939&use=l&cat=p&typeid=i","cat":284427},{"id":123487,"n":"Olives vertes Tokapi Dénoyautées - 100g","p":0.76,"u":"7,60 €/KG","img":"https://fd6-photos.leclercdrive.fr/image.ashx?id=2994357&use=l&cat=p&typeid=i","cat":284458},{"id":123491,"n":"Crêpe fourrée Whaou Chocolat - x8 - 256g","p":2.07,"u":"8,09 €/KG","img":"https://fd6-photos.leclercdrive.fr/image.ashx?id=2962863&use=l&cat=p&typeid=i","cat":284494},{"id":123492,"n":"Crêpes Whaou! Chocolat x15 - 480g","p":3.66,"u":"7,63 €/KG","img":"https://fd6-photos.leclercdrive.fr/image.ashx?id=2986449&use=l&cat=p&typeid=i","cat":284494},{"id":123504,"n":"Yaourt fjord fromage blanc Nature - 8x125g","p":3.4,"u":"3,40 €/KG","img":"https://fd6-photos.leclercdrive.fr/image.ashx?id=2653222&use=l&cat=p&typeid=i","cat":284409},{"id":123523,"n":"Tubes Copains Copines Arc-en-ciel - 200g","p":1.13,"u":"5,65 €/KG","img":"https://fd6-photos.leclercdrive.fr/image.ashx?id=2934739&use=l&cat=p&typeid=i","cat":304250},{"id":123528,"n":"Soucoupes Copains Copines Acides - 39g","p":0.99,"u":"25,38 €/KG","img":"https://fd6-photos.leclercdrive.fr/image.ashx?id=2934751&use=l&cat=p&typeid=i","cat":304250},{"id":123530,"n":"Marshmallows Copains Copines Enrobés chocolat - 160g","p":1.69,"u":"10,56 €/KG","img":"https://fd6-photos.leclercdrive.fr/image.ashx?id=2934754&use=l&cat=p&typeid=i","cat":304250},{"id":123540,"n":"Eau minérale naturelle Volvic 6x50cl","p":2.09,"u":"0,70 €/L","img":"https://fd6-photos.leclercdrive.fr/image.ashx?id=2730247&use=l&cat=p&typeid=i","cat":284535},{"id":123541,"n":"Eau minérale naturelle Evian  12x33cl","p":4.48,"u":"1,13 €/L","img":"https://fd6-photos.leclercdrive.fr/image.ashx?id=2973556&use=l&cat=p&typeid=i","cat":284535},{"id":123542,"n":"Eau minérale naturelle Evian  6x50cl","p":2.44,"u":"0,81 €/L","img":"https://fd6-photos.leclercdrive.fr/image.ashx?id=2969022&use=l&cat=p&typeid=i","cat":284535},{"id":123545,"n":"Quiche lorraine Marie Pur beurre - 400g","p":3.28,"u":"8,20 €/KG","img":"https://fd6-photos.leclercdrive.fr/image.ashx?id=2318546&use=l&cat=p&typeid=i","cat":333680},{"id":123547,"n":"Tarte poireaux Marie Pur beurre - 400g","p":3.75,"u":"9,38 €/KG","img":"https://fd6-photos.leclercdrive.fr/image.ashx?id=2318549&use=l&cat=p&typeid=i","cat":333680},{"id":123550,"n":"Yaourt aux fruits brassés Velouté fruix Danone - 16x125g","p":4.35,"u":"2,18 €/KG","img":"https://fd6-photos.leclercdrive.fr/image.ashx?id=2912923&use=l&cat=p&typeid=i","cat":284410},{"id":123551,"n":"Yaourt aux fruits brassés Velouté fruix Danone - 12x125g","p":3.9,"u":"2,60 €/KG","img":"https://fd6-photos.leclercdrive.fr/image.ashx?id=2912929&use=l&cat=p&typeid=i","cat":284410},{"id":123553,"n":"Yaourt aux fruits velouté fruix Danone brassé fraise - 4x125g","p":1.88,"u":"3,76 €/KG","img":"https://fd6-photos.leclercdrive.fr/image.ashx?id=2911855&use=l&cat=p&typeid=i","cat":284410},{"id":123554,"n":"Yaourt aux fruits velouté fruix Danone brassé framboise -4x125g","p":1.89,"u":"3,78 €/KG","img":"https://fd6-photos.leclercdrive.fr/image.ashx?id=2911858&use=l&cat=p&typeid=i","cat":284410},{"id":123555,"n":"Yaourt fruits jaunes brassés Velouté fruix Danone - 8x125g","p":2.7,"u":"2,70 €/KG","img":"https://fd6-photos.leclercdrive.fr/image.ashx?id=2912926&use=l&cat=p&typeid=i","cat":284410},{"id":123558,"n":"Pomelo Bio Bio Village x1","p":0.99,"img":"https://fd6-photos.leclercdrive.fr/image.ashx?id=2231573&use=l&cat=p&typeid=i","cat":284356},{"id":123603,"n":"Kit Distributeur Savon Mains Dettol Citron 250ml","p":7.88,"u":"31,52 €/L","img":"https://fd6-photos.leclercdrive.fr/image.ashx?id=2975134&use=l&cat=p&typeid=i","cat":284597},{"id":123606,"n":"Lessive liquide blanc Epsil 25 lavages - 1.25L","p":2.54,"u":"2,03 €/L","img":"https://fd6-photos.leclercdrive.fr/image.ashx?id=2838933&use=l&cat=p&typeid=i","cat":284640},{"id":123623,"n":"Bière ambrée Affligem 6,7D 6x25 Cl","p":5.79,"u":"3,86 €/L","img":"https://fd6-photos.leclercdrive.fr/image.ashx?id=2672029&use=l&cat=p&typeid=i","cat":334852},{"id":123695,"n":"Lait Primea 1 Bio BabyBio 800g","p":16.87,"u":"21,09 €/KG","img":"https://fd6-photos.leclercdrive.fr/image.ashx?id=2911327&use=l&cat=p&typeid=i","cat":284726},{"id":123697,"n":"Lait Caprea 2 Bio Babybio Bio 800g","p":25.38,"u":"31,73 €/KG","img":"https://fd6-photos.leclercdrive.fr/image.ashx?id=2733340&use=l&cat=p&typeid=i","cat":284727},{"id":123710,"n":"Tomato Ketchup Zéro Heinz sans sucre ni sel - 425g","p":2.64,"u":"6,21 €/KG","img":"https://fd6-photos.leclercdrive.fr/image.ashx?id=2927723&use=l&cat=p&typeid=i","cat":284455},{"id":123776,"n":"Collerettes Lustucru   3 minutes - 1kg","p":2.47,"u":"2,47 €/KG","img":"https://fd6-photos.leclercdrive.fr/image.ashx?id=2108447&use=l&cat=p&typeid=i","cat":284427},{"id":123864,"n":"Crème Pieds Anti-Crevasses Talons 24h - 60 ml","p":4.84,"u":"80,67 €/L","img":"https://fd6-photos.leclercdrive.fr/image.ashx?id=2980878&use=l&cat=p&typeid=i","cat":325354},{"id":123883,"n":"Thon Alba Connetable Naturel Label Rouge - 112g","p":3.32,"u":"29,64 €/KG","img":"https://fd6-photos.leclercdrive.fr/image.ashx?id=2674128&use=l&cat=p&typeid=i","cat":303867},{"id":123924,"n":"Barres choco caram biscuit 348g","p":1.97,"u":"5,66 €/KG","img":"https://fd6-photos.leclercdrive.fr/image.ashx?id=2196637&use=l&cat=p&typeid=i","cat":284498},{"id":123960,"n":"Bière sans alcool Desperados Virgin - Agrumes 3x33cl","p":3.91,"u":"3,95 €/L","img":"https://fd6-photos.leclercdrive.fr/image.ashx?id=2977966&use=l&cat=p&typeid=i","cat":334877},{"id":124035,"n":"Jus de raisin ABC Eco+ 1L","p":0.98,"u":"0,98 €/L","img":"https://fd6-photos.leclercdrive.fr/image.ashx?id=2802275&use=l&cat=p&typeid=i","cat":284915},{"id":124047,"n":"Pilchards hareng Petit Pierre Tomate huile - 367g","p":2.35,"u":"6,40 €/KG","img":"https://fd6-photos.leclercdrive.fr/image.ashx?id=3004408&use=l&cat=p&typeid=i","cat":305147},{"id":124052,"n":"Nouilles de riz Table du monde 250g","p":1.99,"u":"7,96 €/KG","img":"https://fd6-photos.leclercdrive.fr/image.ashx?id=2679780&use=l&cat=p&typeid=i","cat":288992},{"id":124073,"n":"Saumon fumé Labeyrie Le Norvège x6 - 215g","p":10.66,"u":"49,58 €/KG","img":"https://fd6-photos.leclercdrive.fr/image.ashx?id=2230396&use=l&cat=p&typeid=i","cat":285188},{"id":124140,"n":"Saumon fumé Labeyrie Norvège - x4 - 130g","p":6.91,"u":"53,15 €/KG","img":"https://fd6-photos.leclercdrive.fr/image.ashx?id=2729896&use=l&cat=p&typeid=i","cat":285188},{"id":124226,"n":"AOP Bordeaux rosé Château Labatut Rosé - 75cl","p":3.79,"u":"5,05 €/L","img":"https://fd6-photos.leclercdrive.fr/image.ashx?id=2921283&use=l&cat=p&typeid=i","cat":289558},{"id":124243,"n":"Pâté en croûte Maison Monterrat Apéri'Croq classique - 450g","p":3.56,"u":"7,91 €/KG","img":"https://fd6-photos.leclercdrive.fr/image.ashx?id=2277260&use=l&cat=p&typeid=i","cat":316003},{"id":124271,"n":"Morceaux de thon Eco+ A l'huile de tournesol - 130g","p":1.33,"u":"10,23 €/KG","img":"https://fd6-photos.leclercdrive.fr/image.ashx?id=2523356&use=l&cat=p&typeid=i","cat":303867},{"id":124272,"n":"Thon nature entier Saupiquet MSC - 140g","p":2.58,"u":"18,43 €/KG","img":"https://fd6-photos.leclercdrive.fr/image.ashx?id=2731540&use=l&cat=p&typeid=i","cat":303867},{"id":124371,"n":"Crème semi-épaisse UHT 18% mg - 3x20cl","p":2.73,"u":"4,55 €/L","img":"https://fd6-photos.leclercdrive.fr/image.ashx?id=2506020&use=l&cat=p&typeid=i","cat":284381},{"id":124374,"n":"Eau aromatisée Volvic bio Pamplemousse romarin - 75cl","p":1.49,"u":"1,99 €/L","img":"https://fd6-photos.leclercdrive.fr/image.ashx?id=2462514&use=l&cat=p&typeid=i","cat":284537},{"id":124375,"n":"Eau infusée Bio Volvic Concombre menthe - 75cl","p":1.44,"u":"1,92 €/L","img":"https://fd6-photos.leclercdrive.fr/image.ashx?id=2462517&use=l&cat=p&typeid=i","cat":284537},{"id":124378,"n":"Nettoyant lingettes Cif Biodégradables Océan - x60","p":2.42,"img":"https://fd6-photos.leclercdrive.fr/image.ashx?id=2186569&use=l&cat=p&typeid=i","cat":325358},{"id":124465,"n":"AOC Alsace Riesling Nos Vignerons ont du Talent - 75cl","p":8.3,"u":"11,07 €/L","img":"https://fd6-photos.leclercdrive.fr/image.ashx?id=2711622&use=l&cat=p&typeid=i","cat":289557},{"id":124466,"n":"AOC Crémant d'Alsace brut Bio Rebmann - 75cl","p":6.99,"u":"9,32 €/L","img":"https://fd6-photos.leclercdrive.fr/image.ashx?id=2714992&use=l&cat=p&typeid=i","cat":284545},{"id":124467,"n":"AOC Vin blanc Monbazillac Bio Terrasses d'Autan - 75cl","p":7.99,"u":"10,65 €/L","img":"https://fd6-photos.leclercdrive.fr/image.ashx?id=2775119&use=l&cat=p&typeid=i","cat":289557},{"id":124469,"n":"Vin d'Espagne rouge Merlot Bio Adrien Champaud - BIB 3L","p":8.99,"u":"3,00 €/L","img":"https://fd6-photos.leclercdrive.fr/image.ashx?id=2960562&use=l&cat=p&typeid=i","cat":289556},{"id":124478,"n":"IGP Méditérranée rosé Les Calandières - 75cl","p":3.75,"u":"5,00 €/L","img":"https://fd6-photos.leclercdrive.fr/image.ashx?id=2996608&use=l&cat=p&typeid=i","cat":289558},{"id":124496,"n":"Crème glacée Ben & Jerry's Choco Fudge Brownie - 408g","p":3.82,"u":"9,36 €/KG","img":"https://fd6-photos.leclercdrive.fr/image.ashx?id=2738050&use=l&cat=p&typeid=i","cat":284725},{"id":124499,"n":"Glace en Pot BEN & JERRY'S Vanilla Pecan Blondie - 465ml","p":4.07,"u":"9,83 €/KG","img":"https://fd6-photos.leclercdrive.fr/image.ashx?id=2832548&use=l&cat=p&typeid=i","cat":284725},{"id":124500,"n":"Crème glacée Ben & Jerry's Peanut butter - 425g","p":3.58,"u":"8,42 €/KG","img":"https://fd6-photos.leclercdrive.fr/image.ashx?id=3001524&use=l&cat=p&typeid=i","cat":284725},{"id":124533,"n":"Confiture extra bio Bio Village Rhubarbe - 370g","p":2.59,"u":"7,00 €/KG","img":"https://fd6-photos.leclercdrive.fr/image.ashx?id=2482514&use=l&cat=p&typeid=i","cat":284480},{"id":124594,"n":"Capsules Nescafé Dolce Gusto Espresso - x16","p":4.48,"u":"50,91 €/KG","img":"https://fd6-photos.leclercdrive.fr/image.ashx?id=2952025&use=l&cat=p&typeid=i","cat":293239},{"id":124595,"n":"Nutella Biscuit pâte à tartiner Cacao Noisettes - 166g","p":1.9,"u":"11,45 €/KG","img":"https://fd6-photos.leclercdrive.fr/image.ashx?id=2922200&use=l&cat=p&typeid=i","cat":284488},{"id":124617,"n":"Chocolat Peluche mix Kinder Kangourou - 133g","p":13.92,"u":"104,66 €/KG","img":"https://fd6-photos.leclercdrive.fr/image.ashx?id=1899696&use=l&cat=p&typeid=i","cat":327789},{"id":124618,"n":"Chocolat Peluche mix Kinder Jaguar  - 133g","p":13.92,"u":"104,66 €/KG","img":"https://fd6-photos.leclercdrive.fr/image.ashx?id=1899699&use=l&cat=p&typeid=i","cat":327789},{"id":124646,"n":"Bouchées à garnir Les 3 Toques x6 - 159g","p":1.4,"u":"8,81 €/KG","img":"https://fd6-photos.leclercdrive.fr/image.ashx?id=2007938&use=l&cat=p&typeid=i","cat":284441},{"id":124654,"n":"Bac crème glacée Eskiss Caramel - 500g","p":3.89,"u":"7,78 €/KG","img":"https://fd6-photos.leclercdrive.fr/image.ashx?id=2982676&use=l&cat=p&typeid=i","cat":284263},{"id":124655,"n":"Bac sorbet Eskiss Mangue - 650g","p":2.49,"u":"3,83 €/KG","img":"https://fd6-photos.leclercdrive.fr/image.ashx?id=2982673&use=l&cat=p&typeid=i","cat":284263},{"id":124670,"n":"Pain de mie complet Jacquet Maxi - Sans sucre ajouté - 550g","p":1.6,"u":"2,91 €/KG","img":"https://fd6-photos.leclercdrive.fr/image.ashx?id=2935708&use=l&cat=p&typeid=i","cat":284477},{"id":124671,"n":"Pain de mie Sans croûte Jacquet Sans sucre ajouté - 475g","p":1.76,"u":"3,71 €/KG","img":"https://fd6-photos.leclercdrive.fr/image.ashx?id=2919754&use=l&cat=p&typeid=i","cat":284477},{"id":124694,"n":"Saucisson Mini Justin Bridou  Bâton de Berger nature - 160g","p":3.29,"u":"20,56 €/KG","img":"https://fd6-photos.leclercdrive.fr/image.ashx?id=2921786&use=l&cat=p&typeid=i","cat":316006},{"id":124696,"n":"Accras de morue MSC Table du Monde - 200g","p":2.29,"u":"11,45 €/KG","img":"https://fd6-photos.leclercdrive.fr/image.ashx?id=1959049&use=l&cat=p&typeid=i","cat":333673},{"id":124714,"n":"Combinés gratte éponges Spontex x3","p":2.76,"u":"0,92 €/P","img":"https://fd6-photos.leclercdrive.fr/image.ashx?id=2968895&use=l&cat=p&typeid=i","cat":284667},{"id":124723,"n":"Champignon Bonduelle Emincé - 3x115g","p":2.96,"u":"8,58 €/KG","img":"https://fd6-photos.leclercdrive.fr/image.ashx?id=2913121&use=l&cat=p&typeid=i","cat":312610},{"id":124741,"n":"Boite distributrice gants Mapa Latex naturel Taille M - x100","p":14.62,"u":"0,15 €/P","img":"https://fd6-photos.leclercdrive.fr/image.ashx?id=2973006&use=l&cat=p&typeid=i","cat":284668},{"id":124743,"n":"Gratte éponge Spontex anti bactérien - x2","p":1.86,"u":"0,93 €/P","img":"https://fd6-photos.leclercdrive.fr/image.ashx?id=2973081&use=l&cat=p&typeid=i","cat":284667},{"id":124744,"n":"Gratte éponge Spontex x3","p":2.56,"u":"0,85 €/P","img":"https://fd6-photos.leclercdrive.fr/image.ashx?id=2973084&use=l&cat=p&typeid=i","cat":284667},{"id":124757,"n":"Lait Après-soleil Nivea Sun Hydratant Aloé Vera - 200ml","p":6.47,"u":"32,35 €/L","img":"https://fd6-photos.leclercdrive.fr/image.ashx?id=2165863&use=l&cat=p&typeid=i","cat":325355},{"id":124762,"n":"Biscuit Milka Chocolat pause - 3x260g","p":4.41,"pp":3.09,"u":"3,96 €/KG","img":"https://fd6-photos.leclercdrive.fr/image.ashx?id=2680377&use=l&cat=p&typeid=i","cat":284488},{"id":124764,"n":"Biscuit Moooo Milka Au chocolat - 3x200g","p":4.41,"pp":3.09,"u":"5,15 €/KG","img":"https://fd6-photos.leclercdrive.fr/image.ashx?id=2192578&use=l&cat=p&typeid=i","cat":284488},{"id":124787,"n":"Shampooing sec Batiste Volume - 200ml","p":4.64,"u":"23,20 €/L","img":"https://fd6-photos.leclercdrive.fr/image.ashx?id=2557979&use=l&cat=p&typeid=i","cat":289143},{"id":124788,"n":"Crème Solaire Spray Nivea Sun FPS 50+ Bébé et Enfant - 200ml","p":10.48,"u":"52,40 €/L","img":"https://fd6-photos.leclercdrive.fr/image.ashx?id=3005224&use=l&cat=p&typeid=i","cat":325355},{"id":124791,"n":"Serviette Nana Maxi goodnight - x12","p":1.94,"u":"0,16 €/P","img":"https://fd6-photos.leclercdrive.fr/image.ashx?id=2806402&use=l&cat=p&typeid=i","cat":284624},{"id":124837,"n":"Dual nature saumon One Purina Chat stérilisé - 1,4kg","p":7.45,"u":"5,32 €/KG","img":"https://fd6-photos.leclercdrive.fr/image.ashx?id=2871145&use=l&cat=p&typeid=i","cat":284680},{"id":124874,"n":"Crème glacée Ben & Jerry's  Caramel Brownie Party - 405g","p":3.91,"u":"9,65 €/KG","img":"https://fd6-photos.leclercdrive.fr/image.ashx?id=2773889&use=l&cat=p&typeid=i","cat":284725},{"id":124901,"n":"Pâte à tartiner Nutella 630g","p":4.79,"u":"7,60 €/KG","img":"https://fd6-photos.leclercdrive.fr/image.ashx?id=2968841&use=l&cat=p&typeid=i","cat":284481},{"id":124902,"n":"Eponges végétales Eco+ x2","p":0.46,"u":"0,23 €/P","img":"https://fd6-photos.leclercdrive.fr/image.ashx?id=2458046&use=l&cat=p&typeid=i","cat":284667},{"id":124903,"n":"Laque fixation forte Eco+ 400ml","p":1.11,"u":"2,78 €/L","img":"https://fd6-photos.leclercdrive.fr/image.ashx?id=2270223&use=l&cat=p&typeid=i","cat":284609},{"id":124904,"n":"Liquide allume-feu Eco+ 1L","p":2.92,"u":"2,92 €/L","img":"https://fd6-photos.leclercdrive.fr/image.ashx?id=1901698&use=l&cat=p&typeid=i","cat":300577},{"id":124905,"n":"Sacs poubelle coulissants Eco+ 30 l - x20","p":1.23,"u":"0,06 €/P","img":"https://fd6-photos.leclercdrive.fr/image.ashx?id=1901701&use=l&cat=p&typeid=i","cat":285168},{"id":124906,"n":"Sacs poubelle Eco+ 50L Coulissants - x25","p":2.33,"u":"0,09 €/P","img":"https://fd6-photos.leclercdrive.fr/image.ashx?id=1916286&use=l&cat=p&typeid=i","cat":285168},{"id":124908,"n":"Crème coiffante Carré Homme Cheveux & Barbe - 75ml","p":3.79,"u":"50,53 €/L","img":"https://fd6-photos.leclercdrive.fr/image.ashx?id=2635691&use=l&cat=p&typeid=i","cat":284609},{"id":124909,"n":"Culotte Enuresie Mots d'Enfants 4-7 ans -17-30 kg - x15","p":9.49,"u":"0,63 €/P","img":"https://fd6-photos.leclercdrive.fr/image.ashx?id=2704496&use=l&cat=p&typeid=i","cat":290633},{"id":124910,"n":"Culotte Enuresie Mots d'enfants 8/15 ans -27/57 kg- x12","p":9.29,"u":"0,77 €/P","img":"https://fd6-photos.leclercdrive.fr/image.ashx?id=2791335&use=l&cat=p&typeid=i","cat":290633},{"id":124911,"n":"Diffuseur Insectivor Anti-Moustique - 40ml","p":4.39,"u":"109,75 €/L","img":"https://fd6-photos.leclercdrive.fr/image.ashx?id=1921904&use=l&cat=p&typeid=i","cat":298368},{"id":124912,"n":"Insecticide Insectivor Anti-acariens puce- 400ml","p":4.99,"u":"12,48 €/L","img":"https://fd6-photos.leclercdrive.fr/image.ashx?id=2805051&use=l&cat=p&typeid=i","cat":298368},{"id":124913,"n":"Insecticide Insectivor Volant/rampant - 400ml","p":3.95,"u":"9,88 €/L","img":"https://fd6-photos.leclercdrive.fr/image.ashx?id=2582990&use=l&cat=p&typeid=i","cat":298368},{"id":124921,"n":"Croquettes petit chien Ultima  Nature Sans céréales - 1,1kg","p":6.85,"u":"6,23 €/KG","img":"https://fd6-photos.leclercdrive.fr/image.ashx?id=2572745&use=l&cat=p&typeid=i","cat":294526},{"id":124923,"n":"Croquettes chat stérilisé  Ultima Nature bœuf – 1,1kg","p":6.91,"u":"6,28 €/KG","img":"https://fd6-photos.leclercdrive.fr/image.ashx?id=2629884&use=l&cat=p&typeid=i","cat":284680},{"id":124926,"n":"Sacs poubelle container Elembal 120L - x10","p":3.99,"u":"0,40 €/P","img":"https://fd6-photos.leclercdrive.fr/image.ashx?id=1901891&use=l&cat=p&typeid=i","cat":285168},{"id":124927,"n":"Sacs gravats Elembal 50L - X5","p":4.24,"u":"0,02 €/L","img":"https://fd6-photos.leclercdrive.fr/image.ashx?id=1959208&use=l&cat=p&typeid=i","cat":285168},{"id":124928,"n":"Sacs poubelle Elembal 240L - x10","p":4.56,"u":"0,46 €/P","img":"https://fd6-photos.leclercdrive.fr/image.ashx?id=1901894&use=l&cat=p&typeid=i","cat":285168},{"id":124929,"n":"Insecticide Insectivor Antivolant végétal - 400ml","p":2.71,"u":"6,78 €/L","img":"https://fd6-photos.leclercdrive.fr/image.ashx?id=2673999&use=l&cat=p&typeid=i","cat":298368},{"id":124930,"n":"Sacs poubelle Elembal Coulissants spécial tri 50L-x10","p":2.19,"u":"0,22 €/P","img":"https://fd6-photos.leclercdrive.fr/image.ashx?id=2958756&use=l&cat=p&typeid=i","cat":285168},{"id":124931,"n":"Coton maxi ovale Bio Bionaia x60","p":2.16,"u":"0,04 €/P","img":"https://fd6-photos.leclercdrive.fr/image.ashx?id=2658584&use=l&cat=p&typeid=i","cat":284636},{"id":124935,"n":"Tampons à récurer Eco+ x5","p":1.01,"u":"0,20 €/P","img":"https://fd6-photos.leclercdrive.fr/image.ashx?id=2593336&use=l&cat=p&typeid=i","cat":284667},{"id":124936,"n":"Serviettes hygiéniques Eco+ Normales Ultra minces - x14","p":0.51,"u":"0,04 €/P","img":"https://fd6-photos.leclercdrive.fr/image.ashx?id=2177517&use=l&cat=p&typeid=i","cat":284624},{"id":124957,"n":"Serviettes hygiéniques Eco+ Normales - x20","p":0.7,"u":"0,04 €/P","img":"https://fd6-photos.leclercdrive.fr/image.ashx?id=2824742&use=l&cat=p&typeid=i","cat":284624},{"id":124959,"n":"Shampooing sec Nateïs Pomme - 150ml","p":2.16,"u":"14,40 €/L","img":"https://fd6-photos.leclercdrive.fr/image.ashx?id=2843602&use=l&cat=p&typeid=i","cat":289143},{"id":124961,"n":"Shampoing sec Nateis 150ml","p":1.87,"u":"12,47 €/L","img":"https://fd6-photos.leclercdrive.fr/image.ashx?id=2751919&use=l&cat=p&typeid=i","cat":289143},{"id":124962,"n":"Sacs poubelle Elembal Salle de bain 5L - x40","p":1.26,"u":"0,03 €/P","img":"https://fd6-photos.leclercdrive.fr/image.ashx?id=2793284&use=l&cat=p&typeid=i","cat":285168},{"id":125137,"n":"Fromage Apéritif St Môret Figues x20 - 100g","p":2.37,"u":"23,70 €/KG","img":"https://fd6-photos.leclercdrive.fr/image.ashx?id=2734825&use=l&cat=p&typeid=i","cat":314027},{"id":125216,"n":"Cacahuètes Eco+ Grillées à sec - 150g","p":0.46,"u":"3,07 €/KG","img":"https://fd6-photos.leclercdrive.fr/image.ashx?id=2780710&use=l&cat=p&typeid=i","cat":284448},{"id":125217,"n":"Soufflés Eco+ Goût fromage - 100g","p":0.54,"u":"5,40 €/KG","img":"https://fd6-photos.leclercdrive.fr/image.ashx?id=2651729&use=l&cat=p&typeid=i","cat":284449},{"id":125218,"n":"Cacahuètes Eco  Grillées et salées - 250g","p":0.7,"u":"2,80 €/KG","img":"https://fd6-photos.leclercdrive.fr/image.ashx?id=2836801&use=l&cat=p&typeid=i","cat":284448},{"id":125222,"n":"Assortiment biscuit Eco+ Soufflé - 125g","p":0.87,"u":"6,96 €/KG","img":"https://fd6-photos.leclercdrive.fr/image.ashx?id=2283972&use=l&cat=p&typeid=i","cat":284449},{"id":125223,"n":"Pistaches grillées à sec Eco+ 200g","p":2.58,"u":"12,90 €/KG","img":"https://fd6-photos.leclercdrive.fr/image.ashx?id=2746784&use=l&cat=p&typeid=i","cat":284448},{"id":125224,"n":"Pop corn Eco+ Salé - 100g","p":0.97,"u":"9,70 €/KG","img":"https://fd6-photos.leclercdrive.fr/image.ashx?id=2846550&use=l&cat=p&typeid=i","cat":304249},{"id":125225,"n":"Chips nature Eco+ 6x30g","p":1.23,"u":"6,83 €/KG","img":"https://fd6-photos.leclercdrive.fr/image.ashx?id=2943599&use=l&cat=p&typeid=i","cat":284447},{"id":125227,"n":"Mini cookies P'tit Déli 160g","p":1.49,"u":"9,31 €/KG","img":"https://fd6-photos.leclercdrive.fr/image.ashx?id=2932426&use=l&cat=p&typeid=i","cat":325066},{"id":125235,"n":"Tartelette framboise P'tit Déli 150g","p":1.3,"u":"8,67 €/KG","img":"https://fd6-photos.leclercdrive.fr/image.ashx?id=2683922&use=l&cat=p&typeid=i","cat":284489},{"id":125238,"n":"Cookies P'tit Déli Chocolat noisette - 200g","p":1.69,"u":"8,45 €/KG","img":"https://fd6-photos.leclercdrive.fr/image.ashx?id=1943253&use=l&cat=p&typeid=i","cat":325066},{"id":125246,"n":"Canistrelli de corse NRT Noisettes - 300g","p":3.65,"u":"12,17 €/KG","img":"https://fd6-photos.leclercdrive.fr/image.ashx?id=2909428&use=l&cat=p&typeid=i","cat":284487},{"id":125315,"n":"Farine bio Jardin Bio Semi-complète T80 - 1kg","p":2.21,"u":"2,21 €/KG","img":"https://fd6-photos.leclercdrive.fr/image.ashx?id=2944834&use=l&cat=p&typeid=i","cat":284503},{"id":125328,"n":"Ketchup Rustica Nature - 560g","p":1.25,"u":"2,23 €/KG","img":"https://fd6-photos.leclercdrive.fr/image.ashx?id=2870050&use=l&cat=p&typeid=i","cat":284455},{"id":125383,"n":"Comté fromage râpé Les Croisés 130g","p":1.95,"u":"15,00 €/KG","img":"https://fd6-photos.leclercdrive.fr/image.ashx?id=2897820&use=l&cat=p&typeid=i","cat":314035},{"id":125389,"n":"Dégraissant cuisine Sanytol 500ml","p":2.62,"u":"5,24 €/L","img":"https://fd6-photos.leclercdrive.fr/image.ashx?id=2899356&use=l&cat=p&typeid=i","cat":325357},{"id":125416,"n":"Vinaigre nettoyant ménager surpuissant - 1L","p":1.61,"u":"1,61 €/L","img":"https://fd6-photos.leclercdrive.fr/image.ashx?id=2456759&use=l&cat=p&typeid=i","cat":325365},{"id":125417,"n":"Vinaigre nettoyant ménager surpuissant - 5L","p":6.68,"u":"1,34 €/L","img":"https://fd6-photos.leclercdrive.fr/image.ashx?id=2149432&use=l&cat=p&typeid=i","cat":325365},{"id":125418,"n":"Vinaigre nettoyant ménager surpuissant - 750 ml","p":2.37,"u":"3,16 €/L","img":"https://fd6-photos.leclercdrive.fr/image.ashx?id=1905071&use=l&cat=p&typeid=i","cat":325365},{"id":125431,"n":"Granola Bio Bjorg Chocolat - 350g","p":3.7,"u":"10,57 €/KG","img":"https://fd6-photos.leclercdrive.fr/image.ashx?id=2906217&use=l&cat=p&typeid=i","cat":309512},{"id":125571,"n":"Yaourt bifidus Activia muesli Chocolat noisette - 170g","p":1.92,"img":"https://fd6-photos.leclercdrive.fr/image.ashx?id=2965891&use=l&cat=p&typeid=i","cat":315000},{"id":125723,"n":"Céréales fourées P'tit Déli Tout chocolat - 650g","p":2.89,"u":"4,45 €/KG","img":"https://fd6-photos.leclercdrive.fr/image.ashx?id=2878603&use=l&cat=p&typeid=i","cat":309513},{"id":125852,"n":"Terreau Beaux Jours Semis et bouturage - 20L","p":3.69,"u":"0,18 €/L","img":"https://fd6-photos.leclercdrive.fr/image.ashx?id=1913192&use=l&cat=p&typeid=i","cat":335919},{"id":125914,"n":"Fromages frais Pat'patrouille Yoplait goûts fruits - 12x50g","p":1.65,"u":"2,75 €/KG","img":"https://fd6-photos.leclercdrive.fr/image.ashx?id=2733685&use=l&cat=p&typeid=i","cat":284414},{"id":125915,"n":"Yaourts allégés Sveltesse   Caramel - 4x125g","p":1.61,"u":"3,22 €/KG","img":"https://fd6-photos.leclercdrive.fr/image.ashx?id=2561601&use=l&cat=p&typeid=i","cat":315000},{"id":125916,"n":"Fromages frais Pat'Patrouille Yoplait goûts fruits - 24x50g","p":3.35,"u":"2,79 €/KG","img":"https://fd6-photos.leclercdrive.fr/image.ashx?id=2733688&use=l&cat=p&typeid=i","cat":284414},{"id":125919,"n":"Boisson végétale Alpro Lait d'amande vanille - 1L","p":3.01,"u":"3,01 €/L","img":"https://fd6-photos.leclercdrive.fr/image.ashx?id=2981671&use=l&cat=p&typeid=i","cat":316067},{"id":125958,"n":"Chips Bret's Saveur vinaigre - 125g","p":1.19,"u":"9,52 €/KG","img":"https://fd6-photos.leclercdrive.fr/image.ashx?id=1925081&use=l&cat=p&typeid=i","cat":284447},{"id":125966,"n":"Chips Tyrrell's Sel et poivre - 150g","p":2.19,"u":"14,60 €/KG","img":"https://fd6-photos.leclercdrive.fr/image.ashx?id=2884777&use=l&cat=p&typeid=i","cat":284447},{"id":126114,"n":"Arachide coque grillée Maître Prunille - 500g","p":4.06,"u":"8,12 €/KG","img":"https://fd6-photos.leclercdrive.fr/image.ashx?id=2660056&use=l&cat=p&typeid=i","cat":284357},{"id":126139,"n":"Chips  Sel de mer Tyrell's Saveur vinaigre - 150g","p":2.19,"u":"14,60 €/KG","img":"https://fd6-photos.leclercdrive.fr/image.ashx?id=2941865&use=l&cat=p&typeid=i","cat":284447},{"id":126140,"n":"Chips Tyrells Piment doux et poivron - 150g","p":2.19,"u":"14,60 €/KG","img":"https://fd6-photos.leclercdrive.fr/image.ashx?id=2225657&use=l&cat=p&typeid=i","cat":284447},{"id":126178,"n":"Riz long thaï Eco+ 1kg","p":1.61,"u":"1,61 €/KG","img":"https://fd6-photos.leclercdrive.fr/image.ashx?id=2799751&use=l&cat=p&typeid=i","cat":284428},{"id":126181,"n":"Chocolat Daim 140g","p":2.67,"u":"19,07 €/KG","img":"https://fd6-photos.leclercdrive.fr/image.ashx?id=2506918&use=l&cat=p&typeid=i","cat":304250},{"id":126183,"n":"Biscuits Lotus Biscoff Fourré  Crème saveur speculoos - 150g","p":1.81,"u":"12,07 €/KG","img":"https://fd6-photos.leclercdrive.fr/image.ashx?id=2694968&use=l&cat=p&typeid=i","cat":284487},{"id":126186,"n":"Riz rond Eco+ 1kg","p":1.77,"u":"1,77 €/KG","img":"https://fd6-photos.leclercdrive.fr/image.ashx?id=2704594&use=l&cat=p&typeid=i","cat":284428},{"id":126187,"n":"Biscuits Lotus Biscoff Fourré Crème saveur chocolat 150g","p":1.79,"u":"11,93 €/KG","img":"https://fd6-photos.leclercdrive.fr/image.ashx?id=2859818&use=l&cat=p&typeid=i","cat":284487},{"id":126189,"n":"Biscuits Lotus Biscoff Fourré  Crème saveur vanille - 150g","p":1.64,"u":"10,93 €/KG","img":"https://fd6-photos.leclercdrive.fr/image.ashx?id=2685315&use=l&cat=p&typeid=i","cat":284487},{"id":126310,"n":"Crème dépilatoire Pure Veet Corps Peaux normales 200ml","p":4.67,"u":"23,35 €/L","img":"https://fd6-photos.leclercdrive.fr/image.ashx?id=3014437&use=l&cat=p&typeid=i","cat":325351},{"id":126314,"n":"Crème dépilatoire Pure Veet Corps Peaux sensibles 200ml","p":4.45,"u":"22,25 €/L","img":"https://fd6-photos.leclercdrive.fr/image.ashx?id=2965692&use=l&cat=p&typeid=i","cat":325351},{"id":126316,"n":"Cire Chaude au Sucre Pure Veet 100% d'Origine Naturelle 250ml","p":5.2,"u":"20,80 €/L","img":"https://fd6-photos.leclercdrive.fr/image.ashx?id=2990430&use=l&cat=p&typeid=i","cat":325351},{"id":126396,"n":"Bière sans alcool Kronenbourg Pur Malt 0,4° - 12x25cl","p":5.36,"u":"1,79 €/L","img":"https://fd6-photos.leclercdrive.fr/image.ashx?id=2992756&use=l&cat=p&typeid=i","cat":334877},{"id":126421,"n":"Biscuits Figolu LU Figue - 192g","p":1.43,"u":"7,45 €/KG","img":"https://fd6-photos.leclercdrive.fr/image.ashx?id=2967950&use=l&cat=p&typeid=i","cat":284489},{"id":126424,"n":"Biscuits Sprits sablés Delacre Chocolat au lait - 200g","p":1.7,"u":"8,50 €/KG","img":"https://fd6-photos.leclercdrive.fr/image.ashx?id=2855873&use=l&cat=p&typeid=i","cat":284488},{"id":126430,"n":"Dosettes café Senseo Milka x8","p":2.93,"u":"26,16 €/KG","img":"https://fd6-photos.leclercdrive.fr/image.ashx?id=2127012&use=l&cat=p&typeid=i","cat":293238},{"id":126474,"n":"Thon entier MSC Petit Navire A l'huile d'olive - 160g","p":3.4,"u":"21,25 €/KG","img":"https://fd6-photos.leclercdrive.fr/image.ashx?id=2523897&use=l&cat=p&typeid=i","cat":303867},{"id":126477,"n":"Thon naturel MSC Petit Navire -25% sel - 112g","p":2.84,"u":"25,36 €/KG","img":"https://fd6-photos.leclercdrive.fr/image.ashx?id=2521897&use=l&cat=p&typeid=i","cat":303867},{"id":126478,"n":"Morceaux Thon PETIT NAVIRE 160g Nature Démarche Responsable","p":1.99,"u":"17,77 €/KG","img":"https://fd6-photos.leclercdrive.fr/image.ashx?id=2549453&use=l&cat=p&typeid=i","cat":303867},{"id":126503,"n":"Durex Gel Lubrifiant Intime  Perfect Gliss Silicone 50ml","p":7.22,"u":"144,40 €/L","img":"https://fd6-photos.leclercdrive.fr/image.ashx?id=2996497&use=l&cat=p&typeid=i","cat":285160},{"id":126519,"n":"Bloc WC Bref Color Activ+  Marine toilettes - 50g x1","p":1.97,"u":"394,00 €/KG","img":"https://fd6-photos.leclercdrive.fr/image.ashx?id=2890112&use=l&cat=p&typeid=i","cat":284662},{"id":126540,"n":"Citron jaune Eco+  Filet 500g","p":0.99,"u":"1,98 €/KG","img":"https://fd6-photos.leclercdrive.fr/image.ashx?id=2619807&use=l&cat=p&typeid=i","cat":284356},{"id":126541,"n":"Clémentines Eco+ Filet 1kg","p":1.69,"u":"1,69 €/KG","img":"https://fd6-photos.leclercdrive.fr/image.ashx?id=2607987&use=l&cat=p&typeid=i","cat":284356},{"id":126545,"n":"Pomelos Eco+ Filet x3","p":1.79,"u":"0,60 €/P","img":"https://fd6-photos.leclercdrive.fr/image.ashx?id=2680524&use=l&cat=p&typeid=i","cat":284356},{"id":126555,"n":"Noix de coco 1p","p":1.49,"img":"https://fd6-photos.leclercdrive.fr/image.ashx?id=1629549&use=l&cat=p&typeid=i","cat":284356},{"id":126562,"n":"Noix de cajou Plaisir Brut Non salées - 145g","p":3.2,"u":"24,62 €/KG","img":"https://fd6-photos.leclercdrive.fr/image.ashx?id=2622552&use=l&cat=p&typeid=i","cat":284448},{"id":126570,"n":"Soda Sprite Original  Bouteille  - 1.25L","p":1.27,"u":"1,02 €/L","img":"https://fd6-photos.leclercdrive.fr/image.ashx?id=2796989&use=l&cat=p&typeid=i","cat":284531},{"id":126571,"n":"Gaufres de Liège Lotus 315g","p":1.94,"u":"6,16 €/KG","img":"https://fd6-photos.leclercdrive.fr/image.ashx?id=2694995&use=l&cat=p&typeid=i","cat":294777},{"id":126578,"n":"Poires Eco+ Barquette 1kg","p":2.49,"u":"2,49 €/KG","img":"https://fd6-photos.leclercdrive.fr/image.ashx?id=2909374&use=l&cat=p&typeid=i","cat":284356},{"id":126579,"n":"Pommes Bicolores Eco+ Sachet 2kg","p":2.99,"u":"1,50 €/KG","img":"https://fd6-photos.leclercdrive.fr/image.ashx?id=2537872&use=l&cat=p&typeid=i","cat":284356},{"id":126583,"n":"Kiwi vert Eco+ Barquette 1kg","p":3.99,"u":"3,99 €/KG","img":"https://fd6-photos.leclercdrive.fr/image.ashx?id=2922373&use=l&cat=p&typeid=i","cat":284356},{"id":126585,"n":"Tomates rondes Eco+ Filet 1kg","p":1.89,"u":"1,89 €/KG","img":"https://fd6-photos.leclercdrive.fr/image.ashx?id=2769420&use=l&cat=p&typeid=i","cat":284352},{"id":126589,"n":"Endives Eco+ Sachet 500g","p":1.49,"u":"2,98 €/KG","img":"https://fd6-photos.leclercdrive.fr/image.ashx?id=2922917&use=l&cat=p&typeid=i","cat":284352},{"id":126590,"n":"Ail Eco+ Filet 250g","p":1.99,"u":"7,96 €/KG","img":"https://fd6-photos.leclercdrive.fr/image.ashx?id=2919586&use=l&cat=p&typeid=i","cat":284352},{"id":126591,"n":"Echalotes Eco+ Filet 500g","p":1.19,"u":"2,38 €/KG","img":"https://fd6-photos.leclercdrive.fr/image.ashx?id=2777946&use=l&cat=p&typeid=i","cat":284352},{"id":126601,"n":"Biscuits à thé Delacre Tea Time Boîte Assortiment - 300g","p":4.53,"u":"15,10 €/KG","img":"https://fd6-photos.leclercdrive.fr/image.ashx?id=2867972&use=l&cat=p&typeid=i","cat":284490},{"id":126643,"n":"Gaufres de liège Lotus Chocolat - 363g","p":3.01,"u":"8,29 €/KG","img":"https://fd6-photos.leclercdrive.fr/image.ashx?id=2859824&use=l&cat=p&typeid=i","cat":294777},{"id":126646,"n":"Gaufres de liège Lotus Chocolat au lait - 363g","p":2.98,"u":"8,21 €/KG","img":"https://fd6-photos.leclercdrive.fr/image.ashx?id=2859827&use=l&cat=p&typeid=i","cat":294777},{"id":126654,"n":"Fromage de Chèvre Saint Loup  Bûche Affinée - 180g","p":2.25,"u":"12,50 €/KG","img":"https://fd6-photos.leclercdrive.fr/image.ashx?id=2763322&use=l&cat=p&typeid=i","cat":314031},{"id":126655,"n":"Rillettes de thon aux olives  Ronde des Mers - 125g","p":1.68,"u":"13,44 €/KG","img":"https://fd6-photos.leclercdrive.fr/image.ashx?id=2436705&use=l&cat=p&typeid=i","cat":303867},{"id":126658,"n":"Poisson pané Colin Alaska  Findus MSC herbes ail x2 - 225g","p":2.99,"u":"13,29 €/KG","img":"https://fd6-photos.leclercdrive.fr/image.ashx?id=2650699&use=l&cat=p&typeid=i","cat":319788},{"id":126659,"n":"Fromage fondu Eco+ 24 portions - 400g","p":2.45,"u":"6,13 €/KG","img":"https://fd6-photos.leclercdrive.fr/image.ashx?id=2415746&use=l&cat=p&typeid=i","cat":314030},{"id":126765,"n":"Mascara Maybelline New York Big Shot Daring Black nu - x1","p":8.0,"img":"https://fd6-photos.leclercdrive.fr/image.ashx?id=2344165&use=l&cat=p&typeid=i","cat":287029},{"id":126804,"n":"Lotus Biscoff Glace Speculoos  Chocolat lait 284g (4x90ml)","p":4.28,"u":"15,07 €/KG","img":"https://fd6-photos.leclercdrive.fr/image.ashx?id=2683280&use=l&cat=p&typeid=i","cat":284265},{"id":126816,"n":"Escalope de poulet Le Gaulois 240g","p":4.24,"u":"17,67 €/KG","img":"https://fd6-photos.leclercdrive.fr/image.ashx?id=2304713&use=l&cat=p&typeid=i","cat":284336},{"id":126847,"n":"Batonnets Smicy Vanille fraise - x12 - 456g","p":3.65,"u":"8,00 €/KG","img":"https://fd6-photos.leclercdrive.fr/image.ashx?id=2902555&use=l&cat=p&typeid=i","cat":284265},{"id":126848,"n":"Batonnets Smicy Vanille - x12 - 456g","p":4.02,"u":"8,82 €/KG","img":"https://fd6-photos.leclercdrive.fr/image.ashx?id=2902552&use=l&cat=p&typeid=i","cat":284265},{"id":126849,"n":"Batonnets Smicy Vanille chocolat - x12 - 456g","p":3.53,"u":"7,74 €/KG","img":"https://fd6-photos.leclercdrive.fr/image.ashx?id=2902558&use=l&cat=p&typeid=i","cat":284265},{"id":126850,"n":"Batonnets Smicy Pistache chocolat - x12 - 456g","p":3.53,"u":"7,74 €/KG","img":"https://fd6-photos.leclercdrive.fr/image.ashx?id=2902561&use=l&cat=p&typeid=i","cat":284265},{"id":126907,"n":"Pesto verde Garofalo 175g","p":2.65,"u":"15,14 €/KG","img":"https://fd6-photos.leclercdrive.fr/image.ashx?id=2884651&use=l&cat=p&typeid=i","cat":287599},{"id":126914,"n":"Lorina limonade artisanale 6x20cl","p":4.55,"u":"3,79 €/L","img":"https://fd6-photos.leclercdrive.fr/image.ashx?id=2735140&use=l&cat=p&typeid=i","cat":284531},{"id":126918,"n":"Kaki 1p","p":0.59,"img":"https://fd6-photos.leclercdrive.fr/image.ashx?id=1628367&use=l&cat=p&typeid=i","cat":284356},{"id":126958,"n":"Kiwi vert 1p","p":0.49,"img":"https://fd6-photos.leclercdrive.fr/image.ashx?id=2077670&use=l&cat=p&typeid=i","cat":284356},{"id":126960,"n":"Cheeseburgers Côté Croc x6 - 780g","p":6.29,"u":"8,06 €/KG","img":"https://fd6-photos.leclercdrive.fr/image.ashx?id=2077373&use=l&cat=p&typeid=i","cat":319822},{"id":126966,"n":"Melon vert 1p","p":3.29,"img":"https://fd6-photos.leclercdrive.fr/image.ashx?id=1636374&use=l&cat=p&typeid=i","cat":284356},{"id":126974,"n":"Café moulu bio Bio Village Mexique - 250g","p":4.95,"u":"19,80 €/KG","img":"https://fd6-photos.leclercdrive.fr/image.ashx?id=2468882&use=l&cat=p&typeid=i","cat":284750},{"id":126984,"n":"Concombre 1p","p":2.19,"img":"https://fd6-photos.leclercdrive.fr/image.ashx?id=1631895&use=l&cat=p&typeid=i","cat":284352},{"id":126994,"n":"Céleri rave 1p","p":2.19,"img":"https://fd6-photos.leclercdrive.fr/image.ashx?id=1631904&use=l&cat=p&typeid=i","cat":284352},{"id":127019,"n":"Potimarron 1p","p":1.99,"img":"https://fd6-photos.leclercdrive.fr/image.ashx?id=1633196&use=l&cat=p&typeid=i","cat":284352},{"id":127021,"n":"Chou blanc 1p","p":1.89,"img":"https://fd6-photos.leclercdrive.fr/image.ashx?id=560849&use=l&cat=p&typeid=i","cat":284352},{"id":127027,"n":"Bouchées Feuilletées 3 Toques x12 - 318g","p":2.68,"u":"8,43 €/KG","img":"https://fd6-photos.leclercdrive.fr/image.ashx?id=1913859&use=l&cat=p&typeid=i","cat":284441},{"id":127070,"n":"Gâteau de riz Yabon Caramel - 420g","p":2.52,"u":"6,00 €/KG","img":"https://fd6-photos.leclercdrive.fr/image.ashx?id=2644821&use=l&cat=p&typeid=i","cat":284506},{"id":127150,"n":"Gel Mains désinfectant Mercurochrome - 75ml","p":2.09,"u":"27,87 €/L","img":"https://fd6-photos.leclercdrive.fr/image.ashx?id=2522728&use=l&cat=p&typeid=i","cat":284630},{"id":127215,"n":"Litière chats Tranquille Cristaux fins - 3.7L","p":5.64,"u":"1,52 €/L","img":"https://fd6-photos.leclercdrive.fr/image.ashx?id=1934850&use=l&cat=p&typeid=i","cat":284683},{"id":127323,"n":"Shampoing nourrissant Fructis Hair Food banane - 350ml","p":3.49,"u":"9,97 €/L","img":"https://fd6-photos.leclercdrive.fr/image.ashx?id=2830597&use=l&cat=p&typeid=i","cat":284606},{"id":127330,"n":"Bière blonde La Goudale 7,2%vol - Le fût de 5L","p":26.18,"u":"5,24 €/L","img":"https://fd6-photos.leclercdrive.fr/image.ashx?id=2504512&use=l&cat=p&typeid=i","cat":334879},{"id":127389,"n":"Cire divine rituel douceur Nair huile argan et onagre - 400g","p":6.37,"u":"15,93 €/KG","img":"https://fd6-photos.leclercdrive.fr/image.ashx?id=2904790&use=l&cat=p&typeid=i","cat":325351},{"id":127396,"n":"Soin de jour Diadermine Lift+ Lissage Immédiat - 50 ml","p":6.84,"u":"136,80 €/L","img":"https://fd6-photos.leclercdrive.fr/image.ashx?id=2551111&use=l&cat=p&typeid=i","cat":325345},{"id":127401,"n":"Préservatifs Orgasm'Intense Perlés et Nervurés Durex x10","p":10.28,"u":"1,03 €/P","img":"https://fd6-photos.leclercdrive.fr/image.ashx?id=2962023&use=l&cat=p&typeid=i","cat":284631},{"id":127429,"n":"Soupe 5 légumes Ferme d'Anchin - 98.5cl","p":4.98,"u":"50,30 €/L","img":"https://fd6-photos.leclercdrive.fr/image.ashx?id=2815073&use=l&cat=p&typeid=i","cat":284355},{"id":127430,"n":"Céréales fourrées P'tit Déli Chocolat au lait - 450g","p":2.58,"u":"5,73 €/KG","img":"https://fd6-photos.leclercdrive.fr/image.ashx?id=2824713&use=l&cat=p&typeid=i","cat":309513},{"id":127432,"n":"Vol-au-Vent Gourmet beurre - x4 - 160g","p":3.5,"u":"21,88 €/KG","img":"https://fd6-photos.leclercdrive.fr/image.ashx?id=1915524&use=l&cat=p&typeid=i","cat":284441},{"id":127456,"n":"Lingettes mains Sanytol Désinfectantes - x12 lingettes","p":2.74,"img":"https://fd6-photos.leclercdrive.fr/image.ashx?id=2904670&use=l&cat=p&typeid=i","cat":284630},{"id":127475,"n":"Lait bébé en poudre Blédilait croissance 1-3 ans 900g","p":10.99,"u":"12,21 €/KG","img":"https://fd6-photos.leclercdrive.fr/image.ashx?id=2848587&use=l&cat=p&typeid=i","cat":290219},{"id":127476,"n":"Piperade basquaise NRT 600g","p":3.7,"u":"6,17 €/KG","img":"https://fd6-photos.leclercdrive.fr/image.ashx?id=2771420&use=l&cat=p&typeid=i","cat":284441},{"id":127482,"n":"Pâté de foie Vasseur Saveurs en Or - 300g","p":2.62,"u":"8,73 €/KG","img":"https://fd6-photos.leclercdrive.fr/image.ashx?id=2480752&use=l&cat=p&typeid=i","cat":316008},{"id":127537,"n":"Nettoyant l'Arbre Vert spray vitre -740ml","p":2.27,"u":"3,07 €/L","img":"https://fd6-photos.leclercdrive.fr/image.ashx?id=2812867&use=l&cat=p&typeid=i","cat":325363},{"id":127556,"n":"Litière chats Tranquille Cristale charbon actif - 4L","p":5.99,"u":"1,50 €/L","img":"https://fd6-photos.leclercdrive.fr/image.ashx?id=2421874&use=l&cat=p&typeid=i","cat":284683},{"id":127656,"n":"Crayons de couleur Maped Coloris assortis - x48","p":8.29,"img":"https://fd6-photos.leclercdrive.fr/image.ashx?id=2381862&use=l&cat=p&typeid=i","cat":284696},{"id":127718,"n":"Cahiers Esquisse 48pages 24X32 - grands carreaux -x5","p":4.99,"img":"https://fd6-photos.leclercdrive.fr/image.ashx?id=1929798&use=l&cat=p&typeid=i","cat":284697},{"id":127719,"n":"Feuilles dessin Esquisse 24X32 - x12","p":2.49,"u":"0,21 €/P","img":"https://fd6-photos.leclercdrive.fr/image.ashx?id=1929768&use=l&cat=p&typeid=i","cat":284697},{"id":127982,"n":"Cahier Esquisse 192pages Jaune -grands carreaux-24X32cm","p":3.59,"img":"https://fd6-photos.leclercdrive.fr/image.ashx?id=1937857&use=l&cat=p&typeid=i","cat":284697},{"id":127983,"n":"Cahier Esquisse 192pages Bleu - grands carreaux -24X32cm","p":3.59,"img":"https://fd6-photos.leclercdrive.fr/image.ashx?id=1937860&use=l&cat=p&typeid=i","cat":284697},{"id":127988,"n":"Protège-documents Esquisse Noir - 160 vues","p":3.99,"img":"https://fd6-photos.leclercdrive.fr/image.ashx?id=1931832&use=l&cat=p&typeid=i","cat":284745},{"id":127989,"n":"Protège-documents Esquisse Transparent - 160 vues","p":3.99,"img":"https://fd6-photos.leclercdrive.fr/image.ashx?id=1931835&use=l&cat=p&typeid=i","cat":284745},{"id":127998,"n":"Chemise Esquisse Jaune - Polypro premium","p":2.69,"img":"https://fd6-photos.leclercdrive.fr/image.ashx?id=1935924&use=l&cat=p&typeid=i","cat":284745},{"id":128000,"n":"Chemise Esquisse Rose - Polypro premium","p":2.69,"img":"https://fd6-photos.leclercdrive.fr/image.ashx?id=1935930&use=l&cat=p&typeid=i","cat":284745},{"id":128043,"n":"Cahier Esquisse 48pages Rouge -Grands carreaux -24X32cm","p":1.29,"img":"https://fd6-photos.leclercdrive.fr/image.ashx?id=1932519&use=l&cat=p&typeid=i","cat":284697},{"id":128045,"n":"Cahier Esquisse 48pages Bleu -Grands carreaux -24X32cm","p":1.29,"img":"https://fd6-photos.leclercdrive.fr/image.ashx?id=1932525&use=l&cat=p&typeid=i","cat":284697},{"id":128693,"n":"Cahier Clairefontaine 96pages Rouge - 24x32cm-grands carreaux","p":2.7,"img":"https://fd6-photos.leclercdrive.fr/image.ashx?id=1922950&use=l&cat=p&typeid=i","cat":284697},{"id":128695,"n":"Cahier Clairefontaine 96 pages Violet -24x32cm-grands carreaux","p":2.7,"img":"https://fd6-photos.leclercdrive.fr/image.ashx?id=1922956&use=l&cat=p&typeid=i","cat":284697},{"id":128696,"n":"Cahier Clairefontaine 96 pages Bleu - 24x32cm- grands carreaux","p":2.7,"img":"https://fd6-photos.leclercdrive.fr/image.ashx?id=1922959&use=l&cat=p&typeid=i","cat":284697},{"id":128698,"n":"Cahier Clairefontaine 96 pages Vert - 24x32cm -grands carreaux","p":2.7,"img":"https://fd6-photos.leclercdrive.fr/image.ashx?id=1922965&use=l&cat=p&typeid=i","cat":284697},{"id":128699,"n":"Cahier Clairefontaine 96 pages Jaune - 24x32cm-grands carreaux","p":2.7,"img":"https://fd6-photos.leclercdrive.fr/image.ashx?id=1922968&use=l&cat=p&typeid=i","cat":284697},{"id":128821,"n":"Galette Trégalette Jambon fromage  - 220g","p":2.88,"u":"13,09 €/KG","img":"https://fd6-photos.leclercdrive.fr/image.ashx?id=2827953&use=l&cat=p&typeid=i","cat":333672},{"id":128826,"n":"Boisson a base de vin Don Simon Sangria blanche 1,5L","p":2.68,"u":"1,79 €/L","img":"https://fd6-photos.leclercdrive.fr/image.ashx?id=1918577&use=l&cat=p&typeid=i","cat":304569},{"id":128839,"n":"IGP Pays d'oc grenache rosé Gérard Bertrand  - 75 cl","p":7.36,"u":"9,81 €/L","img":"https://fd6-photos.leclercdrive.fr/image.ashx?id=1917935&use=l&cat=p&typeid=i","cat":289558},{"id":128887,"n":"Soda Coca-Cola Verre - 6x250ml","p":5.68,"u":"3,79 €/L","img":"https://fd6-photos.leclercdrive.fr/image.ashx?id=2444465&use=l&cat=p&typeid=i","cat":284530},{"id":128894,"n":"AOP Coteaux Varois Vin rosé Château Brégoit - 75cl","p":5.99,"u":"7,99 €/L","img":"https://fd6-photos.leclercdrive.fr/image.ashx?id=2505103&use=l&cat=p&typeid=i","cat":289558},{"id":128976,"n":"Sucre poudre Daddy 750g","p":1.68,"u":"2,24 €/KG","img":"https://fd6-photos.leclercdrive.fr/image.ashx?id=2944699&use=l&cat=p&typeid=i","cat":284502},{"id":129003,"n":"Lait infantile 1er âge Babybio  Optima 1 Bio - 800g","p":19.43,"u":"24,29 €/KG","img":"https://fd6-photos.leclercdrive.fr/image.ashx?id=2988433&use=l&cat=p&typeid=i","cat":284726},{"id":129009,"n":"Lait de croissance Babybio Bio En poudre caprea 3 - 800g","p":24.7,"u":"30,88 €/KG","img":"https://fd6-photos.leclercdrive.fr/image.ashx?id=2733343&use=l&cat=p&typeid=i","cat":290219},{"id":129038,"n":"Lait nature Croissance Eveil Bio - 6x1L","p":12.66,"u":"2,11 €/L","img":"https://fd6-photos.leclercdrive.fr/image.ashx?id=1915623&use=l&cat=p&typeid=i","cat":284728},{"id":129054,"n":"Haricots verts Bio Village Bio - 185g","p":2.1,"u":"11,35 €/KG","img":"https://fd6-photos.leclercdrive.fr/image.ashx?id=3002698&use=l&cat=p&typeid=i","cat":312606},{"id":129123,"n":"Gel Lubrifiant Perfect Gliss Durex Longue Durée 100ml","p":7.95,"u":"79,50 €/L","img":"https://fd6-photos.leclercdrive.fr/image.ashx?id=2960693&use=l&cat=p&typeid=i","cat":285160},{"id":129132,"n":"SprayProtect & Bronze Nivea Sun SPF20 - 200ml","p":12.37,"u":"61,85 €/L","img":"https://fd6-photos.leclercdrive.fr/image.ashx?id=2291282&use=l&cat=p&typeid=i","cat":325355},{"id":129143,"n":"Lait solaire Nivea Sun Hydrate & Protect SPF30 - 200ml","p":11.4,"u":"57,00 €/L","img":"https://fd6-photos.leclercdrive.fr/image.ashx?id=2225417&use=l&cat=p&typeid=i","cat":325355},{"id":129161,"n":"Bière blonde bio Jenlain Non filtrée  - 6x25cl","p":6.46,"u":"4,31 €/L","img":"https://fd6-photos.leclercdrive.fr/image.ashx?id=2429842&use=l&cat=p&typeid=i","cat":334873},{"id":129162,"n":"Boisson énergisante Monster Mango Loco - 50cl","p":1.54,"u":"3,08 €/L","img":"https://fd6-photos.leclercdrive.fr/image.ashx?id=2433443&use=l&cat=p&typeid=i","cat":284533},{"id":129235,"n":"Soda Coca-Cola sans sucres Bouteille - 6x1.75L","p":10.21,"u":"0,97 €/L","img":"https://fd6-photos.leclercdrive.fr/image.ashx?id=2878330&use=l&cat=p&typeid=i","cat":284530},{"id":129280,"n":"Sel équilibre Cérébos Réduit en Sodium - 350g","p":2.19,"u":"6,26 €/KG","img":"https://fd6-photos.leclercdrive.fr/image.ashx?id=2520132&use=l&cat=p&typeid=i","cat":284457},{"id":129395,"n":"Tablette Chocolat Lait Nestlé  L'Atelier Cranberries 170g","p":3.54,"u":"20,82 €/KG","img":"https://fd6-photos.leclercdrive.fr/image.ashx?id=2663051&use=l&cat=p&typeid=i","cat":284497},{"id":129441,"n":"Café en Grains Italien Lavazza  Arabica Espresso Barista - 1kg","p":20.07,"u":"20,07 €/KG","img":"https://fd6-photos.leclercdrive.fr/image.ashx?id=2922185&use=l&cat=p&typeid=i","cat":293237},{"id":129476,"n":"Panés au Camembert Grand Fermage - x4 - 100g","p":2.5,"u":"25,00 €/KG","img":"https://fd6-photos.leclercdrive.fr/image.ashx?id=2645203&use=l&cat=p&typeid=i","cat":314027},{"id":129560,"n":"Filets cabillaud MSC 800g","p":11.98,"u":"14,98 €/KG","img":"https://fd6-photos.leclercdrive.fr/image.ashx?id=1983986&use=l&cat=p&typeid=i","cat":319786},{"id":129620,"n":"Bière Ambrée 3 Monts 75cl","p":2.82,"u":"3,76 €/L","img":"https://fd6-photos.leclercdrive.fr/image.ashx?id=2548186&use=l&cat=p&typeid=i","cat":334852},{"id":129622,"n":"Fleur de bière Amers Wolberger 15%vol - 1L","p":10.75,"pp":8.75,"u":"8,75 €/L","img":"https://fd6-photos.leclercdrive.fr/image.ashx?id=1936890&use=l&cat=p&typeid=i","cat":284913},{"id":129629,"n":"Sacs congélation zip renforcé Grand modèle - x20","p":2.64,"u":"0,13 €/P","img":"https://fd6-photos.leclercdrive.fr/image.ashx?id=2986341&use=l&cat=p&typeid=i","cat":334134},{"id":129807,"n":"Biscuits Biarritz Delacre Noix de coco et Chocolat - 175g","p":3.15,"u":"18,00 €/KG","img":"https://fd6-photos.leclercdrive.fr/image.ashx?id=2867963&use=l&cat=p&typeid=i","cat":284490},{"id":129810,"n":"Bière blonde Affligem Sans alcool - 12x25cl","p":8.33,"u":"2,78 €/L","img":"https://fd6-photos.leclercdrive.fr/image.ashx?id=2672026&use=l&cat=p&typeid=i","cat":334877},{"id":129864,"n":"Crème glacée Ben and Jerry's  Half Baked - 406g","p":3.86,"u":"9,51 €/KG","img":"https://fd6-photos.leclercdrive.fr/image.ashx?id=3011941&use=l&cat=p&typeid=i","cat":284725},{"id":129933,"n":"Beignets Pasquier Pomme x6 - 270g","p":2.08,"u":"7,70 €/KG","img":"https://fd6-photos.leclercdrive.fr/image.ashx?id=2986371&use=l&cat=p&typeid=i","cat":284495},{"id":129934,"n":"Beignets Pasquier Chocolat noisette - x6 - 270g","p":2.17,"u":"8,04 €/KG","img":"https://fd6-photos.leclercdrive.fr/image.ashx?id=2986374&use=l&cat=p&typeid=i","cat":284495},{"id":129957,"n":"AOP Côtes du Rhône rouge Combes de Saint Sauveur - BIB 3L","p":14.3,"u":"4,77 €/L","img":"https://fd6-photos.leclercdrive.fr/image.ashx?id=2985033&use=l&cat=p&typeid=i","cat":289560},{"id":129958,"n":"IGP Méditerrannée rosé Saint Sagnol 13% vol - 3L","p":12.06,"u":"4,02 €/L","img":"https://fd6-photos.leclercdrive.fr/image.ashx?id=2445106&use=l&cat=p&typeid=i","cat":289558},{"id":129991,"n":"Yaourt au lait entier Malo Citron - 4x125g","p":2.1,"u":"4,20 €/KG","img":"https://fd6-photos.leclercdrive.fr/image.ashx?id=2908618&use=l&cat=p&typeid=i","cat":286006},{"id":130006,"n":"Sirop Sport Menthe glaciale - 60cl","p":2.21,"u":"3,68 €/L","img":"https://fd6-photos.leclercdrive.fr/image.ashx?id=1936776&use=l&cat=p&typeid=i","cat":295020},{"id":130009,"n":"Vin de france Rosé Pinot noir Bouchard Ainé & Fils - 75cl","p":5.95,"u":"7,93 €/L","img":"https://fd6-photos.leclercdrive.fr/image.ashx?id=1927698&use=l&cat=p&typeid=i","cat":289558},{"id":130119,"n":"Cocktail fruits de mer Escal 400g","p":7.6,"u":"19,00 €/KG","img":"https://fd6-photos.leclercdrive.fr/image.ashx?id=1953819&use=l&cat=p&typeid=i","cat":319787},{"id":130319,"n":"Mini pots Häagen-Dazs  Fruit Collection x4 - 326g","p":5.09,"u":"15,61 €/KG","img":"https://fd6-photos.leclercdrive.fr/image.ashx?id=3000159&use=l&cat=p&typeid=i","cat":284725},{"id":130334,"n":"Lessive liquide bébé Epsil 25 lavages - 1.25L","p":3.88,"u":"3,10 €/L","img":"https://fd6-photos.leclercdrive.fr/image.ashx?id=2838939&use=l&cat=p&typeid=i","cat":284640},{"id":130347,"n":"Bâtonnets Trium Caramel Beurre Salé x4 - 288g","p":2.93,"u":"10,17 €/KG","img":"https://fd6-photos.leclercdrive.fr/image.ashx?id=2161082&use=l&cat=p&typeid=i","cat":284265},{"id":130348,"n":"Bâtonnets Trium chocolat au  Lait biscuit cacaoté x4- 290g","p":2.99,"u":"10,31 €/KG","img":"https://fd6-photos.leclercdrive.fr/image.ashx?id=2791341&use=l&cat=p&typeid=i","cat":284265},{"id":130400,"n":"Protège-cahier Esquisse Rouge - 17x22cm","p":0.65,"img":"https://fd6-photos.leclercdrive.fr/image.ashx?id=932696&use=l&cat=p&typeid=i","cat":284697},{"id":130408,"n":"Cahier de musique Esquisse Orange - 48 pages 24x32cm","p":1.99,"img":"https://fd6-photos.leclercdrive.fr/image.ashx?id=1936215&use=l&cat=p&typeid=i","cat":284697},{"id":130409,"n":"Cahier de musique Esquisse Blanc - 48 pages 24x32cm","p":1.99,"img":"https://fd6-photos.leclercdrive.fr/image.ashx?id=1936218&use=l&cat=p&typeid=i","cat":284697},{"id":130457,"n":"Portes-mines jetables Esquisse Jaune, vert, bleu - x3","p":0.85,"img":"https://fd6-photos.leclercdrive.fr/image.ashx?id=2943304&use=l&cat=p&typeid=i","cat":284696},{"id":130461,"n":"Bière blonde sans alcool 1664 0,0° - 6x25cl","p":3.75,"u":"2,50 €/L","img":"https://fd6-photos.leclercdrive.fr/image.ashx?id=2120656&use=l&cat=p&typeid=i","cat":334877},{"id":130539,"n":"Rhum brun Havana Club 7 ans - 40%vol - 70cl","p":23.61,"u":"33,73 €/L","img":"https://fd6-photos.leclercdrive.fr/image.ashx?id=2874093&use=l&cat=p&typeid=i","cat":284550},{"id":130621,"n":"Agrafeuse Maped Taupe 24/6 400 agraphes","p":6.7,"img":"https://fd6-photos.leclercdrive.fr/image.ashx?id=1875164&use=l&cat=p&typeid=i","cat":334133},{"id":130629,"n":"Dés de Mimolette et Gouda Petit Marché - 120g","p":1.99,"u":"16,58 €/KG","img":"https://fd6-photos.leclercdrive.fr/image.ashx?id=2189372&use=l&cat=p&typeid=i","cat":314027},{"id":130664,"n":"Aiguillette Poulet Blanc LR  IGP Volailles du Maine  - 180g","p":6.86,"u":"38,11 €/KG","img":"https://fd6-photos.leclercdrive.fr/image.ashx?id=2592543&use=l&cat=p&typeid=i","cat":284336},{"id":130666,"n":"Blanc de poulet Fleury Michon -25% de sel x8 - 240g","p":3.72,"u":"15,50 €/KG","img":"https://fd6-photos.leclercdrive.fr/image.ashx?id=2886849&use=l&cat=p&typeid=i","cat":316010},{"id":130689,"n":"Lubrifiant Essence Total Quartz 9000 5w-40 - 5L","p":37.9,"pp":26.53,"u":"5,31 €/L","img":"https://fd6-photos.leclercdrive.fr/image.ashx?id=3014515&use=l&cat=p&typeid=i","cat":298253},{"id":130717,"n":"Spaghetti courts Lustucru 3 min - 500g","p":1.48,"u":"2,96 €/KG","img":"https://fd6-photos.leclercdrive.fr/image.ashx?id=2023167&use=l&cat=p&typeid=i","cat":284427},{"id":130719,"n":"Balai d interieur vinyl 1 pièce","p":4.49,"img":"https://fd6-photos.leclercdrive.fr/image.ashx?id=1932471&use=l&cat=p&typeid=i","cat":284669},{"id":130722,"n":"20 pinces a linge renforcees 1 pièce","p":2.49,"img":"https://fd6-photos.leclercdrive.fr/image.ashx?id=1932474&use=l&cat=p&typeid=i","cat":335909},{"id":130744,"n":"Nouilles aux oeufs Suzi Wan 250g","p":1.72,"u":"6,88 €/KG","img":"https://fd6-photos.leclercdrive.fr/image.ashx?id=2892928&use=l&cat=p&typeid=i","cat":288992},{"id":130747,"n":"Kit Tortilla Pocket Old El Paso doux - 375g","p":4.34,"u":"11,57 €/KG","img":"https://fd6-photos.leclercdrive.fr/image.ashx?id=2759514&use=l&cat=p&typeid=i","cat":288993},{"id":130752,"n":"Maquereau Petit Navire 175g Vin blanc et aromates - 175g","p":2.24,"u":"12,80 €/KG","img":"https://fd6-photos.leclercdrive.fr/image.ashx?id=2989063&use=l&cat=p&typeid=i","cat":303868},{"id":130755,"n":"Maquereau Moutarde PETIT NAVIRE Moutarde sans arome ajouté 169g","p":2.1,"u":"12,43 €/KG","img":"https://fd6-photos.leclercdrive.fr/image.ashx?id=2989060&use=l&cat=p&typeid=i","cat":303868},{"id":130776,"n":"Confiture  Bonne Maman Fraise framboise intenses 335g","p":2.47,"u":"7,37 €/KG","img":"https://fd6-photos.leclercdrive.fr/image.ashx?id=2396378&use=l&cat=p&typeid=i","cat":284480},{"id":130777,"n":"Arrangé Héritage Charrette Le Vanille 40% vol - 70cl","p":23.75,"u":"33,93 €/L","img":"https://fd6-photos.leclercdrive.fr/image.ashx?id=2306225&use=l&cat=p&typeid=i","cat":284551},{"id":130783,"n":"Cidre rosé Ecusson 75 cl","p":2.94,"u":"3,92 €/L","img":"https://fd6-photos.leclercdrive.fr/image.ashx?id=2687839&use=l&cat=p&typeid=i","cat":334880},{"id":130784,"n":"Crème colorante Eugène Color N°15","p":3.74,"img":"https://fd6-photos.leclercdrive.fr/image.ashx?id=2476455&use=l&cat=p&typeid=i","cat":288899},{"id":130789,"n":"Préparation Gâteau alsa Moelleux Nature - 435g","p":2.19,"u":"5,03 €/KG","img":"https://fd6-photos.leclercdrive.fr/image.ashx?id=2996431&use=l&cat=p&typeid=i","cat":284505},{"id":130790,"n":"Préparation Gâteau alsa Moelleux Chocolat - 435g","p":2.19,"u":"5,03 €/KG","img":"https://fd6-photos.leclercdrive.fr/image.ashx?id=2996434&use=l&cat=p&typeid=i","cat":284505},{"id":130797,"n":"Miel de Fleurs Crémeux 500g","p":4.81,"u":"9,62 €/KG","img":"https://fd6-photos.leclercdrive.fr/image.ashx?id=2984871&use=l&cat=p&typeid=i","cat":287643},{"id":130804,"n":"Préparation Gâteau alsa Fondant au Chocolat - 435g","p":2.66,"u":"8,31 €/KG","img":"https://fd6-photos.leclercdrive.fr/image.ashx?id=2996437&use=l&cat=p&typeid=i","cat":284505},{"id":130811,"n":"Brosse à Dents Signal Système Blancheur Medium x1","p":2.71,"img":"https://fd6-photos.leclercdrive.fr/image.ashx?id=2832539&use=l&cat=p&typeid=i","cat":284614},{"id":130812,"n":"Brosse à Dents Signal Ultra Access Medium x1","p":3.46,"img":"https://fd6-photos.leclercdrive.fr/image.ashx?id=3009263&use=l&cat=p&typeid=i","cat":284614},{"id":130816,"n":"Dentifrice Zendium Protection complète - 75ml","p":2.98,"img":"https://fd6-photos.leclercdrive.fr/image.ashx?id=2927711&use=l&cat=p&typeid=i","cat":284612},{"id":130857,"n":"Truite fumée de france Ovive 100g","p":3.49,"u":"34,90 €/KG","img":"https://fd6-photos.leclercdrive.fr/image.ashx?id=2902061&use=l&cat=p&typeid=i","cat":285188},{"id":130881,"n":"Bâtonnets Côte d'Or Vanille x4 - 260g","p":4.25,"u":"16,35 €/KG","img":"https://fd6-photos.leclercdrive.fr/image.ashx?id=2844573&use=l&cat=p&typeid=i","cat":284265},{"id":130883,"n":"Mini bâtonnets Côte d'Or x6 Assortiment vanille & chocolat","p":4.79,"u":"22,49 €/KG","img":"https://fd6-photos.leclercdrive.fr/image.ashx?id=2348767&use=l&cat=p&typeid=i","cat":284265},{"id":130918,"n":"Lait bébé poudre Guigoz Evolia  2ème âge - 6-12 mois - 800g","p":14.32,"u":"17,90 €/KG","img":"https://fd6-photos.leclercdrive.fr/image.ashx?id=2737111&use=l&cat=p&typeid=i","cat":284727},{"id":130919,"n":"Cereales Bio nuit Modilac 4mois 250g","p":4.31,"u":"17,24 €/KG","img":"https://fd6-photos.leclercdrive.fr/image.ashx?id=2766006&use=l&cat=p&typeid=i","cat":312225},{"id":130937,"n":"Dés Fromage Méditerranéen Petit Marché 120g","p":2.64,"u":"22,00 €/KG","img":"https://fd6-photos.leclercdrive.fr/image.ashx?id=2263733&use=l&cat=p&typeid=i","cat":314027},{"id":130939,"n":"Dés Cheddar Petit Marché - 120g","p":2.28,"u":"19,00 €/KG","img":"https://fd6-photos.leclercdrive.fr/image.ashx?id=2303612&use=l&cat=p&typeid=i","cat":314027},{"id":130963,"n":"Serviettes hypoallergéniques  Love&Green Super - x12","p":2.74,"u":"0,23 €/P","img":"https://fd6-photos.leclercdrive.fr/image.ashx?id=2811362&use=l&cat=p&typeid=i","cat":284624},{"id":130964,"n":"Serviettes normales Love&Green Hypoallergéniques 0% - x10","p":2.76,"u":"0,28 €/P","img":"https://fd6-photos.leclercdrive.fr/image.ashx?id=2811365&use=l&cat=p&typeid=i","cat":284624},{"id":130965,"n":"Protège slips Love & Green Hypoallergéniques flexi - x28","p":2.87,"img":"https://fd6-photos.leclercdrive.fr/image.ashx?id=2811371&use=l&cat=p&typeid=i","cat":284625},{"id":130966,"n":"Protège slips Love & Green Hypoallergéniques larges- x28","p":3.06,"img":"https://fd6-photos.leclercdrive.fr/image.ashx?id=2811368&use=l&cat=p&typeid=i","cat":284625},{"id":131137,"n":"Ensemble WC 1 pièce","p":3.45,"img":"https://fd6-photos.leclercdrive.fr/image.ashx?id=1937815&use=l&cat=p&typeid=i","cat":284669},{"id":131144,"n":"Recharge adhésive 36 feuilles 2 rouleaux","p":2.59,"u":"1,30 €/P","img":"https://fd6-photos.leclercdrive.fr/image.ashx?id=1937818&use=l&cat=p&typeid=i","cat":284669},{"id":131148,"n":"Frange absorbante spéciale 1 pièce","p":2.95,"img":"https://fd6-photos.leclercdrive.fr/image.ashx?id=1937848&use=l&cat=p&typeid=i","cat":284669},{"id":131150,"n":"Manche rétractable 1 pièce","p":2.72,"img":"https://fd6-photos.leclercdrive.fr/image.ashx?id=1937809&use=l&cat=p&typeid=i","cat":284669},{"id":131154,"n":"Set aéroport 1 pièce","p":8.79,"img":"https://fd6-photos.leclercdrive.fr/image.ashx?id=1937842&use=l&cat=p&typeid=i","cat":284669},{"id":131158,"n":"Brosse vaisselle design 1 pièce","p":3.9,"img":"https://fd6-photos.leclercdrive.fr/image.ashx?id=1937824&use=l&cat=p&typeid=i","cat":284669},{"id":131192,"n":"Croquettes chien Ultima Nature  Poulet - 3kg","p":11.64,"u":"3,88 €/KG","img":"https://fd6-photos.leclercdrive.fr/image.ashx?id=2593167&use=l&cat=p&typeid=i","cat":284672},{"id":131388,"n":"Capsules Starbucks by Nespresso  Colombia Int 7 - x10","p":3.37,"u":"59,12 €/KG","img":"https://fd6-photos.leclercdrive.fr/image.ashx?id=2868152&use=l&cat=p&typeid=i","cat":284749},{"id":131390,"n":"Capsules Starbucks by Nespresso  House Blend Int 8 - x10","p":3.37,"u":"59,12 €/KG","img":"https://fd6-photos.leclercdrive.fr/image.ashx?id=2868143&use=l&cat=p&typeid=i","cat":284749},{"id":131424,"n":"Capsules Starbucks by Nespresso  Blonde Espresso Int 6 - x10","p":3.37,"u":"63,58 €/KG","img":"https://fd6-photos.leclercdrive.fr/image.ashx?id=2868146&use=l&cat=p&typeid=i","cat":284749},{"id":131426,"n":"Capsules Starbucks by Nespresso  Espresso Roast Int 11 - x10","p":3.37,"u":"59,12 €/KG","img":"https://fd6-photos.leclercdrive.fr/image.ashx?id=2868149&use=l&cat=p&typeid=i","cat":284749},{"id":131431,"n":"Café Capsules by DOLCE GUSTO Starbucks Caramel Macchiato 2x6","p":4.39,"u":"34,57 €/KG","img":"https://fd6-photos.leclercdrive.fr/image.ashx?id=2966785&use=l&cat=p&typeid=i","cat":293239},{"id":131620,"n":"Vinaigre d'alcool blanc citron 100cl","p":1.22,"u":"1,22 €/L","img":"https://fd6-photos.leclercdrive.fr/image.ashx?id=2813938&use=l&cat=p&typeid=i","cat":325365},{"id":131625,"n":"Thé glacé Fuze Tea  Menthe Citron vert - 1,25L","p":1.59,"u":"1,27 €/L","img":"https://fd6-photos.leclercdrive.fr/image.ashx?id=2940402&use=l&cat=p&typeid=i","cat":295019},{"id":131736,"n":"Soupe 8 légumes Bio -30% sel 98,5cl","p":3.87,"u":"3,93 €/L","img":"https://fd6-photos.leclercdrive.fr/image.ashx?id=2867101&use=l&cat=p&typeid=i","cat":284462},{"id":131738,"n":"Suprême d'asperges 99cl","p":5.99,"u":"6,05 €/L","img":"https://fd6-photos.leclercdrive.fr/image.ashx?id=2150016&use=l&cat=p&typeid=i","cat":284355},{"id":131739,"n":"Suprême de potiron Ferme d'Anchin - 98.5cl","p":4.99,"u":"5,07 €/L","img":"https://fd6-photos.leclercdrive.fr/image.ashx?id=2150013&use=l&cat=p&typeid=i","cat":284355},{"id":131767,"n":"Bonbons sans sucres Ricola Orange Menthe - 50g","p":1.6,"u":"32,00 €/KG","img":"https://fd6-photos.leclercdrive.fr/image.ashx?id=2382219&use=l&cat=p&typeid=i","cat":304256},{"id":131777,"n":"Ananas en morceaux Eco+ Sirop léger - 340 g","p":1.01,"u":"2,81 €/KG","img":"https://fd6-photos.leclercdrive.fr/image.ashx?id=2655574&use=l&cat=p&typeid=i","cat":284507},{"id":131782,"n":"Abricots demi-fruits Eco+ Sirop léger - 475 g","p":1.79,"u":"3,77 €/KG","img":"https://fd6-photos.leclercdrive.fr/image.ashx?id=1942512&use=l&cat=p&typeid=i","cat":284507},{"id":131784,"n":"Barres céréales Eco+ Choco/banane - 125g","p":0.71,"u":"5,68 €/KG","img":"https://fd6-photos.leclercdrive.fr/image.ashx?id=2791203&use=l&cat=p&typeid=i","cat":285869},{"id":131786,"n":"Café Dolce Gusto Plantation Décaféiné N°5 - x16 - 106g","p":3.39,"u":"31,98 €/KG","img":"https://fd6-photos.leclercdrive.fr/image.ashx?id=2649741&use=l&cat=p&typeid=i","cat":293239},{"id":131790,"n":"Barres céréales Eco+ Chocolat & cacahuètes x6 - 126g","p":0.71,"u":"5,63 €/KG","img":"https://fd6-photos.leclercdrive.fr/image.ashx?id=2791209&use=l&cat=p&typeid=i","cat":285869},{"id":131791,"n":"Céréales blé soufflé Eco+ Au miel - 750g","p":2.96,"u":"3,95 €/KG","img":"https://fd6-photos.leclercdrive.fr/image.ashx?id=2900013&use=l&cat=p&typeid=i","cat":309513},{"id":131794,"n":"Betteraves rouges 3x130g","p":1.79,"u":"4,59 €/KG","img":"https://fd6-photos.leclercdrive.fr/image.ashx?id=2537848&use=l&cat=p&typeid=i","cat":312611},{"id":131799,"n":"Boules de céréales Eco+ Au chocolat - 750g","p":2.97,"u":"3,96 €/KG","img":"https://fd6-photos.leclercdrive.fr/image.ashx?id=2772948&use=l&cat=p&typeid=i","cat":309513},{"id":131800,"n":"Céréales boules de mais Eco + Au miel - 750g","p":2.25,"u":"3,00 €/KG","img":"https://fd6-photos.leclercdrive.fr/image.ashx?id=2765828&use=l&cat=p&typeid=i","cat":309513},{"id":131802,"n":"Boules céréales miel P'tit Déli 400g","p":2.33,"u":"5,83 €/KG","img":"https://fd6-photos.leclercdrive.fr/image.ashx?id=2907090&use=l&cat=p&typeid=i","cat":309513},{"id":131806,"n":"Céréales fourrées P'tit Déli Chocolat au lait - 450g","p":2.45,"u":"5,44 €/KG","img":"https://fd6-photos.leclercdrive.fr/image.ashx?id=2835211&use=l&cat=p&typeid=i","cat":309513},{"id":131807,"n":"Choucroute garnie 800g","p":2.17,"u":"2,71 €/KG","img":"https://fd6-photos.leclercdrive.fr/image.ashx?id=1942455&use=l&cat=p&typeid=i","cat":284441},{"id":131811,"n":"Chicorée café Eco+ Soluble - 200g","p":2.06,"u":"10,30 €/KG","img":"https://fd6-photos.leclercdrive.fr/image.ashx?id=2791200&use=l&cat=p&typeid=i","cat":284843},{"id":131814,"n":"Confiture Eco+ Fraise - 1kg","p":2.3,"u":"2,30 €/KG","img":"https://fd6-photos.leclercdrive.fr/image.ashx?id=2953197&use=l&cat=p&typeid=i","cat":284480},{"id":131816,"n":"Couscous boulettes volaille 1050g","p":3.1,"u":"2,95 €/KG","img":"https://fd6-photos.leclercdrive.fr/image.ashx?id=2807273&use=l&cat=p&typeid=i","cat":325094},{"id":131818,"n":"Céréales Corn Flakes Eco+ Nature - 750g","p":1.9,"u":"2,53 €/KG","img":"https://fd6-photos.leclercdrive.fr/image.ashx?id=2711589&use=l&cat=p&typeid=i","cat":309513},{"id":131820,"n":"Corn Flackes sucrés 400g","p":1.74,"u":"4,35 €/KG","img":"https://fd6-photos.leclercdrive.fr/image.ashx?id=2688764&use=l&cat=p&typeid=i","cat":309513},{"id":131821,"n":"Croissants Eco+ x10 - 400g","p":1.45,"u":"3,63 €/KG","img":"https://fd6-photos.leclercdrive.fr/image.ashx?id=2922914&use=l&cat=p&typeid=i","cat":296366},{"id":131822,"n":"Delicioso format familial x10 - 350g","p":2.52,"u":"7,20 €/KG","img":"https://fd6-photos.leclercdrive.fr/image.ashx?id=1942584&use=l&cat=p&typeid=i","cat":284495},{"id":131823,"n":"Gratin dauphinois 850g","p":1.35,"u":"1,59 €/KG","img":"https://fd6-photos.leclercdrive.fr/image.ashx?id=2841747&use=l&cat=p&typeid=i","cat":284441},{"id":131824,"n":"Marshmallows 200g","p":0.79,"u":"3,95 €/KG","img":"https://fd6-photos.leclercdrive.fr/image.ashx?id=2761289&use=l&cat=p&typeid=i","cat":304250},{"id":131825,"n":"Mais croquant Eco+ 3x140g","p":1.66,"u":"3,95 €/KG","img":"https://fd6-photos.leclercdrive.fr/image.ashx?id=3003741&use=l&cat=p&typeid=i","cat":312611},{"id":131826,"n":"Miettes thon à la tomate Eco + 160g","p":0.77,"u":"4,81 €/KG","img":"https://fd6-photos.leclercdrive.fr/image.ashx?id=2751856&use=l&cat=p&typeid=i","cat":303867},{"id":131827,"n":"Mouliné aux 8 légumes Eco+ 1L","p":0.9,"u":"0,90 €/L","img":"https://fd6-photos.leclercdrive.fr/image.ashx?id=2768451&use=l&cat=p&typeid=i","cat":284462},{"id":131828,"n":"Miel de fleurs  Massif du Jura NRT - 375g","p":6.49,"u":"17,31 €/KG","img":"https://fd6-photos.leclercdrive.fr/image.ashx?id=2771417&use=l&cat=p&typeid=i","cat":287643},{"id":131831,"n":"Pâté de campagne Eco+ 3x78g","p":1.31,"u":"5,60 €/KG","img":"https://fd6-photos.leclercdrive.fr/image.ashx?id=2852943&use=l&cat=p&typeid=i","cat":305149},{"id":131832,"n":"Olives vertes dénoyautées 490g","p":2.52,"u":"5,14 €/KG","img":"https://fd6-photos.leclercdrive.fr/image.ashx?id=2946811&use=l&cat=p&typeid=i","cat":284458},{"id":131833,"n":"Olives vertes réduite en sel Dénoyautées - 160g","p":1.69,"u":"10,56 €/KG","img":"https://fd6-photos.leclercdrive.fr/image.ashx?id=1942587&use=l&cat=p&typeid=i","cat":284458},{"id":131834,"n":"Pain de mie Epi d'Or Extra moelleux - 500g","p":0.99,"u":"1,98 €/KG","img":"https://fd6-photos.leclercdrive.fr/image.ashx?id=2860781&use=l&cat=p&typeid=i","cat":284477},{"id":131836,"n":"Pêches demi-fruits Eco+ Sirop léger - 465 g","p":1.4,"u":"3,01 €/KG","img":"https://fd6-photos.leclercdrive.fr/image.ashx?id=2655571&use=l&cat=p&typeid=i","cat":284507},{"id":131837,"n":"Petit pain grillé Bio Village Bio - 225g","p":1.35,"u":"6,00 €/KG","img":"https://fd6-photos.leclercdrive.fr/image.ashx?id=2595125&use=l&cat=p&typeid=i","cat":284479},{"id":131855,"n":"Saucisses fumées lentilles 840g","p":1.75,"u":"2,08 €/KG","img":"https://fd6-photos.leclercdrive.fr/image.ashx?id=2664569&use=l&cat=p&typeid=i","cat":312609},{"id":131864,"n":"Potage déshydratée Eco + poireaux pommes de terre 74g","p":0.59,"u":"7,97 €/KG","img":"https://fd6-photos.leclercdrive.fr/image.ashx?id=2656378&use=l&cat=p&typeid=i","cat":284463},{"id":131868,"n":"Tartines céréales La Boulangère - 450g","p":2.17,"u":"4,82 €/KG","img":"https://fd6-photos.leclercdrive.fr/image.ashx?id=2912410&use=l&cat=p&typeid=i","cat":284477},{"id":132067,"n":"Mayonnaise Rustica 830g","p":3.59,"u":"4,33 €/KG","img":"https://fd6-photos.leclercdrive.fr/image.ashx?id=2994827&use=l&cat=p&typeid=i","cat":298295},{"id":132069,"n":"Sauce Samourai Rustica 840g","p":3.79,"u":"4,51 €/KG","img":"https://fd6-photos.leclercdrive.fr/image.ashx?id=1944261&use=l&cat=p&typeid=i","cat":318431},{"id":132070,"n":"Sauce Frites Rustica 919g","p":3.59,"u":"3,91 €/KG","img":"https://fd6-photos.leclercdrive.fr/image.ashx?id=1944264&use=l&cat=p&typeid=i","cat":318431},{"id":132072,"n":"Sauce Burger Rustica 850g","p":3.79,"u":"4,46 €/KG","img":"https://fd6-photos.leclercdrive.fr/image.ashx?id=1944270&use=l&cat=p&typeid=i","cat":318431},{"id":132073,"n":"Huile de Friture Rustica 5L","p":11.99,"u":"2,40 €/L","img":"https://fd6-photos.leclercdrive.fr/image.ashx?id=2916716&use=l&cat=p&typeid=i","cat":284453},{"id":132088,"n":"Sauce Barilla Tomates Cuisinées - 400g","p":1.71,"u":"4,28 €/KG","img":"https://fd6-photos.leclercdrive.fr/image.ashx?id=2832527&use=l&cat=p&typeid=i","cat":287599},{"id":132109,"n":"Batonnets de glace Nuii Mangue d'Inde et Noix de Coco  x4","p":4.44,"u":"15,52 €/KG","img":"https://fd6-photos.leclercdrive.fr/image.ashx?id=2506825&use=l&cat=p&typeid=i","cat":284265},{"id":132145,"n":"Langues de chat Karelea x36 - 100g","p":2.61,"u":"26,10 €/KG","img":"https://fd6-photos.leclercdrive.fr/image.ashx?id=2887902&use=l&cat=p&typeid=i","cat":318651},{"id":132165,"n":"Sorbet Eskiss Citron jaune - 650g","p":2.41,"u":"3,71 €/KG","img":"https://fd6-photos.leclercdrive.fr/image.ashx?id=2982664&use=l&cat=p&typeid=i","cat":284263},{"id":132167,"n":"Bac Eskiss Sorbet Framboise - 650g","p":4.01,"u":"6,17 €/KG","img":"https://fd6-photos.leclercdrive.fr/image.ashx?id=1959214&use=l&cat=p&typeid=i","cat":284263},{"id":132177,"n":"Petits pots bébé P'TITE RECETTE Curry de Poisson 12M+ - 2x200g","p":2.39,"u":"5,98 €/KG","img":"https://fd6-photos.leclercdrive.fr/image.ashx?id=2527118&use=l&cat=p&typeid=i","cat":312237},{"id":132180,"n":"Petits pots bébé P'TITE RECETTE Tajine de poulet 12M+ - 2x200g","p":2.24,"u":"5,60 €/KG","img":"https://fd6-photos.leclercdrive.fr/image.ashx?id=2525720&use=l&cat=p&typeid=i","cat":312237},{"id":132227,"n":"Caffe Latte Classique Lactel 3x20cl","p":3.18,"u":"5,30 €/L","img":"https://fd6-photos.leclercdrive.fr/image.ashx?id=2975308&use=l&cat=p&typeid=i","cat":295246},{"id":132228,"n":"Caffe Latte Cappuccino Lactel 3x20cl","p":2.95,"u":"4,92 €/L","img":"https://fd6-photos.leclercdrive.fr/image.ashx?id=2890992&use=l&cat=p&typeid=i","cat":295246},{"id":132234,"n":"Flocons d'avoine Grainea 500g","p":0.84,"u":"1,68 €/KG","img":"https://fd6-photos.leclercdrive.fr/image.ashx?id=2919655&use=l&cat=p&typeid=i","cat":309512},{"id":132243,"n":"Lessive liquide couleur Epsil 25 lavages - 1.25L","p":2.54,"u":"2,03 €/L","img":"https://fd6-photos.leclercdrive.fr/image.ashx?id=2933449&use=l&cat=p&typeid=i","cat":284640},{"id":132259,"n":"Huile de fleur de colza Lesieur 1L","p":2.65,"u":"2,65 €/L","img":"https://fd6-photos.leclercdrive.fr/image.ashx?id=2508663&use=l&cat=p&typeid=i","cat":284453},{"id":132285,"n":"Feta grecque AOP Les Croisés - Tranche - 150g","p":1.84,"u":"12,27 €/KG","img":"https://fd6-photos.leclercdrive.fr/image.ashx?id=2688312&use=l&cat=p&typeid=i","cat":314026},{"id":132290,"n":"Huile d'Olive Carapelli Extra Vierge Classico - 75cl","p":10.79,"u":"14,39 €/L","img":"https://fd6-photos.leclercdrive.fr/image.ashx?id=2737480&use=l&cat=p&typeid=i","cat":284453},{"id":132330,"n":"Ail semoule Eco + 54g","p":0.79,"u":"14,63 €/KG","img":"https://fd6-photos.leclercdrive.fr/image.ashx?id=2717249&use=l&cat=p&typeid=i","cat":298297},{"id":132334,"n":"Tortilla Pockets Old El Paso x8 - 223g","p":3.47,"u":"15,56 €/KG","img":"https://fd6-photos.leclercdrive.fr/image.ashx?id=2737675&use=l&cat=p&typeid=i","cat":288993},{"id":132348,"n":"Delir' Pik Haribo Sachet bonbons acidulés - 275g","p":1.9,"u":"6,91 €/KG","img":"https://fd6-photos.leclercdrive.fr/image.ashx?id=2984904&use=l&cat=p&typeid=i","cat":304250},{"id":132368,"n":"Repas bébé Blédichef 15 mois Pâtes sauce tomate jambon -250g","p":1.89,"u":"7,56 €/KG","img":"https://fd6-photos.leclercdrive.fr/image.ashx?id=2643743&use=l&cat=p&typeid=i","cat":312238},{"id":132369,"n":"Repas bébé Blédichef 24 mois  Pâtes légumes cabillaud - 250g","p":1.92,"u":"7,68 €/KG","img":"https://fd6-photos.leclercdrive.fr/image.ashx?id=2644725&use=l&cat=p&typeid=i","cat":312238},{"id":132392,"n":"Gratte éponge Spontex Longue durée - x3","p":2.34,"u":"0,78 €/P","img":"https://fd6-photos.leclercdrive.fr/image.ashx?id=2973072&use=l&cat=p&typeid=i","cat":284667},{"id":132393,"n":"Lait croissance Guigoz Optipro En poudre - dès 18 mois - 900g","p":10.65,"u":"11,83 €/KG","img":"https://fd6-photos.leclercdrive.fr/image.ashx?id=2517589&use=l&cat=p&typeid=i","cat":290219},{"id":132397,"n":"Lait éveil croissance Lactel Nature - 1L","p":1.83,"u":"1,83 €/L","img":"https://fd6-photos.leclercdrive.fr/image.ashx?id=2927441&use=l&cat=p&typeid=i","cat":284728},{"id":132416,"n":"AOP Fronton rosé Bio Château Marguerite - 75cl","p":5.03,"u":"6,71 €/L","img":"https://fd6-photos.leclercdrive.fr/image.ashx?id=2010335&use=l&cat=p&typeid=i","cat":289558},{"id":132452,"n":"Gazon universel Beaux Jours 40m2 - 1kg","p":4.9,"u":"4,90 €/KG","img":"https://fd6-photos.leclercdrive.fr/image.ashx?id=1947456&use=l&cat=p&typeid=i","cat":335920},{"id":132486,"n":"Eau micellaire 100ml","p":1.49,"u":"14,90 €/L","img":"https://fd6-photos.leclercdrive.fr/image.ashx?id=1947543&use=l&cat=p&typeid=i","cat":284603},{"id":132487,"n":"Gel déboucheur Syphon Javel soude - 1L","p":1.36,"u":"1,36 €/L","img":"https://fd6-photos.leclercdrive.fr/image.ashx?id=2202476&use=l&cat=p&typeid=i","cat":284908},{"id":132508,"n":"Jus d'orange Andros Sans pulpe - 1L + 15% offert","p":2.75,"u":"2,75 €/L","img":"https://fd6-photos.leclercdrive.fr/image.ashx?id=2928855&use=l&cat=p&typeid=i","cat":285435},{"id":132581,"n":"Céréales soufflé P'tit Déli Au chocolat - 400g","p":2.37,"u":"5,93 €/KG","img":"https://fd6-photos.leclercdrive.fr/image.ashx?id=2811875&use=l&cat=p&typeid=i","cat":309513},{"id":132582,"n":"Céréales soufflé blé P'tit Déli Miel caramel - 400g","p":1.99,"u":"4,98 €/KG","img":"https://fd6-photos.leclercdrive.fr/image.ashx?id=2900178&use=l&cat=p&typeid=i","cat":309513},{"id":132585,"n":"Skyr Yoplait  Nature 0%Mg - 4x100g","p":2.06,"u":"5,15 €/KG","img":"https://fd6-photos.leclercdrive.fr/image.ashx?id=2884435&use=l&cat=p&typeid=i","cat":315000},{"id":132601,"n":"Fan of Pik Haribo  Sachet bonbons acidulés - 200g","p":1.85,"u":"9,25 €/KG","img":"https://fd6-photos.leclercdrive.fr/image.ashx?id=2789766&use=l&cat=p&typeid=i","cat":304250},{"id":132625,"n":"Batônnets Trium Vanille Fruits rouge x4 - 286g","p":2.64,"u":"9,23 €/KG","img":"https://fd6-photos.leclercdrive.fr/image.ashx?id=2920782&use=l&cat=p&typeid=i","cat":284265},{"id":132629,"n":"Pétales de blé P'tit Déli Au chocolat - 400g","p":2.17,"u":"5,43 €/KG","img":"https://fd6-photos.leclercdrive.fr/image.ashx?id=2765846&use=l&cat=p&typeid=i","cat":309513},{"id":132630,"n":"Sorbet Eskiss Pomme - 650g","p":2.49,"u":"3,83 €/KG","img":"https://fd6-photos.leclercdrive.fr/image.ashx?id=2982670&use=l&cat=p&typeid=i","cat":284263},{"id":132631,"n":"Sorbet Eskiss Poire - 650g","p":2.11,"u":"3,25 €/KG","img":"https://fd6-photos.leclercdrive.fr/image.ashx?id=2983826&use=l&cat=p&typeid=i","cat":284263},{"id":132636,"n":"Bac parfum chocolat Eco+ 500g","p":1.33,"u":"2,66 €/KG","img":"https://fd6-photos.leclercdrive.fr/image.ashx?id=2726488&use=l&cat=p&typeid=i","cat":284263},{"id":132637,"n":"Batonnets Eco + Vanille chocolat - x16 - 536g","p":2.19,"u":"4,09 €/KG","img":"https://fd6-photos.leclercdrive.fr/image.ashx?id=2768077&use=l&cat=p&typeid=i","cat":284265},{"id":132641,"n":"Mini batonnets Trium Vanille - x8 - 288g","p":2.78,"u":"9,65 €/KG","img":"https://fd6-photos.leclercdrive.fr/image.ashx?id=2920797&use=l&cat=p&typeid=i","cat":284265},{"id":132643,"n":"Shampooing bio Pétrole Hahn Fortifiant - 250ml","p":4.14,"u":"16,56 €/L","img":"https://fd6-photos.leclercdrive.fr/image.ashx?id=1948140&use=l&cat=p&typeid=i","cat":284606},{"id":132644,"n":"Huile Cadum Bébé  Huile Merveilleuse - 100ml","p":3.17,"u":"31,70 €/L","img":"https://fd6-photos.leclercdrive.fr/image.ashx?id=2518352&use=l&cat=p&typeid=i","cat":284741},{"id":132795,"n":"Désinfectant Sanytol 150ml","p":3.73,"u":"24,87 €/L","img":"https://fd6-photos.leclercdrive.fr/image.ashx?id=2785412&use=l&cat=p&typeid=i","cat":285201},{"id":132796,"n":"Haché moelleux Eco+ 500g","p":4.85,"u":"9,70 €/KG","img":"https://fd6-photos.leclercdrive.fr/image.ashx?id=2930606&use=l&cat=p&typeid=i","cat":284332},{"id":132808,"n":"Skyr Yoplait  Lit Fruits Rouges 0%Mg - 4x100g","p":2.29,"u":"5,73 €/KG","img":"https://fd6-photos.leclercdrive.fr/image.ashx?id=2884438&use=l&cat=p&typeid=i","cat":315000},{"id":132811,"n":"Skyr Yoplait  Sur Lit Myrtilles 0%MG - 4x100G","p":2.27,"u":"5,68 €/KG","img":"https://fd6-photos.leclercdrive.fr/image.ashx?id=2884441&use=l&cat=p&typeid=i","cat":315000},{"id":132812,"n":"Bière blonde Grimbergen Sans alcool 0,0° - 6x25cl","p":4.91,"u":"3,27 €/L","img":"https://fd6-photos.leclercdrive.fr/image.ashx?id=2334515&use=l&cat=p&typeid=i","cat":334877},{"id":132901,"n":"AOP Jurançon blanc moelleux Tradition Royale - 75cl","p":5.95,"u":"7,93 €/L","img":"https://fd6-photos.leclercdrive.fr/image.ashx?id=2996872&use=l&cat=p&typeid=i","cat":289557},{"id":132902,"n":"AOP Sud-Ouest Jurançon  Tradition royale - 75 cl","p":4.75,"u":"6,33 €/L","img":"https://fd6-photos.leclercdrive.fr/image.ashx?id=2996875&use=l&cat=p&typeid=i","cat":289557},{"id":132905,"n":"Confiture Bonne Maman Myrtille/Cassis - 335g","p":2.53,"u":"7,55 €/KG","img":"https://fd6-photos.leclercdrive.fr/image.ashx?id=2508222&use=l&cat=p&typeid=i","cat":284480},{"id":132924,"n":"Crème mains Le Petit Olivier Karité - 75ml","p":2.92,"u":"38,93 €/L","img":"https://fd6-photos.leclercdrive.fr/image.ashx?id=1951721&use=l&cat=p&typeid=i","cat":325354},{"id":132994,"n":"Baume nourrissant bio N.A.E. Nuit - 50ml","p":9.92,"u":"198,40 €/L","img":"https://fd6-photos.leclercdrive.fr/image.ashx?id=1954457&use=l&cat=p&typeid=i","cat":325345},{"id":133039,"n":"Lessive liquide noir Epsil 25 Lavages - 1.25L","p":2.54,"u":"2,03 €/L","img":"https://fd6-photos.leclercdrive.fr/image.ashx?id=2958759&use=l&cat=p&typeid=i","cat":284640},{"id":133044,"n":"Lessive laine & soie Epsil 25 lavages - 1.25L","p":2.54,"u":"2,03 €/L","img":"https://fd6-photos.leclercdrive.fr/image.ashx?id=2842319&use=l&cat=p&typeid=i","cat":284640},{"id":133102,"n":"Tapis de bain chenille Tissaia Gris - 50x80 cm","p":6.9,"img":"https://fd6-photos.leclercdrive.fr/image.ashx?id=2083981&use=l&cat=p&typeid=i","cat":286694},{"id":133104,"n":"Séchoir tourniquet Homeside 14 pinces","p":3.69,"img":"https://fd6-photos.leclercdrive.fr/image.ashx?id=2083984&use=l&cat=p&typeid=i","cat":335909},{"id":133115,"n":"Sauce Mayomix Heinz Mix mayonnaise & ketchup - 425g","p":2.59,"u":"6,09 €/KG","img":"https://fd6-photos.leclercdrive.fr/image.ashx?id=2926936&use=l&cat=p&typeid=i","cat":318431},{"id":133121,"n":"Poisson Pané Colin Alaska Findus Céréales graines - 250g","p":3.0,"u":"12,00 €/KG","img":"https://fd6-photos.leclercdrive.fr/image.ashx?id=3008764&use=l&cat=p&typeid=i","cat":319788},{"id":133173,"n":"IGP Pays d'Oc blanc Ormes De Cambras Sauvignon 12% 75cl","p":3.03,"u":"4,04 €/L","img":"https://fd6-photos.leclercdrive.fr/image.ashx?id=2105155&use=l&cat=p&typeid=i","cat":289557},{"id":133179,"n":"Yaourt protéiné Hipro Vanille 0%mg - 2x160g","p":2.11,"u":"6,59 €/KG","img":"https://fd6-photos.leclercdrive.fr/image.ashx?id=2807414&use=l&cat=p&typeid=i","cat":315000},{"id":133188,"n":"Douche crème bio So Bio Etic Surgras à l'huile de coco-650ml","p":5.69,"u":"8,75 €/L","img":"https://fd6-photos.leclercdrive.fr/image.ashx?id=2891580&use=l&cat=p&typeid=i","cat":284594},{"id":133294,"n":"IGP Côtes de Gascogne blanc Moelleux Le Roupic - 75cl","p":3.95,"pp":2.76,"u":"3,68 €/L","img":"https://fd6-photos.leclercdrive.fr/image.ashx?id=2487021&use=l&cat=p&typeid=i","cat":289557},{"id":133340,"n":"Soin barbe 3 jours Nivea Men 125ml","p":8.79,"u":"70,32 €/L","img":"https://fd6-photos.leclercdrive.fr/image.ashx?id=2225444&use=l&cat=p&typeid=i","cat":284622},{"id":133365,"n":"Bière 3 Monts Saison Deux houblons - 75 cl","p":3.25,"u":"4,33 €/L","img":"https://fd6-photos.leclercdrive.fr/image.ashx?id=2548183&use=l&cat=p&typeid=i","cat":334852},{"id":133368,"n":"Muscat Beaume de Venise Rosé - Origine 1348 - 75cl","p":9.95,"u":"13,27 €/L","img":"https://fd6-photos.leclercdrive.fr/image.ashx?id=1960098&use=l&cat=p&typeid=i","cat":284913},{"id":133426,"n":"Capsules Nescafé Dolce Gusto Marrakech Tea - x16","p":4.48,"u":"53,98 €/KG","img":"https://fd6-photos.leclercdrive.fr/image.ashx?id=2467510&use=l&cat=p&typeid=i","cat":293239},{"id":133435,"n":"Bière la Chouffe 50cl","p":3.44,"u":"6,88 €/L","img":"https://fd6-photos.leclercdrive.fr/image.ashx?id=2374025&use=l&cat=p&typeid=i","cat":334853},{"id":133464,"n":"Shampooing Bio So Bio Etic Hibiscus Acide laurique - 250ml","p":4.76,"u":"19,04 €/L","img":"https://fd6-photos.leclercdrive.fr/image.ashx?id=2784959&use=l&cat=p&typeid=i","cat":284606},{"id":133472,"n":"Lait corps hydrate So Bio Etic Aloe vera bio extra-doux -200ml","p":5.86,"u":"29,30 €/L","img":"https://fd6-photos.leclercdrive.fr/image.ashx?id=2505558&use=l&cat=p&typeid=i","cat":325349},{"id":133475,"n":"Lait corps nourrit So Bio Etic Surgras Karité bio - 200ml","p":6.26,"u":"31,30 €/L","img":"https://fd6-photos.leclercdrive.fr/image.ashx?id=2997010&use=l&cat=p&typeid=i","cat":325349},{"id":133513,"n":"Crème jour bio La Source Anti-âge action complète - 40ml","p":15.6,"u":"390,00 €/L","img":"https://fd6-photos.leclercdrive.fr/image.ashx?id=2231843&use=l&cat=p&typeid=i","cat":325345},{"id":133518,"n":"Crème nuit bio La Source Action complète - 40ml","p":14.92,"u":"373,00 €/L","img":"https://fd6-photos.leclercdrive.fr/image.ashx?id=2357955&use=l&cat=p&typeid=i","cat":325345},{"id":133535,"n":"Billes d'argile beaux jours 6 L","p":3.29,"u":"0,55 €/L","img":"https://fd6-photos.leclercdrive.fr/image.ashx?id=2632603&use=l&cat=p&typeid=i","cat":335919},{"id":133748,"n":"Soda Coca-Cola - SANS SUCRES Bouteille - 6x25cl","p":4.98,"u":"3,32 €/L","img":"https://fd6-photos.leclercdrive.fr/image.ashx?id=2312308&use=l&cat=p&typeid=i","cat":284530},{"id":134047,"n":"Barres de céréales Lion Chocolat caramel - 12x25g","p":3.98,"u":"13,27 €/KG","img":"https://fd6-photos.leclercdrive.fr/image.ashx?id=2846787&use=l&cat=p&typeid=i","cat":285869},{"id":134056,"n":"Rougail saucisses et son riz 300g","p":3.14,"u":"10,47 €/KG","img":"https://fd6-photos.leclercdrive.fr/image.ashx?id=3008461&use=l&cat=p&typeid=i","cat":284953},{"id":134117,"n":"Foie gras de canard entier  Maison Montfort - 320g","p":27.95,"u":"87,34 €/KG","img":"https://fd6-photos.leclercdrive.fr/image.ashx?id=2730997&use=l&cat=p&typeid=i","cat":316008},{"id":134121,"n":"Poivre noir moulu Eco+ 44g","p":0.55,"u":"12,50 €/KG","img":"https://fd6-photos.leclercdrive.fr/image.ashx?id=2717246&use=l&cat=p&typeid=i","cat":284457},{"id":134122,"n":"Poivre noir moulu Eco+ 90g","p":1.15,"u":"12,78 €/KG","img":"https://fd6-photos.leclercdrive.fr/image.ashx?id=2836307&use=l&cat=p&typeid=i","cat":284457},{"id":134124,"n":"Velouté PurSoup' Liebig Poireaux pomme de terre - 1L","p":2.33,"u":"2,33 €/L","img":"https://fd6-photos.leclercdrive.fr/image.ashx?id=2864324&use=l&cat=p&typeid=i","cat":284462},{"id":134131,"n":"Soupe liquide brique Liebig  Velouté de Tomates - 1L","p":2.33,"u":"2,33 €/L","img":"https://fd6-photos.leclercdrive.fr/image.ashx?id=2759439&use=l&cat=p&typeid=i","cat":284462},{"id":134136,"n":"Rhum Spiced Clan Caribbean 35% vol - 70cl","p":13.77,"u":"19,67 €/L","img":"https://fd6-photos.leclercdrive.fr/image.ashx?id=2516044&use=l&cat=p&typeid=i","cat":284550},{"id":134146,"n":"Biscuits Nustikao Fourrés pâte à tartiner - 200g","p":1.67,"u":"8,35 €/KG","img":"https://fd6-photos.leclercdrive.fr/image.ashx?id=2473999&use=l&cat=p&typeid=i","cat":284488},{"id":134152,"n":"Biscuits Kinder Happy Hippo Au lait et au cacao - 103,5g","p":1.64,"u":"15,77 €/KG","img":"https://fd6-photos.leclercdrive.fr/image.ashx?id=2454499&use=l&cat=p&typeid=i","cat":284488},{"id":134162,"n":"Fromage frais nature Eco+ 9%mg - 6x60g","p":0.93,"u":"2,58 €/KG","img":"https://fd6-photos.leclercdrive.fr/image.ashx?id=2722372&use=l&cat=p&typeid=i","cat":284409},{"id":134165,"n":"Yaourt à la Grecque Délisse Stracciatella - 4x150g","p":2.39,"u":"3,98 €/KG","img":"https://fd6-photos.leclercdrive.fr/image.ashx?id=2753487&use=l&cat=p&typeid=i","cat":314999},{"id":134167,"n":"Yaourt à la grecque Délisse Noix de Coco - 4x150g","p":2.38,"u":"3,97 €/KG","img":"https://fd6-photos.leclercdrive.fr/image.ashx?id=2699759&use=l&cat=p&typeid=i","cat":314999},{"id":134184,"n":"Nissin Soba sachet classique 109g","p":1.81,"u":"16,61 €/KG","img":"https://fd6-photos.leclercdrive.fr/image.ashx?id=2647630&use=l&cat=p&typeid=i","cat":288992},{"id":134195,"n":"Yaourt Enfant Petits Filous Aromatisé à la Pêche - 6x100g","p":2.9,"u":"4,83 €/KG","img":"https://fd6-photos.leclercdrive.fr/image.ashx?id=2748437&use=l&cat=p&typeid=i","cat":284415},{"id":134206,"n":"Matière grasse St Hubert Oméga 3 - Demi-sel - 750g","p":5.02,"u":"6,69 €/KG","img":"https://fd6-photos.leclercdrive.fr/image.ashx?id=2734081&use=l&cat=p&typeid=i","cat":315229},{"id":134218,"n":"Lardons fumés Tradilège Sans nitrite - 2x75g","p":1.57,"u":"10,47 €/KG","img":"https://fd6-photos.leclercdrive.fr/image.ashx?id=2965828&use=l&cat=p&typeid=i","cat":316011},{"id":134220,"n":"Allumettes nature Tradilège Sans nitrite - 2x75g","p":1.64,"u":"10,93 €/KG","img":"https://fd6-photos.leclercdrive.fr/image.ashx?id=2970486&use=l&cat=p&typeid=i","cat":316011},{"id":134223,"n":"Allumettes fumées Tradilège Sans nitrite - 2x75g","p":1.63,"u":"10,87 €/KG","img":"https://fd6-photos.leclercdrive.fr/image.ashx?id=2965825&use=l&cat=p&typeid=i","cat":316011},{"id":134249,"n":"Blé express cuisiné Ebly  Tomate et basilic - 220g","p":1.89,"u":"8,59 €/KG","img":"https://fd6-photos.leclercdrive.fr/image.ashx?id=1963877&use=l&cat=p&typeid=i","cat":287600},{"id":134257,"n":"Corn Flakes Grainéa Nature - 500g","p":2.08,"u":"4,16 €/KG","img":"https://fd6-photos.leclercdrive.fr/image.ashx?id=2617249&use=l&cat=p&typeid=i","cat":309513},{"id":134316,"n":"Goûters P'tit Déli Croc' Goût Vanille - 300g","p":1.08,"u":"3,27 €/KG","img":"https://fd6-photos.leclercdrive.fr/image.ashx?id=2708901&use=l&cat=p&typeid=i","cat":284489},{"id":134317,"n":"Biscuit Croc Break P'tit Déli Goût Chocolat - 300g","p":1.15,"u":"3,83 €/KG","img":"https://fd6-photos.leclercdrive.fr/image.ashx?id=2708895&use=l&cat=p&typeid=i","cat":284488},{"id":134318,"n":"Biscuits P'tit déli Pirates Chocolat - 2x300g","p":2.17,"u":"3,62 €/KG","img":"https://fd6-photos.leclercdrive.fr/image.ashx?id=2718614&use=l&cat=p&typeid=i","cat":284488},{"id":134319,"n":"Biscuit Croc Break P'tit Déli Goût Tout Chocolat - 300g","p":1.17,"u":"3,90 €/KG","img":"https://fd6-photos.leclercdrive.fr/image.ashx?id=2708898&use=l&cat=p&typeid=i","cat":284488},{"id":134331,"n":"Muesli croustillant Grainéa Chocolat noir - 500g","p":2.29,"u":"4,58 €/KG","img":"https://fd6-photos.leclercdrive.fr/image.ashx?id=2707567&use=l&cat=p&typeid=i","cat":309512},{"id":134333,"n":"Muesli croustillant Grainéa Noix - 500g","p":2.02,"u":"4,04 €/KG","img":"https://fd6-photos.leclercdrive.fr/image.ashx?id=2917662&use=l&cat=p&typeid=i","cat":309512},{"id":134336,"n":"Muesli croustillant Grainéa  Aux fruits - 500g","p":1.87,"u":"3,74 €/KG","img":"https://fd6-photos.leclercdrive.fr/image.ashx?id=2705006&use=l&cat=p&typeid=i","cat":309512},{"id":134352,"n":"Muesli croustillant Grainéa  Fraise - 500g","p":2.27,"u":"4,54 €/KG","img":"https://fd6-photos.leclercdrive.fr/image.ashx?id=2873670&use=l&cat=p&typeid=i","cat":309512},{"id":134353,"n":"Muesli croustillant Grainéa Chocolat lait - 500g","p":2.27,"u":"4,54 €/KG","img":"https://fd6-photos.leclercdrive.fr/image.ashx?id=2925994&use=l&cat=p&typeid=i","cat":309512},{"id":134398,"n":"Saucisson Fuet d'Olot 150g","p":2.39,"u":"15,93 €/KG","img":"https://fd6-photos.leclercdrive.fr/image.ashx?id=1971722&use=l&cat=p&typeid=i","cat":316006},{"id":134427,"n":"Salade de betteraves Menu Fraîcheur - 500g","p":1.89,"u":"3,78 €/KG","img":"https://fd6-photos.leclercdrive.fr/image.ashx?id=2645987&use=l&cat=p&typeid=i","cat":333657},{"id":134484,"n":"Pur jus de légume Bio Village Bio - 1L","p":2.86,"u":"2,86 €/L","img":"https://fd6-photos.leclercdrive.fr/image.ashx?id=2901569&use=l&cat=p&typeid=i","cat":284523},{"id":134534,"n":"Café en grains L'OR Absolu N° 7 1kg","p":18.98,"u":"18,98 €/KG","img":"https://fd6-photos.leclercdrive.fr/image.ashx?id=2716837&use=l&cat=p&typeid=i","cat":293237},{"id":134576,"n":"Bicarbonate de soude Biovie 500g","p":2.95,"u":"5,90 €/KG","img":"https://fd6-photos.leclercdrive.fr/image.ashx?id=2990706&use=l&cat=p&typeid=i","cat":325365},{"id":134582,"n":"Petits pois et carottes D'Aucy 3x530g","p":5.25,"u":"3,30 €/KG","img":"https://fd6-photos.leclercdrive.fr/image.ashx?id=2371107&use=l&cat=p&typeid=i","cat":312607},{"id":134585,"n":"Noix de coco râpée Vahiné 200g","p":2.68,"u":"13,40 €/KG","img":"https://fd6-photos.leclercdrive.fr/image.ashx?id=2805276&use=l&cat=p&typeid=i","cat":284504},{"id":134600,"n":"Barres chocolat Milka Nussini - 5x31,5g","p":2.66,"u":"16,94 €/KG","img":"https://fd6-photos.leclercdrive.fr/image.ashx?id=2913487&use=l&cat=p&typeid=i","cat":284498},{"id":134617,"n":"Couscous parfumé Tipiak 510g","p":1.94,"u":"3,80 €/KG","img":"https://fd6-photos.leclercdrive.fr/image.ashx?id=2839187&use=l&cat=p&typeid=i","cat":284429},{"id":134618,"n":"Méli Mélo gourmand Tipiak 330g","p":2.03,"u":"6,15 €/KG","img":"https://fd6-photos.leclercdrive.fr/image.ashx?id=2314434&use=l&cat=p&typeid=i","cat":284429},{"id":134650,"n":"AOP Fronton vin rouge Château Marguerite - 75cl","p":4.23,"u":"5,64 €/L","img":"https://fd6-photos.leclercdrive.fr/image.ashx?id=2471337&use=l&cat=p&typeid=i","cat":289556},{"id":134676,"n":"Friandises chien Pedigree  Schmackos multi mix x20 - 144g","p":1.9,"u":"13,19 €/KG","img":"https://fd6-photos.leclercdrive.fr/image.ashx?id=2338579&use=l&cat=p&typeid=i","cat":294527},{"id":134677,"n":"Friandise petit chien Pedigree  Os à mâcher x4 - 160g","p":1.91,"u":"11,94 €/KG","img":"https://fd6-photos.leclercdrive.fr/image.ashx?id=2997253&use=l&cat=p&typeid=i","cat":294527},{"id":134678,"n":"Friandise moyen chien Pedigree Os à mâcher x2 - 180g","p":1.91,"u":"10,61 €/KG","img":"https://fd6-photos.leclercdrive.fr/image.ashx?id=2981710&use=l&cat=p&typeid=i","cat":294527},{"id":134680,"n":"Biscuits chien Pedigree Markies fourrés - 1,5kg","p":5.19,"u":"3,46 €/KG","img":"https://fd6-photos.leclercdrive.fr/image.ashx?id=2109671&use=l&cat=p&typeid=i","cat":294527},{"id":134734,"n":"Boule crème chocolat Jacquot orange framboise vanille - 1kg","p":8.28,"u":"8,28 €/KG","img":"https://fd6-photos.leclercdrive.fr/image.ashx?id=2666584&use=l&cat=p&typeid=i","cat":327595},{"id":134737,"n":"Pate à tartiner Curly Onctueux - 340g","p":3.82,"u":"11,24 €/KG","img":"https://fd6-photos.leclercdrive.fr/image.ashx?id=2176275&use=l&cat=p&typeid=i","cat":284481},{"id":134748,"n":"Asperges blanches Eco+ Miniatures - 125g","p":0.99,"u":"7,92 €/KG","img":"https://fd6-photos.leclercdrive.fr/image.ashx?id=2661076&use=l&cat=p&typeid=i","cat":312611},{"id":134753,"n":"Assortiment de bonbons Eco+ 720g","p":3.32,"u":"4,61 €/KG","img":"https://fd6-photos.leclercdrive.fr/image.ashx?id=2756837&use=l&cat=p&typeid=i","cat":304250},{"id":134758,"n":"Compote Allégée en sucres Eco+ Coupelle pomme banane - 4x100g","p":0.58,"u":"1,45 €/KG","img":"https://fd6-photos.leclercdrive.fr/image.ashx?id=1965671&use=l&cat=p&typeid=i","cat":284508},{"id":134760,"n":"Confiture extra bio Bio Village Figues - 370g","p":2.31,"u":"6,24 €/KG","img":"https://fd6-photos.leclercdrive.fr/image.ashx?id=2459593&use=l&cat=p&typeid=i","cat":284480},{"id":134769,"n":"Galette de maïs Bio Village Chocolat au lait Bio - 100g","p":1.95,"u":"19,50 €/KG","img":"https://fd6-photos.leclercdrive.fr/image.ashx?id=2510636&use=l&cat=p&typeid=i","cat":318651},{"id":134770,"n":"Compote bio Bio Village Gourdes multivariétés - 12x90g","p":6.35,"u":"5,88 €/KG","img":"https://fd6-photos.leclercdrive.fr/image.ashx?id=1965920&use=l&cat=p&typeid=i","cat":284508},{"id":134772,"n":"Huile de noisette Rustica 25cl","p":2.89,"u":"11,56 €/L","img":"https://fd6-photos.leclercdrive.fr/image.ashx?id=2610336&use=l&cat=p&typeid=i","cat":284453},{"id":134773,"n":"Pur jus de citron vert - 25 cl vert - 25 cl","p":1.77,"u":"7,08 €/L","img":"https://fd6-photos.leclercdrive.fr/image.ashx?id=2140944&use=l&cat=p&typeid=i","cat":288383},{"id":134774,"n":"Pur jus de citron jaune - 50 cl jaune - 50 cl","p":2.39,"u":"4,78 €/L","img":"https://fd6-photos.leclercdrive.fr/image.ashx?id=3010449&use=l&cat=p&typeid=i","cat":288383},{"id":134775,"n":"Lait de coco Bio Village Bio - 200ml","p":1.29,"u":"6,45 €/L","img":"https://fd6-photos.leclercdrive.fr/image.ashx?id=1965929&use=l&cat=p&typeid=i","cat":288992},{"id":134787,"n":"Ravioli bœuf Bio village Bio 700g","p":3.7,"u":"5,29 €/KG","img":"https://fd6-photos.leclercdrive.fr/image.ashx?id=2717255&use=l&cat=p&typeid=i","cat":284442},{"id":134788,"n":"Spaghetti complets Bio Village Bio - 500g","p":0.89,"u":"1,78 €/KG","img":"https://fd6-photos.leclercdrive.fr/image.ashx?id=2503308&use=l&cat=p&typeid=i","cat":284429},{"id":134792,"n":"Thon blanc Pêche océan MSC Entier nature - France - 112g","p":2.75,"u":"24,55 €/KG","img":"https://fd6-photos.leclercdrive.fr/image.ashx?id=2942235&use=l&cat=p&typeid=i","cat":303867},{"id":134793,"n":"Toasts fins nature Epi d'Or 100g","p":1.65,"u":"16,50 €/KG","img":"https://fd6-photos.leclercdrive.fr/image.ashx?id=2696283&use=l&cat=p&typeid=i","cat":285454},{"id":134794,"n":"Toasts fins sésame Epi d'Or 100g","p":1.65,"u":"16,50 €/KG","img":"https://fd6-photos.leclercdrive.fr/image.ashx?id=2705092&use=l&cat=p&typeid=i","cat":285454},{"id":134796,"n":"Tomates entières pelées Eco+ 240g","p":0.55,"u":"2,29 €/KG","img":"https://fd6-photos.leclercdrive.fr/image.ashx?id=2762501&use=l&cat=p&typeid=i","cat":312608},{"id":134797,"n":"Tuiles goût barbecue Tokapi 170g","p":1.39,"u":"8,18 €/KG","img":"https://fd6-photos.leclercdrive.fr/image.ashx?id=2632891&use=l&cat=p&typeid=i","cat":287899},{"id":134798,"n":"Velouté de légumes Eco + 1L","p":0.89,"u":"0,89 €/L","img":"https://fd6-photos.leclercdrive.fr/image.ashx?id=2768448&use=l&cat=p&typeid=i","cat":284462},{"id":134799,"n":"Vinaigre de vin 6° Eco +  1L","p":0.55,"u":"0,55 €/L","img":"https://fd6-photos.leclercdrive.fr/image.ashx?id=2846547&use=l&cat=p&typeid=i","cat":298543},{"id":134811,"n":"Pur jus d'orange Eco + Brique - 2l","p":3.14,"u":"1,57 €/L","img":"https://fd6-photos.leclercdrive.fr/image.ashx?id=2751859&use=l&cat=p&typeid=i","cat":284521},{"id":134815,"n":"Pur jus 4 agrumes Eco +  1L","p":1.43,"u":"1,43 €/L","img":"https://fd6-photos.leclercdrive.fr/image.ashx?id=2762943&use=l&cat=p&typeid=i","cat":284917},{"id":134816,"n":"Jus d'orange ABC Eco + Brique - 1L","p":1.3,"u":"1,30 €/L","img":"https://fd6-photos.leclercdrive.fr/image.ashx?id=2595049&use=l&cat=p&typeid=i","cat":284521},{"id":134817,"n":"Jus de pamplemousse rose Eco + ABC - 1L","p":0.98,"u":"0,98 €/L","img":"https://fd6-photos.leclercdrive.fr/image.ashx?id=2802266&use=l&cat=p&typeid=i","cat":284914},{"id":134819,"n":"Nectar d'orange Eco + Brique - 2L","p":1.83,"u":"0,92 €/L","img":"https://fd6-photos.leclercdrive.fr/image.ashx?id=2842444&use=l&cat=p&typeid=i","cat":284521},{"id":134823,"n":"Nectar multifruits Eco+ 6x20cl","p":1.75,"u":"1,46 €/L","img":"https://fd6-photos.leclercdrive.fr/image.ashx?id=2741598&use=l&cat=p&typeid=i","cat":284917},{"id":134825,"n":"Bière 0.0% Falsbourg  Sans alcool - 6x25cl","p":2.63,"u":"1,75 €/L","img":"https://fd6-photos.leclercdrive.fr/image.ashx?id=2637979&use=l&cat=p&typeid=i","cat":334877},{"id":134829,"n":"Bière forte 7.9% Millbrau 50CL","p":0.85,"u":"1,70 €/L","img":"https://fd6-photos.leclercdrive.fr/image.ashx?id=2955578&use=l&cat=p&typeid=i","cat":334853},{"id":134830,"n":"Eau minérale gaz Alizée Eco + 6x50cl","p":1.26,"u":"0,42 €/L","img":"https://fd6-photos.leclercdrive.fr/image.ashx?id=2971861&use=l&cat=p&typeid=i","cat":284536},{"id":134840,"n":"Sangria rouge 7% Eco + 7% vol - 5L","p":5.99,"u":"1,20 €/L","img":"https://fd6-photos.leclercdrive.fr/image.ashx?id=2714974&use=l&cat=p&typeid=i","cat":286032},{"id":134841,"n":"IGP Pays d'Oc Merlot vin rosé Vieux Carion 12% vol - BIB 3L","p":7.99,"u":"2,66 €/L","img":"https://fd6-photos.leclercdrive.fr/image.ashx?id=2887410&use=l&cat=p&typeid=i","cat":289560},{"id":134842,"n":"Vin d'Union Européenne blanc Adrien Champaud 11% vol BIB 5L","p":8.49,"u":"1,70 €/L","img":"https://fd6-photos.leclercdrive.fr/image.ashx?id=2960517&use=l&cat=p&typeid=i","cat":289557},{"id":134843,"n":"IGP Var vin rosé Terres Ocrées 12% vol - BIB 5L","p":15.99,"u":"3,20 €/L","img":"https://fd6-photos.leclercdrive.fr/image.ashx?id=2883327&use=l&cat=p&typeid=i","cat":289560},{"id":134844,"n":"Crème de cassis Gildo 15% - 70cl","p":4.67,"u":"6,67 €/L","img":"https://fd6-photos.leclercdrive.fr/image.ashx?id=2563181&use=l&cat=p&typeid=i","cat":286032},{"id":134852,"n":"Bière blonde de luxe Millbrau 4% - 10x25cl","p":3.97,"u":"1,59 €/L","img":"https://fd6-photos.leclercdrive.fr/image.ashx?id=2955590&use=l&cat=p&typeid=i","cat":334873},{"id":134853,"n":"Bière speciale 4,9% Gildo 50cl","p":0.87,"u":"1,74 €/L","img":"https://fd6-photos.leclercdrive.fr/image.ashx?id=2955605&use=l&cat=p&typeid=i","cat":334853},{"id":134856,"n":"Eau de javel Eco + 2L","p":0.63,"u":"0,32 €/L","img":"https://fd6-photos.leclercdrive.fr/image.ashx?id=2882298&use=l&cat=p&typeid=i","cat":284661},{"id":134857,"n":"Désodorisant fraîcheur Uni Vert Plantes - 200ml","p":1.95,"u":"9,75 €/L","img":"https://fd6-photos.leclercdrive.fr/image.ashx?id=2573953&use=l&cat=p&typeid=i","cat":311626},{"id":134858,"n":"Brosse à dent enfant Dentamyl Clignotante licorne - 1 pièce","p":1.99,"img":"https://fd6-photos.leclercdrive.fr/image.ashx?id=1965773&use=l&cat=p&typeid=i","cat":288897},{"id":134859,"n":"Bougie végétale Insectivor Anti-moustique - 1 pièce","p":3.99,"img":"https://fd6-photos.leclercdrive.fr/image.ashx?id=1965767&use=l&cat=p&typeid=i","cat":298368},{"id":134860,"n":"Maxi carré bébé Mots d'Enfants Coton bio - x80","p":2.6,"u":"0,03 €/P","img":"https://fd6-photos.leclercdrive.fr/image.ashx?id=3014296&use=l&cat=p&typeid=i","cat":284739},{"id":134861,"n":"Maxi carré bébé Mots d'Enfants Coton bio écru - x40","p":1.37,"u":"0,03 €/P","img":"https://fd6-photos.leclercdrive.fr/image.ashx?id=3014299&use=l&cat=p&typeid=i","cat":284739},{"id":134862,"n":"Gel hydroalcoolique Primoplast 550ml","p":2.1,"u":"3,82 €/L","img":"https://fd6-photos.leclercdrive.fr/image.ashx?id=2856591&use=l&cat=p&typeid=i","cat":284630},{"id":134881,"n":"K2R Super Power Fizz Aérosol 300ml","p":4.64,"u":"15,47 €/L","img":"https://fd6-photos.leclercdrive.fr/image.ashx?id=1970161&use=l&cat=p&typeid=i","cat":284651},{"id":134989,"n":"Amora Cornichons Extra-Fins Bocal Croq'Vert 370g","p":2.8,"u":"7,57 €/KG","img":"https://fd6-photos.leclercdrive.fr/image.ashx?id=2670911&use=l&cat=p&typeid=i","cat":284458},{"id":135104,"n":"Salade & Cie Sodebo Brooklyn Poulet Rôti Pâtes - 320g","p":4.06,"u":"12,69 €/KG","img":"https://fd6-photos.leclercdrive.fr/image.ashx?id=2795719&use=l&cat=p&typeid=i","cat":333657},{"id":135136,"n":"Coeur fondant chocolat Equador 2x90g","p":2.13,"u":"11,83 €/KG","img":"https://fd6-photos.leclercdrive.fr/image.ashx?id=1979707&use=l&cat=p&typeid=i","cat":284419},{"id":135139,"n":"Mousse au caramel Beurre salé Equador - 2x90g","p":2.79,"u":"15,50 €/KG","img":"https://fd6-photos.leclercdrive.fr/image.ashx?id=1979701&use=l&cat=p&typeid=i","cat":284417},{"id":135140,"n":"Mousse au chocolat croustillant Equador - 2x90g","p":2.79,"u":"15,50 €/KG","img":"https://fd6-photos.leclercdrive.fr/image.ashx?id=1979704&use=l&cat=p&typeid=i","cat":284417},{"id":135191,"n":"Yaourt aromatisé sucré Eco+ Pack 12x125g","p":1.86,"u":"1,24 €/KG","img":"https://fd6-photos.leclercdrive.fr/image.ashx?id=2759774&use=l&cat=p&typeid=i","cat":286006},{"id":135201,"n":"Matière grasse bio St Hubert Doux 55%MG - 230g","p":2.08,"u":"9,04 €/KG","img":"https://fd6-photos.leclercdrive.fr/image.ashx?id=2886097&use=l&cat=p&typeid=i","cat":315229},{"id":135204,"n":"Margarine allégée Eco+ Cuisson 60%vol - 500g","p":1.16,"u":"2,32 €/KG","img":"https://fd6-photos.leclercdrive.fr/image.ashx?id=1973027&use=l&cat=p&typeid=i","cat":315229},{"id":135229,"n":"Emmental rapé Eco+ 29%mg - 1kg","p":7.39,"u":"7,39 €/KG","img":"https://fd6-photos.leclercdrive.fr/image.ashx?id=2587097&use=l&cat=p&typeid=i","cat":314035},{"id":135245,"n":"Salade mélangée Eco+ 250g","p":0.75,"u":"3,00 €/KG","img":"https://fd6-photos.leclercdrive.fr/image.ashx?id=2693297&use=l&cat=p&typeid=i","cat":284353},{"id":135246,"n":"Crème fraiche Eco+ Légère - 15% MG - 50cl","p":1.35,"u":"2,70 €/L","img":"https://fd6-photos.leclercdrive.fr/image.ashx?id=2891869&use=l&cat=p&typeid=i","cat":284381},{"id":135247,"n":"Fromage fondu Eco+ 17%mg - x10 - 200g","p":1.08,"u":"5,40 €/KG","img":"https://fd6-photos.leclercdrive.fr/image.ashx?id=2652290&use=l&cat=p&typeid=i","cat":314028},{"id":135251,"n":"Yaourt nature sucré Yoplait - 8x125g","p":2.04,"u":"2,04 €/KG","img":"https://fd6-photos.leclercdrive.fr/image.ashx?id=2796830&use=l&cat=p&typeid=i","cat":284409},{"id":135255,"n":"Crème fraiche épaisse Yoplait Légère 12%MG - 190g","p":0.65,"u":"3,42 €/KG","img":"https://fd6-photos.leclercdrive.fr/image.ashx?id=2811035&use=l&cat=p&typeid=i","cat":284381},{"id":135266,"n":"Pruneau Eco+ 1kg","p":5.97,"u":"5,97 €/KG","img":"https://fd6-photos.leclercdrive.fr/image.ashx?id=2690868&use=l&cat=p&typeid=i","cat":284357},{"id":135267,"n":"Matière grasse Eco+ Tartine - 55%mg - 500g","p":1.21,"u":"2,42 €/KG","img":"https://fd6-photos.leclercdrive.fr/image.ashx?id=1974353&use=l&cat=p&typeid=i","cat":315229},{"id":135276,"n":"Pomme de terre Panier Primeur Micro-ondes - 750g","p":1.99,"u":"2,65 €/KG","img":"https://fd6-photos.leclercdrive.fr/image.ashx?id=2649903&use=l&cat=p&typeid=i","cat":284352},{"id":135278,"n":"Fromage blanc aromatisé Eco+ 2.8%MG - 12x60g","p":1.79,"u":"2,49 €/KG","img":"https://fd6-photos.leclercdrive.fr/image.ashx?id=2794817&use=l&cat=p&typeid=i","cat":284409},{"id":135292,"n":"Crème dessert Eco+ Panachées - 12x125g","p":2.43,"u":"1,62 €/KG","img":"https://fd6-photos.leclercdrive.fr/image.ashx?id=2804326&use=l&cat=p&typeid=i","cat":285041},{"id":135293,"n":"Crème dessert Eco+ Saveur vanille - 4x125g","p":0.77,"u":"1,54 €/KG","img":"https://fd6-photos.leclercdrive.fr/image.ashx?id=2765695&use=l&cat=p&typeid=i","cat":285041},{"id":135294,"n":"Crème dessert Eco+ Chocolat - 4x125g","p":0.74,"u":"1,48 €/KG","img":"https://fd6-photos.leclercdrive.fr/image.ashx?id=3003046&use=l&cat=p&typeid=i","cat":285041},{"id":135295,"n":"Tranchette de gouda Eco+ 28%mg - 300g","p":2.53,"u":"8,43 €/KG","img":"https://fd6-photos.leclercdrive.fr/image.ashx?id=1974470&use=l&cat=p&typeid=i","cat":314028},{"id":135296,"n":"Fromage mi-chèvre Eco+ 23%mg - 180g","p":1.65,"u":"9,17 €/KG","img":"https://fd6-photos.leclercdrive.fr/image.ashx?id=2744356&use=l&cat=p&typeid=i","cat":314031},{"id":135301,"n":"Hauts de cuisse Eco+ Poulet blanc - 1kg","p":4.49,"u":"4,49 €/KG","img":"https://fd6-photos.leclercdrive.fr/image.ashx?id=1975023&use=l&cat=p&typeid=i","cat":284336},{"id":135343,"n":"Râpé 3 fromages Les Croisés  Format familial - 350g","p":3.12,"u":"8,91 €/KG","img":"https://fd6-photos.leclercdrive.fr/image.ashx?id=2959734&use=l&cat=p&typeid=i","cat":314035},{"id":135398,"n":"Salade perlée Menu Fraicheur Chorizo - 300g","p":2.79,"u":"9,30 €/KG","img":"https://fd6-photos.leclercdrive.fr/image.ashx?id=2645984&use=l&cat=p&typeid=i","cat":333657},{"id":135426,"n":"Sauce Salsa Old El Paso à napper doux - 226g","p":2.41,"u":"10,66 €/KG","img":"https://fd6-photos.leclercdrive.fr/image.ashx?id=2738797&use=l&cat=p&typeid=i","cat":288993},{"id":135429,"n":"Pommes Dauphine Findus 540g","p":3.19,"u":"5,91 €/KG","img":"https://fd6-photos.leclercdrive.fr/image.ashx?id=2009954&use=l&cat=p&typeid=i","cat":319792},{"id":135444,"n":"Croco Baby -30% de sucre Haribo Sachet bonbons - 165g","p":1.96,"u":"11,88 €/KG","img":"https://fd6-photos.leclercdrive.fr/image.ashx?id=2806111&use=l&cat=p&typeid=i","cat":304250},{"id":135454,"n":"Brioche tranchée Harrys Nature sans additif Maxi - 680g","p":3.28,"u":"4,82 €/KG","img":"https://fd6-photos.leclercdrive.fr/image.ashx?id=2503022&use=l&cat=p&typeid=i","cat":284478},{"id":135456,"n":"Brioche tranchée Harrys Nature / Sans additifs - 485 g","p":2.38,"u":"4,91 €/KG","img":"https://fd6-photos.leclercdrive.fr/image.ashx?id=2503019&use=l&cat=p&typeid=i","cat":284478},{"id":135457,"n":"Brioche tranchée Harrys Farine complète - 485g","p":3.21,"u":"6,62 €/KG","img":"https://fd6-photos.leclercdrive.fr/image.ashx?id=2503025&use=l&cat=p&typeid=i","cat":284478},{"id":135458,"n":"Brioche tranchée nature Harrys Allégée en sucre - 485g","p":3.03,"u":"6,25 €/KG","img":"https://fd6-photos.leclercdrive.fr/image.ashx?id=2503031&use=l&cat=p&typeid=i","cat":284478},{"id":135459,"n":"Brioche Tranchée Harrys Pépites de chocolat - 485g","p":2.87,"u":"5,92 €/KG","img":"https://fd6-photos.leclercdrive.fr/image.ashx?id=2503028&use=l&cat=p&typeid=i","cat":284478},{"id":135481,"n":"Barres céréales Nesquik Chocolat - 12x25g","p":3.94,"u":"13,13 €/KG","img":"https://fd6-photos.leclercdrive.fr/image.ashx?id=2843225&use=l&cat=p&typeid=i","cat":285869},{"id":135640,"n":"Cuadro 4 chocolat praliné Novi Noir, lait, blanc noisette 150g","p":4.58,"u":"30,53 €/KG","img":"https://fd6-photos.leclercdrive.fr/image.ashx?id=2922218&use=l&cat=p&typeid=i","cat":327595},{"id":135645,"n":"Cuadro 4 chocolat praliné Novi Pistaches - 150g","p":3.45,"u":"23,00 €/KG","img":"https://fd6-photos.leclercdrive.fr/image.ashx?id=2922215&use=l&cat=p&typeid=i","cat":327595},{"id":135658,"n":"Chocolats Ferrero Prestige Assortiments x16- 166g","p":6.5,"u":"39,16 €/KG","img":"https://fd6-photos.leclercdrive.fr/image.ashx?id=2896429&use=l&cat=p&typeid=i","cat":327595},{"id":135729,"n":"Louche trendy HOMESIDE 1 pièce","p":3.9,"img":"https://fd6-photos.leclercdrive.fr/image.ashx?id=2017608&use=l&cat=p&typeid=i","cat":334135},{"id":135731,"n":"Cuillère trendy HOMESIDE 1 pièce","p":3.9,"img":"https://fd6-photos.leclercdrive.fr/image.ashx?id=2017599&use=l&cat=p&typeid=i","cat":334135},{"id":135732,"n":"Pelle trendy HOMESIDE 1 pièce","p":3.9,"img":"https://fd6-photos.leclercdrive.fr/image.ashx?id=2017611&use=l&cat=p&typeid=i","cat":334135},{"id":135738,"n":"Bière Rouge Vieux Lille 75 cl","p":4.2,"u":"5,60 €/L","img":"https://fd6-photos.leclercdrive.fr/image.ashx?id=2928831&use=l&cat=p&typeid=i","cat":334872},{"id":135747,"n":"Suprême de tomates 98,5ml","p":4.94,"u":"50,41 €/L","img":"https://fd6-photos.leclercdrive.fr/image.ashx?id=2694836&use=l&cat=p&typeid=i","cat":284462},{"id":135758,"n":"Jambon Supérieur VPF Tradilège A l'étouffée Découennéx10 -400g","p":5.09,"u":"12,73 €/KG","img":"https://fd6-photos.leclercdrive.fr/image.ashx?id=2970477&use=l&cat=p&typeid=i","cat":316009},{"id":135780,"n":"Petits pots bébé P'TITE RECETTE Cabillaud 8M+ - 2x200g","p":2.27,"u":"5,68 €/KG","img":"https://fd6-photos.leclercdrive.fr/image.ashx?id=2525717&use=l&cat=p&typeid=i","cat":312236},{"id":136302,"n":"Café moulu Velours Noir 100% Arabica - 250g","p":4.69,"u":"18,76 €/KG","img":"https://fd6-photos.leclercdrive.fr/image.ashx?id=1978401&use=l&cat=p&typeid=i","cat":284750},{"id":136362,"n":"AOC Côtes du Rhône rouge Réserve de Bonpas - 75cl","p":4.9,"u":"6,53 €/L","img":"https://fd6-photos.leclercdrive.fr/image.ashx?id=2991202&use=l&cat=p&typeid=i","cat":289556},{"id":136372,"n":"Boule Rocher Ferrero Noël T3 - 37g","p":3.82,"u":"103,24 €/KG","img":"https://fd6-photos.leclercdrive.fr/image.ashx?id=2102428&use=l&cat=p&typeid=i","cat":284499},{"id":136389,"n":"Oeuf Maxi Kinder Surprise Garçon - 100g","p":6.47,"u":"64,70 €/KG","img":"https://fd6-photos.leclercdrive.fr/image.ashx?id=2940513&use=l&cat=p&typeid=i","cat":284958},{"id":136399,"n":"Oeuf maxi Kinder Surprise Jaune Pingouin - 100g","p":6.47,"u":"64,70 €/KG","img":"https://fd6-photos.leclercdrive.fr/image.ashx?id=2428932&use=l&cat=p&typeid=i","cat":327592},{"id":136400,"n":"Boule de Noël Mon Chéri Cerise - 42g","p":3.78,"u":"90,00 €/KG","img":"https://fd6-photos.leclercdrive.fr/image.ashx?id=1996778&use=l&cat=p&typeid=i","cat":284499},{"id":136402,"n":"Boule de Noël Raffaello 40g","p":3.8,"u":"95,00 €/KG","img":"https://fd6-photos.leclercdrive.fr/image.ashx?id=2102431&use=l&cat=p&typeid=i","cat":284499},{"id":136407,"n":"Giga Candy canez Fizzy Fraise - 50g","p":1.3,"u":"26,00 €/KG","img":"https://fd6-photos.leclercdrive.fr/image.ashx?id=1984813&use=l&cat=p&typeid=i","cat":327592},{"id":136445,"n":"Gateau marbré Savane Chocolat - 310g","p":2.58,"u":"8,32 €/KG","img":"https://fd6-photos.leclercdrive.fr/image.ashx?id=2870719&use=l&cat=p&typeid=i","cat":294776},{"id":136453,"n":"Plat bébé soir Blédiner 12mois  quinoa légumes - 2x200g","p":2.47,"u":"6,18 €/KG","img":"https://fd6-photos.leclercdrive.fr/image.ashx?id=2845856&use=l&cat=p&typeid=i","cat":312239},{"id":136456,"n":"Lait bébé Candia Baby 2ème âge - 6x1L","p":12.44,"u":"2,07 €/L","img":"https://fd6-photos.leclercdrive.fr/image.ashx?id=2773703&use=l&cat=p&typeid=i","cat":284727},{"id":136457,"n":"Pain grillé original Pasquier 415g","p":2.18,"u":"5,25 €/KG","img":"https://fd6-photos.leclercdrive.fr/image.ashx?id=2943957&use=l&cat=p&typeid=i","cat":284479},{"id":136537,"n":"Velouté bio La Potagère Butternut Potimarron - 2x30cl","p":2.62,"u":"4,37 €/L","img":"https://fd6-photos.leclercdrive.fr/image.ashx?id=1984191&use=l&cat=p&typeid=i","cat":284462},{"id":136579,"n":"Soupe liquide brique Liebig  Velouté de 12 légumes - 1L","p":2.02,"u":"2,02 €/L","img":"https://fd6-photos.leclercdrive.fr/image.ashx?id=2172645&use=l&cat=p&typeid=i","cat":284462},{"id":136580,"n":"Soupe liquide brique Liebig  Mouliné de 12 légumes - 1L","p":2.59,"u":"2,59 €/L","img":"https://fd6-photos.leclercdrive.fr/image.ashx?id=2172642&use=l&cat=p&typeid=i","cat":284462},{"id":136585,"n":"Plat bébé soir Blédiner 15 mois pâtes crème légumes - 2x200g","p":2.62,"u":"6,55 €/KG","img":"https://fd6-photos.leclercdrive.fr/image.ashx?id=2845859&use=l&cat=p&typeid=i","cat":312239},{"id":136598,"n":"Compote Bio Village Gourdes Pomme bio - 12x90g","p":5.25,"u":"4,86 €/KG","img":"https://fd6-photos.leclercdrive.fr/image.ashx?id=2330517&use=l&cat=p&typeid=i","cat":284508},{"id":136599,"n":"Eau gazeuse aromatisée Salvetat citron - 6x50cl","p":3.25,"u":"1,08 €/L","img":"https://fd6-photos.leclercdrive.fr/image.ashx?id=2259472&use=l&cat=p&typeid=i","cat":284536},{"id":136604,"n":"Serviettes ultra nuit Tadam Dermosensitives - x10","p":2.48,"img":"https://fd6-photos.leclercdrive.fr/image.ashx?id=2754755&use=l&cat=p&typeid=i","cat":284624},{"id":136607,"n":"Protège lingerie long Tadam Dermo-sensitives bio - x24","p":2.55,"img":"https://fd6-photos.leclercdrive.fr/image.ashx?id=2754767&use=l&cat=p&typeid=i","cat":284625},{"id":136627,"n":"Pad Thai Céréal Bio  Bio repas express - 220g","p":2.52,"u":"11,45 €/KG","img":"https://fd6-photos.leclercdrive.fr/image.ashx?id=2574089&use=l&cat=p&typeid=i","cat":288992},{"id":136646,"n":"Bonbons Tic Tac 100 pastilles Festival de goûts - 49g","p":1.6,"u":"32,65 €/KG","img":"https://fd6-photos.leclercdrive.fr/image.ashx?id=2758607&use=l&cat=p&typeid=i","cat":304256},{"id":136670,"n":"Oignons jaunes Eco+ 1.5 Kg","p":1.69,"u":"1,13 €/KG","img":"https://fd6-photos.leclercdrive.fr/image.ashx?id=2772572&use=l&cat=p&typeid=i","cat":284352},{"id":136671,"n":"Pommes bicolores Panier Primeur HVE - Sachet 1.5kg","p":2.99,"u":"1,99 €/KG","img":"https://fd6-photos.leclercdrive.fr/image.ashx?id=2928279&use=l&cat=p&typeid=i","cat":284356},{"id":136767,"n":"Boite de chocolat Côte d'Or Bouchée au lait - 197g","p":5.47,"u":"27,77 €/KG","img":"https://fd6-photos.leclercdrive.fr/image.ashx?id=2792942&use=l&cat=p&typeid=i","cat":327595},{"id":136775,"n":"Fleur de maïs Maïzena 700g","p":2.45,"pp":1.71,"u":"2,44 €/KG","img":"https://fd6-photos.leclercdrive.fr/image.ashx?id=2328361&use=l&cat=p&typeid=i","cat":288382},{"id":136797,"n":"Gratin de pâtes Bacon Fromage Qualité Traiteur - 300g","p":4.48,"u":"14,93 €/KG","img":"https://fd6-photos.leclercdrive.fr/image.ashx?id=2975197&use=l&cat=p&typeid=i","cat":333665},{"id":136808,"n":"Biscuit pistache abricot Gerblé  - 160g","p":2.65,"u":"16,56 €/KG","img":"https://fd6-photos.leclercdrive.fr/image.ashx?id=2812711&use=l&cat=p&typeid=i","cat":318651},{"id":136813,"n":"Biscuits Bruges Delacre Boîte Assortiment - 200g","p":2.93,"u":"14,65 €/KG","img":"https://fd6-photos.leclercdrive.fr/image.ashx?id=2867966&use=l&cat=p&typeid=i","cat":284490},{"id":136814,"n":"Barre céréales Chocapic  Chocolat - 12x25g","p":3.99,"u":"13,30 €/KG","img":"https://fd6-photos.leclercdrive.fr/image.ashx?id=2846784&use=l&cat=p&typeid=i","cat":285869},{"id":136907,"n":"Mini Roc Côte d'Or Chocolat au lait - 195g","p":7.49,"u":"38,41 €/KG","img":"https://fd6-photos.leclercdrive.fr/image.ashx?id=2488088&use=l&cat=p&typeid=i","cat":327595},{"id":136910,"n":"Mini Roc Côte d'Or Chocolat au noir - 195g","p":7.97,"u":"40,87 €/KG","img":"https://fd6-photos.leclercdrive.fr/image.ashx?id=2244136&use=l&cat=p&typeid=i","cat":327595},{"id":136925,"n":"Mini bouchée truffé Côte d'Or Chocolat noir - 158g","p":6.38,"u":"40,38 €/KG","img":"https://fd6-photos.leclercdrive.fr/image.ashx?id=2922173&use=l&cat=p&typeid=i","cat":327600},{"id":136955,"n":"Poêlée Paysan Breton Légumes à la printanière - 750g","p":3.3,"u":"4,40 €/KG","img":"https://fd6-photos.leclercdrive.fr/image.ashx?id=2363982&use=l&cat=p&typeid=i","cat":319823},{"id":137070,"n":"Petits pois Bio Village Bio - 420g","p":2.35,"u":"5,60 €/KG","img":"https://fd6-photos.leclercdrive.fr/image.ashx?id=3002707&use=l&cat=p&typeid=i","cat":312607},{"id":137160,"n":"IGP Clémentines fines de Corse Nos régions ont du Talent - 1kg","p":4.99,"u":"4,99 €/KG","img":"https://fd6-photos.leclercdrive.fr/image.ashx?id=2934847&use=l&cat=p&typeid=i","cat":284356},{"id":137228,"n":"Sucre en poudre Saint Louis 650g","p":1.51,"u":"2,32 €/KG","img":"https://fd6-photos.leclercdrive.fr/image.ashx?id=2659936&use=l&cat=p&typeid=i","cat":284502},{"id":137283,"n":"Yaourt à boire Ptit Yop Aromatisé Fraise - 6x180g","p":2.72,"u":"2,52 €/KG","img":"https://fd6-photos.leclercdrive.fr/image.ashx?id=2902735&use=l&cat=p&typeid=i","cat":284415},{"id":137287,"n":"Yaourt à boire Ptit Yop Aromatisé Vanille - 6x180g","p":2.78,"u":"2,57 €/KG","img":"https://fd6-photos.leclercdrive.fr/image.ashx?id=2951800&use=l&cat=p&typeid=i","cat":284415},{"id":137289,"n":"Yaourt à boire Ptit Yop Aromatisé Framboise - 6x180g","p":2.78,"u":"2,57 €/KG","img":"https://fd6-photos.leclercdrive.fr/image.ashx?id=2951797&use=l&cat=p&typeid=i","cat":284415},{"id":137298,"n":"Yaourt à boire Ptit Yop Aromatisé Panaché - 6x180g","p":2.79,"u":"2,58 €/KG","img":"https://fd6-photos.leclercdrive.fr/image.ashx?id=2985168&use=l&cat=p&typeid=i","cat":284415},{"id":137325,"n":"Lait bébé Candia Baby  croissance 3ème âge - 6x25cl","p":3.87,"u":"2,58 €/L","img":"https://fd6-photos.leclercdrive.fr/image.ashx?id=2963346&use=l&cat=p&typeid=i","cat":284728},{"id":137331,"n":"Kinder moulage avec surprise Bonhomme de neige - 36g","p":2.17,"u":"60,28 €/KG","img":"https://fd6-photos.leclercdrive.fr/image.ashx?id=1984798&use=l&cat=p&typeid=i","cat":327592},{"id":137344,"n":"Giga Candy canez Fizzy Pomme - 50g","p":1.3,"u":"26,00 €/KG","img":"https://fd6-photos.leclercdrive.fr/image.ashx?id=1984816&use=l&cat=p&typeid=i","cat":327592},{"id":137382,"n":"Spray retouche L'Oréal Paris Magic Retouch Châtain Clair","p":9.06,"u":"12,08 €/L","img":"https://fd6-photos.leclercdrive.fr/image.ashx?id=2597196&use=l&cat=p&typeid=i","cat":288899},{"id":137384,"n":"Déodorant bille Men Expert Efficacité 48h - 50ml","p":2.55,"u":"51,00 €/L","img":"https://fd6-photos.leclercdrive.fr/image.ashx?id=2300512&use=l&cat=p&typeid=i","cat":284618},{"id":137388,"n":"Gel Douche Bio Sans Savon Cadum Huile d'Amandes Douces - 500ml","p":2.14,"u":"4,28 €/L","img":"https://fd6-photos.leclercdrive.fr/image.ashx?id=2575627&use=l&cat=p&typeid=i","cat":284594},{"id":137413,"n":"Pommes Duchesse Findus 720g","p":3.19,"u":"4,43 €/KG","img":"https://fd6-photos.leclercdrive.fr/image.ashx?id=2888512&use=l&cat=p&typeid=i","cat":319792},{"id":137414,"n":"Pommes Étoile 720g","p":3.19,"u":"4,43 €/KG","img":"https://fd6-photos.leclercdrive.fr/image.ashx?id=2023134&use=l&cat=p&typeid=i","cat":319792},{"id":137418,"n":"12 tartines aux escargots 150g","p":6.99,"u":"46,60 €/KG","img":"https://fd6-photos.leclercdrive.fr/image.ashx?id=2020398&use=l&cat=p&typeid=i","cat":319774},{"id":137421,"n":"Assortiment 60 mini roulés 720g","p":7.79,"u":"10,82 €/KG","img":"https://fd6-photos.leclercdrive.fr/image.ashx?id=2091563&use=l&cat=p&typeid=i","cat":319774},{"id":137422,"n":"Assortiment 50 mini saucisses 800g","p":7.79,"u":"9,74 €/KG","img":"https://fd6-photos.leclercdrive.fr/image.ashx?id=2177923&use=l&cat=p&typeid=i","cat":319774},{"id":137436,"n":"Masque Protection Couleur Elsève Color-Vive - 310ml","p":5.08,"u":"16,39 €/L","img":"https://fd6-photos.leclercdrive.fr/image.ashx?id=2865875&use=l&cat=p&typeid=i","cat":284608},{"id":137437,"n":"gateau Savane Brossard Chocolat - 310g","p":2.63,"u":"8,48 €/KG","img":"https://fd6-photos.leclercdrive.fr/image.ashx?id=2976836&use=l&cat=p&typeid=i","cat":294776},{"id":137438,"n":"Aliment pondeuses 5kg","p":3.9,"u":"0,78 €/KG","img":"https://fd6-photos.leclercdrive.fr/image.ashx?id=2162633&use=l&cat=p&typeid=i","cat":284678},{"id":137515,"n":"Mini Roc Côte d'Or Praline - 195g","p":7.49,"u":"38,41 €/KG","img":"https://fd6-photos.leclercdrive.fr/image.ashx?id=2924791&use=l&cat=p&typeid=i","cat":327595},{"id":137516,"n":"Mini roc lait Côte d'Or 279g","p":10.78,"u":"38,64 €/KG","img":"https://fd6-photos.leclercdrive.fr/image.ashx?id=2479465&use=l&cat=p&typeid=i","cat":327595},{"id":137522,"n":"Boite cadeau Toblerone assortiment mini toblerone 400g","p":14.9,"u":"37,25 €/KG","img":"https://fd6-photos.leclercdrive.fr/image.ashx?id=2861195&use=l&cat=p&typeid=i","cat":327595},{"id":137525,"n":"Galak Chocolat Noël  Moulage Renne - 88g","p":2.86,"u":"32,50 €/KG","img":"https://fd6-photos.leclercdrive.fr/image.ashx?id=2570604&use=l&cat=p&typeid=i","cat":327592},{"id":137567,"n":"Père Noel Smarties Vert - 85g","p":2.98,"u":"35,06 €/KG","img":"https://fd6-photos.leclercdrive.fr/image.ashx?id=1985745&use=l&cat=p&typeid=i","cat":284958},{"id":137578,"n":"Jambon foué Paul Predault A l'os - 4 tranches - 240g","p":4.24,"u":"17,67 €/KG","img":"https://fd6-photos.leclercdrive.fr/image.ashx?id=1987839&use=l&cat=p&typeid=i","cat":316009},{"id":137667,"n":"Yaourts brassé Bio Village Bio framboise - x4 - 500g","p":1.85,"u":"3,70 €/KG","img":"https://fd6-photos.leclercdrive.fr/image.ashx?id=2804196&use=l&cat=p&typeid=i","cat":284410},{"id":137669,"n":"Croquette chiens Mix  Fido Volaille/légumes - 2.5kg","p":5.89,"u":"2,36 €/KG","img":"https://fd6-photos.leclercdrive.fr/image.ashx?id=2973309&use=l&cat=p&typeid=i","cat":284672},{"id":137680,"n":"Croquette pour chien  Fido Croq' Mix boeuf et légumes 3kg","p":6.3,"u":"2,10 €/KG","img":"https://fd6-photos.leclercdrive.fr/image.ashx?id=2973306&use=l&cat=p&typeid=i","cat":284672},{"id":137682,"n":"Croquette pour chiens Fido Mix Poulet Légumes - 12 kg","p":22.12,"u":"1,84 €/KG","img":"https://fd6-photos.leclercdrive.fr/image.ashx?id=2973300&use=l&cat=p&typeid=i","cat":284672},{"id":137686,"n":"Croquette pour chiens Fido Boeuf & légumes - 7kg","p":14.38,"u":"2,05 €/KG","img":"https://fd6-photos.leclercdrive.fr/image.ashx?id=2973297&use=l&cat=p&typeid=i","cat":284672},{"id":137700,"n":"Compote Douceur du Verger Coupelle fruits rouges -16x100g","p":4.21,"u":"2,63 €/KG","img":"https://fd6-photos.leclercdrive.fr/image.ashx?id=2663560&use=l&cat=p&typeid=i","cat":284508},{"id":137702,"n":"Compote Douceur du Verger Coupelle fruits jaunes -16x100g","p":3.97,"u":"2,48 €/KG","img":"https://fd6-photos.leclercdrive.fr/image.ashx?id=2834890&use=l&cat=p&typeid=i","cat":284508},{"id":137703,"n":"Compote Douceur du Verger Coupelle pomme - 16x100g","p":3.55,"u":"2,22 €/KG","img":"https://fd6-photos.leclercdrive.fr/image.ashx?id=2991452&use=l&cat=p&typeid=i","cat":284508},{"id":137713,"n":"Préparation Flan Entremets alsa Chocolat - 192g","p":1.96,"u":"8,45 €/KG","img":"https://fd6-photos.leclercdrive.fr/image.ashx?id=2842546&use=l&cat=p&typeid=i","cat":284505},{"id":137733,"n":"Gnocchi à Poeler Turini 700g","p":1.99,"u":"2,84 €/KG","img":"https://fd6-photos.leclercdrive.fr/image.ashx?id=3014377&use=l&cat=p&typeid=i","cat":333682},{"id":137746,"n":"Gourmet Purina Poulet / Dinde - 8x85g","p":6.12,"u":"9,00 €/KG","img":"https://fd6-photos.leclercdrive.fr/image.ashx?id=2896795&use=l&cat=p&typeid=i","cat":285286},{"id":137754,"n":"Barquettes chat Gourmet  Coffret de la mer - 8x85g","p":6.03,"u":"8,87 €/KG","img":"https://fd6-photos.leclercdrive.fr/image.ashx?id=2861770&use=l&cat=p&typeid=i","cat":285286},{"id":137757,"n":"Tarte aux poireaux Marie Gratinée à l'Emmental - 400g","p":3.43,"u":"8,58 €/KG","img":"https://fd6-photos.leclercdrive.fr/image.ashx?id=2996680&use=l&cat=p&typeid=i","cat":284257},{"id":137769,"n":"Soupe liquide brique Liebig  Poireaux Pomme de Terre 2x30cl","p":1.97,"u":"3,28 €/L","img":"https://fd6-photos.leclercdrive.fr/image.ashx?id=2864327&use=l&cat=p&typeid=i","cat":284462},{"id":137772,"n":"Pancakes La fournée Dorée 350g","p":2.56,"u":"7,31 €/KG","img":"https://fd6-photos.leclercdrive.fr/image.ashx?id=2581502&use=l&cat=p&typeid=i","cat":284495},{"id":137777,"n":"Haricots verts Bonduelle Extra Fins 440g","p":1.91,"u":"4,34 €/KG","img":"https://fd6-photos.leclercdrive.fr/image.ashx?id=2943927&use=l&cat=p&typeid=i","cat":312606},{"id":137794,"n":"Liqueur Amaretto Giffard 25% vol - 50cl","p":8.16,"u":"16,32 €/L","img":"https://fd6-photos.leclercdrive.fr/image.ashx?id=1987083&use=l&cat=p&typeid=i","cat":286032},{"id":137855,"n":"Litière chats Tous Mes Amis Agglomérante végétale - 7L","p":5.68,"u":"0,81 €/L","img":"https://fd6-photos.leclercdrive.fr/image.ashx?id=2055226&use=l&cat=p&typeid=i","cat":284683},{"id":137857,"n":"Petits Pois Bonduelle Sans Arôme Ajouté 280g","p":1.23,"u":"4,39 €/KG","img":"https://fd6-photos.leclercdrive.fr/image.ashx?id=2913157&use=l&cat=p&typeid=i","cat":312607},{"id":137860,"n":"Riz long blanchi Eco+ 1kg","p":1.22,"u":"1,22 €/KG","img":"https://fd6-photos.leclercdrive.fr/image.ashx?id=2076622&use=l&cat=p&typeid=i","cat":284428},{"id":137861,"n":"Thé noir bio Bio Village English Breakfast x20 - 36g","p":1.25,"u":"34,72 €/KG","img":"https://fd6-photos.leclercdrive.fr/image.ashx?id=1987003&use=l&cat=p&typeid=i","cat":293233},{"id":137862,"n":"Riz long étuvé Eco+ 1kg","p":1.35,"u":"1,35 €/KG","img":"https://fd6-photos.leclercdrive.fr/image.ashx?id=2076625&use=l&cat=p&typeid=i","cat":284428},{"id":137864,"n":"Riz long étuvé Eco+ 4x125g","p":0.87,"u":"1,74 €/KG","img":"https://fd6-photos.leclercdrive.fr/image.ashx?id=1991126&use=l&cat=p&typeid=i","cat":284428},{"id":137865,"n":"Compote SSA Douceur du Verger Gourdes Pomme Poire - 4x90g","p":1.23,"u":"3,42 €/KG","img":"https://fd6-photos.leclercdrive.fr/image.ashx?id=2837069&use=l&cat=p&typeid=i","cat":284508},{"id":137866,"n":"Compotes Douceur du Verger Pomme Banane - 4x90g","p":1.39,"u":"3,86 €/KG","img":"https://fd6-photos.leclercdrive.fr/image.ashx?id=2837066&use=l&cat=p&typeid=i","cat":284508},{"id":137883,"n":"Rillettes thon Ronde des Mers 220g","p":2.64,"u":"12,00 €/KG","img":"https://fd6-photos.leclercdrive.fr/image.ashx?id=2436693&use=l&cat=p&typeid=i","cat":284451},{"id":137892,"n":"Biscottes bio Bio Village sans sel ni sucres ajoutés 100g","p":2.09,"u":"6,97 €/KG","img":"https://fd6-photos.leclercdrive.fr/image.ashx?id=1987015&use=l&cat=p&typeid=i","cat":284479},{"id":137897,"n":"Bretzels bio Bio Village 150g","p":1.99,"u":"13,27 €/KG","img":"https://fd6-photos.leclercdrive.fr/image.ashx?id=2390663&use=l&cat=p&typeid=i","cat":297000},{"id":137900,"n":"Barres de céréales Grainéa Chocolat noir x6 - 126g","p":1.39,"u":"11,03 €/KG","img":"https://fd6-photos.leclercdrive.fr/image.ashx?id=2721370&use=l&cat=p&typeid=i","cat":285869},{"id":137904,"n":"Barre de céréales Grainea 126g","p":1.39,"u":"11,03 €/KG","img":"https://fd6-photos.leclercdrive.fr/image.ashx?id=2724598&use=l&cat=p&typeid=i","cat":285869},{"id":137907,"n":"Compote Douceur du Verger Coupelle pomme mangue - 4x100g","p":1.45,"u":"3,63 €/KG","img":"https://fd6-photos.leclercdrive.fr/image.ashx?id=2663548&use=l&cat=p&typeid=i","cat":284508},{"id":137908,"n":"Sardines Pêche Océan Citron basilic  135g","p":1.32,"u":"9,78 €/KG","img":"https://fd6-photos.leclercdrive.fr/image.ashx?id=2518520&use=l&cat=p&typeid=i","cat":305146},{"id":137910,"n":"Compote Douceur du Verger Gourdes multivariétés - 20x90g","p":6.09,"u":"3,38 €/KG","img":"https://fd6-photos.leclercdrive.fr/image.ashx?id=2805045&use=l&cat=p&typeid=i","cat":284508},{"id":137930,"n":"Bûches prêt à l'emploi 30-33cm 100% feuillus - 18 dm3","p":7.9,"img":"https://fd6-photos.leclercdrive.fr/image.ashx?id=1990788&use=l&cat=p&typeid=i","cat":300577},{"id":137957,"n":"Maïs ultra croquant D'Aucy 285g","p":1.06,"u":"3,72 €/KG","img":"https://fd6-photos.leclercdrive.fr/image.ashx?id=2380454&use=l&cat=p&typeid=i","cat":312611},{"id":137958,"n":"Cocktail Venezzio Spritz Orange Sans alcool - 4x20cl","p":4.05,"u":"5,06 €/L","img":"https://fd6-photos.leclercdrive.fr/image.ashx?id=2896528&use=l&cat=p&typeid=i","cat":284913},{"id":137970,"n":"Carottes râpées à la ciboulette Pierre Martinet - 300g","p":1.58,"u":"5,27 €/KG","img":"https://fd6-photos.leclercdrive.fr/image.ashx?id=2990535&use=l&cat=p&typeid=i","cat":333657},{"id":137971,"n":"Carottes rapées à la Ciboulette Pierre Martinet - 510g","p":2.0,"u":"3,92 €/KG","img":"https://fd6-photos.leclercdrive.fr/image.ashx?id=2990532&use=l&cat=p&typeid=i","cat":333657},{"id":137987,"n":"Café dosettes Tassimo Maxwell House - cappuccino x8","p":5.76,"u":"27,69 €/KG","img":"https://fd6-photos.leclercdrive.fr/image.ashx?id=2154815&use=l&cat=p&typeid=i","cat":293240},{"id":137988,"n":"Préparation Tablier Blanc Frangipane - 200g","p":2.67,"u":"13,35 €/KG","img":"https://fd6-photos.leclercdrive.fr/image.ashx?id=2460628&use=l&cat=p&typeid=i","cat":284504},{"id":137989,"n":"Oeufs de lompe noirs et rouges Royal Sweden - 2x80g","p":7.5,"u":"46,88 €/KG","img":"https://fd6-photos.leclercdrive.fr/image.ashx?id=2938911&use=l&cat=p&typeid=i","cat":285191},{"id":138050,"n":"Grandes coquillettes Lustucru Aux oeufs - 250g","p":1.07,"u":"4,28 €/KG","img":"https://fd6-photos.leclercdrive.fr/image.ashx?id=2033106&use=l&cat=p&typeid=i","cat":284427},{"id":138051,"n":"Lasagnes Lustucru Aux œufs - 250g","p":1.32,"u":"5,28 €/KG","img":"https://fd6-photos.leclercdrive.fr/image.ashx?id=2023182&use=l&cat=p&typeid=i","cat":284427},{"id":138054,"n":"Macaroni Lustucru Aux oeufs - 500g","p":1.82,"u":"3,64 €/KG","img":"https://fd6-photos.leclercdrive.fr/image.ashx?id=2033109&use=l&cat=p&typeid=i","cat":284427},{"id":138092,"n":"Cordons bleus Maître coq Poulet raclette - 800g","p":6.67,"u":"8,34 €/KG","img":"https://fd6-photos.leclercdrive.fr/image.ashx?id=2426902&use=l&cat=p&typeid=i","cat":333683},{"id":138134,"n":"Nettoyant multi-usage Carolin Pivoine et musc - 1L","p":2.61,"u":"2,61 €/L","img":"https://fd6-photos.leclercdrive.fr/image.ashx?id=2494668&use=l&cat=p&typeid=i","cat":284907},{"id":138152,"n":"Recharge Rubson Go J'absorbe, Je parfume boisé x1","p":6.34,"img":"https://fd6-photos.leclercdrive.fr/image.ashx?id=2563505&use=l&cat=p&typeid=i","cat":300576},{"id":138159,"n":"Chargeur Basic' Foxter avec 2 accumulateurs","p":10.5,"u":"Dont 0,10 € d'éco-part.","img":"https://fd6-photos.leclercdrive.fr/image.ashx?id=2039000&use=l&cat=p&typeid=i","cat":300572},{"id":138164,"n":"Piles rechargeables Foxter R20 300mAh chargé - x1","p":7.99,"img":"https://fd6-photos.leclercdrive.fr/image.ashx?id=2034166&use=l&cat=p&typeid=i","cat":300572},{"id":138193,"n":"Fromage blanc bébé Blédina 6m Vanille - 4x100g","p":3.05,"u":"7,63 €/KG","img":"https://fd6-photos.leclercdrive.fr/image.ashx?id=2636817&use=l&cat=p&typeid=i","cat":312392},{"id":138199,"n":"Repas bébé Blédichef 15 mois  Colombo de riz poisson - 250g","p":2.0,"u":"8,00 €/KG","img":"https://fd6-photos.leclercdrive.fr/image.ashx?id=2951599&use=l&cat=p&typeid=i","cat":312238},{"id":138200,"n":"Repas bébé Blédichef 15 mois  Tajine légumes poulet - 250g","p":1.88,"u":"7,52 €/KG","img":"https://fd6-photos.leclercdrive.fr/image.ashx?id=2951602&use=l&cat=p&typeid=i","cat":312238},{"id":138304,"n":"Fromage apéritif Apéricube Incontournables apéro 48 cubes","p":4.18,"u":"16,72 €/KG","img":"https://fd6-photos.leclercdrive.fr/image.ashx?id=2882671&use=l&cat=p&typeid=i","cat":314027},{"id":138537,"n":"Coloration Casting Crème Gloss  400 Châtain Craquant","p":8.61,"img":"https://fd6-photos.leclercdrive.fr/image.ashx?id=2869080&use=l&cat=p&typeid=i","cat":288899},{"id":138621,"n":"Whisky Togouchi Beer C. Finish 40% - 70cl","p":37.89,"pp":32.89,"u":"46,99 €/L","img":"https://fd6-photos.leclercdrive.fr/image.ashx?id=2966764&use=l&cat=p&typeid=i","cat":284547},{"id":138669,"n":"Masque reconstructeur Elsève Dream Long Cheveu Abîmé - 310ml","p":5.22,"u":"16,84 €/L","img":"https://fd6-photos.leclercdrive.fr/image.ashx?id=2278139&use=l&cat=p&typeid=i","cat":284608},{"id":139255,"n":"Ballotin chocolat  Abtey Royal des lys x17 220g","p":6.58,"u":"29,91 €/KG","img":"https://fd6-photos.leclercdrive.fr/image.ashx?id=2662718&use=l&cat=p&typeid=i","cat":327601},{"id":139339,"n":"Sachet père noel foot Rohan Père noel et ballons 225g","p":5.94,"u":"26,40 €/KG","img":"https://fd6-photos.leclercdrive.fr/image.ashx?id=2900875&use=l&cat=p&typeid=i","cat":327592},{"id":139341,"n":"Bonhomme de neige Rohan 140g","p":3.46,"u":"24,71 €/KG","img":"https://fd6-photos.leclercdrive.fr/image.ashx?id=1995597&use=l&cat=p&typeid=i","cat":327592},{"id":139345,"n":"Sachet Père Noël x5 Rohan 150g","p":3.79,"u":"25,27 €/KG","img":"https://fd6-photos.leclercdrive.fr/image.ashx?id=2485925&use=l&cat=p&typeid=i","cat":327592},{"id":139395,"n":"Kinder chocolat mini mug  102g","p":8.59,"u":"84,22 €/KG","img":"https://fd6-photos.leclercdrive.fr/image.ashx?id=2940519&use=l&cat=p&typeid=i","cat":327592},{"id":139453,"n":"KitKat Chocolat Noël Moulage Père Noël - 85g","p":2.98,"u":"35,06 €/KG","img":"https://fd6-photos.leclercdrive.fr/image.ashx?id=2901575&use=l&cat=p&typeid=i","cat":327592},{"id":139855,"n":"Masques faciaux enfants jetables - type II - x50","p":2.1,"u":"0,04 €/P","img":"https://fd6-photos.leclercdrive.fr/image.ashx?id=2411231&use=l&cat=p&typeid=i","cat":284630},{"id":139905,"n":"Oeufs au sol Eco+ x10","p":1.78,"u":"0,18 €/P","img":"https://fd6-photos.leclercdrive.fr/image.ashx?id=2724814&use=l&cat=p&typeid=i","cat":284378},{"id":141078,"n":"Clémentine de Corse bio Bio Village Barquette 500g","p":3.99,"u":"7,98 €/KG","img":"https://fd6-photos.leclercdrive.fr/image.ashx?id=2552011&use=l&cat=p&typeid=i","cat":284356},{"id":141129,"n":"Bonbon Giga Twisty Renne de Noël - 65g","p":1.95,"u":"30,00 €/KG","img":"https://fd6-photos.leclercdrive.fr/image.ashx?id=2803963&use=l&cat=p&typeid=i","cat":327592},{"id":141131,"n":"Bonbon Giga Twisty Sapin de noel -  65g","p":1.95,"u":"30,00 €/KG","img":"https://fd6-photos.leclercdrive.fr/image.ashx?id=2025686&use=l&cat=p&typeid=i","cat":327592},{"id":141132,"n":"Bonbon Giga Twisty Père Noel -  65g","p":1.95,"u":"30,00 €/KG","img":"https://fd6-photos.leclercdrive.fr/image.ashx?id=2025692&use=l&cat=p&typeid=i","cat":327592},{"id":141162,"n":"Fond de veau Maggi 110g","p":2.39,"u":"21,73 €/KG","img":"https://fd6-photos.leclercdrive.fr/image.ashx?id=2917546&use=l&cat=p&typeid=i","cat":288379},{"id":141809,"n":"Friandise pour chat Dentalife Poulet - 40g","p":1.47,"u":"36,75 €/KG","img":"https://fd6-photos.leclercdrive.fr/image.ashx?id=2424716&use=l&cat=p&typeid=i","cat":285285},{"id":142196,"n":"Fouet Homeside 1 pièce","p":3.69,"img":"https://fd6-photos.leclercdrive.fr/image.ashx?id=2017533&use=l&cat=p&typeid=i","cat":334135},{"id":142197,"n":"Poche à décorer Homeside Avec douilles - 1 pièce","p":2.9,"img":"https://fd6-photos.leclercdrive.fr/image.ashx?id=2017539&use=l&cat=p&typeid=i","cat":334135},{"id":142199,"n":"Spatule pâtisserie Homeside 1 pièce","p":1.9,"img":"https://fd6-photos.leclercdrive.fr/image.ashx?id=2017542&use=l&cat=p&typeid=i","cat":334135},{"id":142200,"n":"Planche à découper Homeside 1 pièce","p":4.0,"img":"https://fd6-photos.leclercdrive.fr/image.ashx?id=2017593&use=l&cat=p&typeid=i","cat":334135},{"id":142202,"n":"Tire Bouchon Homeside Limonadier - 1 pièce","p":1.69,"img":"https://fd6-photos.leclercdrive.fr/image.ashx?id=2017518&use=l&cat=p&typeid=i","cat":334135},{"id":142204,"n":"Allume gaz Homeside 1 pièce","p":3.99,"img":"https://fd6-photos.leclercdrive.fr/image.ashx?id=2017554&use=l&cat=p&typeid=i","cat":334135},{"id":142205,"n":"Mini piques brochettes Homeside 1 pièce","p":0.64,"img":"https://fd6-photos.leclercdrive.fr/image.ashx?id=2017503&use=l&cat=p&typeid=i","cat":334135},{"id":142206,"n":"Piques brochettes Homeside 25cm - 1 pièce","p":0.62,"img":"https://fd6-photos.leclercdrive.fr/image.ashx?id=2017500&use=l&cat=p&typeid=i","cat":334135},{"id":142207,"n":"Casse noix/crustacés Homeside 1 pièce","p":4.49,"img":"https://fd6-photos.leclercdrive.fr/image.ashx?id=2017569&use=l&cat=p&typeid=i","cat":334135},{"id":142210,"n":"Couteau à huîtres Homeside 1 pièce","p":2.1,"img":"https://fd6-photos.leclercdrive.fr/image.ashx?id=2017581&use=l&cat=p&typeid=i","cat":334135},{"id":142213,"n":"Gant de cuisine Homeside 1 pièce","p":5.5,"img":"https://fd6-photos.leclercdrive.fr/image.ashx?id=2017566&use=l&cat=p&typeid=i","cat":334135},{"id":142218,"n":"Pinceau de cuisine Homeside 1 pièce","p":0.82,"img":"https://fd6-photos.leclercdrive.fr/image.ashx?id=2017536&use=l&cat=p&typeid=i","cat":334135},{"id":142219,"n":"Cure-dents Homeside x2 boîtes","p":1.0,"u":"0,50 €/P","img":"https://fd6-photos.leclercdrive.fr/image.ashx?id=2026331&use=l&cat=p&typeid=i","cat":334135},{"id":142220,"n":"Cuillère à glace Homeside 1 pièce","p":3.99,"img":"https://fd6-photos.leclercdrive.fr/image.ashx?id=2017530&use=l&cat=p&typeid=i","cat":334135},{"id":142222,"n":"Râpe  Homeside 1 pièce","p":2.59,"img":"https://fd6-photos.leclercdrive.fr/image.ashx?id=2017614&use=l&cat=p&typeid=i","cat":334135},{"id":142223,"n":"Rinces doigts Homeside 1 pièce","p":1.9,"img":"https://fd6-photos.leclercdrive.fr/image.ashx?id=2017623&use=l&cat=p&typeid=i","cat":334135},{"id":142228,"n":"Pailles en papier Homeside x24","p":1.05,"u":"0,04 €/P","img":"https://fd6-photos.leclercdrive.fr/image.ashx?id=2017620&use=l&cat=p&typeid=i","cat":334135},{"id":142229,"n":"Cuillère à infusion Homeside 1 pièce","p":1.49,"img":"https://fd6-photos.leclercdrive.fr/image.ashx?id=2017515&use=l&cat=p&typeid=i","cat":334135},{"id":142230,"n":"Filtre à café Homeside 1 pièce","p":2.5,"img":"https://fd6-photos.leclercdrive.fr/image.ashx?id=2017512&use=l&cat=p&typeid=i","cat":334135},{"id":142232,"n":"Caissettes à gâteaux Homeside 1 pièce","p":2.9,"img":"https://fd6-photos.leclercdrive.fr/image.ashx?id=2017524&use=l&cat=p&typeid=i","cat":334135},{"id":142978,"n":"Compotes Douceur du Verger Panachées - 16x100g","p":3.85,"u":"2,41 €/KG","img":"https://fd6-photos.leclercdrive.fr/image.ashx?id=2026857&use=l&cat=p&typeid=i","cat":284416},{"id":142999,"n":"Cassolette saint jacques Tipiak Royale - 2x110g","p":5.89,"u":"26,77 €/KG","img":"https://fd6-photos.leclercdrive.fr/image.ashx?id=2798096&use=l&cat=p&typeid=i","cat":319775},{"id":143001,"n":"Dosettes café Plantation CLassique - x60 - 416g","p":6.09,"u":"14,64 €/KG","img":"https://fd6-photos.leclercdrive.fr/image.ashx?id=2824289&use=l&cat=p&typeid=i","cat":293238},{"id":143180,"n":"Coquilles Saint-Jacques Tipiak à la Normande - 10x90g","p":14.02,"u":"15,58 €/KG","img":"https://fd6-photos.leclercdrive.fr/image.ashx?id=2614098&use=l&cat=p&typeid=i","cat":319775},{"id":143237,"n":"Piles Eco+ AAA/LR3 - x8","p":1.27,"img":"https://fd6-photos.leclercdrive.fr/image.ashx?id=2036221&use=l&cat=p&typeid=i","cat":300572},{"id":143238,"n":"Piles Eco+ AA/LR06 - x8","p":1.27,"img":"https://fd6-photos.leclercdrive.fr/image.ashx?id=2036224&use=l&cat=p&typeid=i","cat":300572},{"id":143344,"n":"Biscottes Eco+ 90 tranches - 750g","p":2.08,"u":"2,77 €/KG","img":"https://fd6-photos.leclercdrive.fr/image.ashx?id=2662580&use=l&cat=p&typeid=i","cat":284479},{"id":143345,"n":"Biscottes Epi d'Or x108 - 900g","p":2.52,"u":"2,80 €/KG","img":"https://fd6-photos.leclercdrive.fr/image.ashx?id=2532847&use=l&cat=p&typeid=i","cat":284479},{"id":143347,"n":"Boisson instantanée cacao Tablette d'Or - 400g","p":1.95,"u":"4,88 €/KG","img":"https://fd6-photos.leclercdrive.fr/image.ashx?id=2038717&use=l&cat=p&typeid=i","cat":293235},{"id":143349,"n":"Infusion detox Bio Village Bio - x20","p":1.87,"u":"62,33 €/KG","img":"https://fd6-photos.leclercdrive.fr/image.ashx?id=2672960&use=l&cat=p&typeid=i","cat":293234},{"id":143375,"n":"Eau minérale naturelle St Amand Gazeuse - 6x50cl","p":2.07,"u":"0,69 €/L","img":"https://fd6-photos.leclercdrive.fr/image.ashx?id=2226334&use=l&cat=p&typeid=i","cat":284536},{"id":143379,"n":"Grain d'orge Brassin de Noël 12x25cl","p":8.49,"pp":6.37,"u":"2,12 €/L","img":"https://fd6-photos.leclercdrive.fr/image.ashx?id=2599239&use=l&cat=p&typeid=i","cat":334872},{"id":143390,"n":"Arrangé litchi Chatel 40° - 75cl","p":18.95,"pp":15.95,"u":"21,27 €/L","img":"https://fd6-photos.leclercdrive.fr/image.ashx?id=2277203&use=l&cat=p&typeid=i","cat":284551},{"id":143460,"n":"Cassolettes St Jacques Tipiak Crème Sauternes - x2 - 220g","p":5.89,"u":"26,77 €/KG","img":"https://fd6-photos.leclercdrive.fr/image.ashx?id=2030018&use=l&cat=p&typeid=i","cat":319775},{"id":143477,"n":"Dessert liégeois Viennois  Café - 4x100g","p":1.57,"u":"3,93 €/KG","img":"https://fd6-photos.leclercdrive.fr/image.ashx?id=2692110&use=l&cat=p&typeid=i","cat":285042},{"id":143478,"n":"Dessert liégeois Viennois  Chocolat - 4x100g","p":1.57,"u":"3,93 €/KG","img":"https://fd6-photos.leclercdrive.fr/image.ashx?id=2849689&use=l&cat=p&typeid=i","cat":285042},{"id":143506,"n":"IGP Ail rose de Lautrec  Nos Régions ont du Talent x3","p":4.59,"u":"1,53 €/P","img":"https://fd6-photos.leclercdrive.fr/image.ashx?id=2039599&use=l&cat=p&typeid=i","cat":284352},{"id":143528,"n":"Dessert liégeois Viennois  Panaché Chocolat Café - 8x100g","p":2.88,"u":"3,60 €/KG","img":"https://fd6-photos.leclercdrive.fr/image.ashx?id=2675298&use=l&cat=p&typeid=i","cat":285042},{"id":143584,"n":"Fleur de sel et poivre noir  Delpeyrat - 25g","p":2.75,"u":"110,00 €/KG","img":"https://fd6-photos.leclercdrive.fr/image.ashx?id=2029634&use=l&cat=p&typeid=i","cat":284457},{"id":143602,"n":"Barres de céréales Grainéa Chocolat lait, noisette x6-126g","p":1.63,"u":"12,94 €/KG","img":"https://fd6-photos.leclercdrive.fr/image.ashx?id=2912875&use=l&cat=p&typeid=i","cat":285869},{"id":143603,"n":"Barre de céréales Grainéa Fruits rouges x6 - 126g","p":1.4,"u":"11,11 €/KG","img":"https://fd6-photos.leclercdrive.fr/image.ashx?id=2912869&use=l&cat=p&typeid=i","cat":285869},{"id":143605,"n":"Barre de céréales Chocolat au lait & coco - 126g","p":1.7,"u":"13,49 €/KG","img":"https://fd6-photos.leclercdrive.fr/image.ashx?id=2912872&use=l&cat=p&typeid=i","cat":285869},{"id":143717,"n":"Coquilles St-Jacques bretonne 50% de noix OFG - 360g","p":10.99,"pp":8.24,"u":"22,89 €/KG","img":"https://fd6-photos.leclercdrive.fr/image.ashx?id=2531898&use=l&cat=p&typeid=i","cat":319775},{"id":143723,"n":"Givre de sel Delpeyrat et piment d'espelette - 25g","p":2.75,"u":"110,00 €/KG","img":"https://fd6-photos.leclercdrive.fr/image.ashx?id=2812675&use=l&cat=p&typeid=i","cat":305149},{"id":143728,"n":"Compotée d'oignon Delpeyrat miel d'acacia - 50g","p":1.95,"u":"39,00 €/KG","img":"https://fd6-photos.leclercdrive.fr/image.ashx?id=2812672&use=l&cat=p&typeid=i","cat":305148},{"id":143807,"n":"Foie gras canard Larnaudie Origine france entier - 220g","p":29.97,"u":"136,23 €/KG","img":"https://fd6-photos.leclercdrive.fr/image.ashx?id=2916779&use=l&cat=p&typeid=i","cat":316008},{"id":143812,"n":"Tomates farcies Marie Riz à la tomate - 360g","p":3.79,"u":"10,53 €/KG","img":"https://fd6-photos.leclercdrive.fr/image.ashx?id=2317483&use=l&cat=p&typeid=i","cat":333665},{"id":143840,"n":"Giga Candy canes Fizzy 50g","p":1.3,"u":"26,00 €/KG","img":"https://fd6-photos.leclercdrive.fr/image.ashx?id=2426439&use=l&cat=p&typeid=i","cat":327592},{"id":144367,"n":"Copeaux savon Marseille  UNI VERT - 750g","p":3.9,"u":"5,20 €/KG","img":"https://fd6-photos.leclercdrive.fr/image.ashx?id=2574470&use=l&cat=p&typeid=i","cat":325365},{"id":144475,"n":"Compote Charles & Alice Pommes - 8x100g","p":2.71,"u":"3,39 €/KG","img":"https://fd6-photos.leclercdrive.fr/image.ashx?id=2757689&use=l&cat=p&typeid=i","cat":284416},{"id":144620,"n":"Bière La Goudale grand cru Magnum - 1.5L","p":9.5,"u":"6,33 €/L","img":"https://fd6-photos.leclercdrive.fr/image.ashx?id=2877844&use=l&cat=p&typeid=i","cat":334872},{"id":144636,"n":"Boisson énergisante Monster Energy Pacific Punch - 50CL","p":1.69,"u":"3,38 €/L","img":"https://fd6-photos.leclercdrive.fr/image.ashx?id=2148407&use=l&cat=p&typeid=i","cat":284533},{"id":144659,"n":"Rillettes thon MSC Cap Océan Piment d'espelette - 140g","p":1.88,"u":"13,43 €/KG","img":"https://fd6-photos.leclercdrive.fr/image.ashx?id=2938770&use=l&cat=p&typeid=i","cat":285191},{"id":144715,"n":"Mini-beurre Paysan Breton Doux x20 - 82%MG - 200g","p":3.17,"u":"15,85 €/KG","img":"https://fd6-photos.leclercdrive.fr/image.ashx?id=2774568&use=l&cat=p&typeid=i","cat":284379},{"id":144773,"n":"Yaourt ferments lactiques Alsa 4 sachets - 8g","p":2.76,"u":"345,00 €/KG","img":"https://fd6-photos.leclercdrive.fr/image.ashx?id=2813875&use=l&cat=p&typeid=i","cat":284505},{"id":144779,"n":"Pizza XXL Fromage - 520g","p":3.71,"u":"7,13 €/KG","img":"https://fd6-photos.leclercdrive.fr/image.ashx?id=2034944&use=l&cat=p&typeid=i","cat":333679},{"id":144781,"n":"Pizza XXL Turini Boeuf Cheddar - 530g","p":4.19,"u":"7,91 €/KG","img":"https://fd6-photos.leclercdrive.fr/image.ashx?id=2905934&use=l&cat=p&typeid=i","cat":333679},{"id":144784,"n":"Pizza XXL Turini Jambon Fromage - 550g","p":3.79,"u":"6,89 €/KG","img":"https://fd6-photos.leclercdrive.fr/image.ashx?id=2905937&use=l&cat=p&typeid=i","cat":333679},{"id":144834,"n":"Dosettes café Plantation  Corsé - x60 - 417g","p":5.79,"u":"13,88 €/KG","img":"https://fd6-photos.leclercdrive.fr/image.ashx?id=2824292&use=l&cat=p&typeid=i","cat":293238},{"id":144920,"n":"AOC Bordeaux rouge Roumaguet - 75cl","p":4.29,"u":"5,72 €/L","img":"https://fd6-photos.leclercdrive.fr/image.ashx?id=2370104&use=l&cat=p&typeid=i","cat":289556},{"id":144923,"n":"AOP Bordeaux blanc Roumaguet - 75cl","p":5.13,"u":"6,84 €/L","img":"https://fd6-photos.leclercdrive.fr/image.ashx?id=2370107&use=l&cat=p&typeid=i","cat":289557},{"id":144981,"n":"Agneau 2x gigot*** Tranché à griller - 2x250g","p":13.77,"u":"27,54 €/KG","img":"https://fd6-photos.leclercdrive.fr/image.ashx?id=619322&use=l&cat=p&typeid=i","cat":284330},{"id":144995,"n":"Veau sauté sans os *** A mijoter -  600g","p":14.46,"u":"24,10 €/KG","img":"https://fd6-photos.leclercdrive.fr/image.ashx?id=619034&use=l&cat=p&typeid=i","cat":284329},{"id":144996,"n":"Viande bovine bourguignon*** à mijoter - 650g","p":17.16,"u":"26,40 €/KG","img":"https://fd6-photos.leclercdrive.fr/image.ashx?id=659562&use=l&cat=p&typeid=i","cat":284328},{"id":144997,"n":"Viande bovine 6x steak * à griller - 880g","p":24.24,"u":"27,55 €/KG","img":"https://fd6-photos.leclercdrive.fr/image.ashx?id=659550&use=l&cat=p&typeid=i","cat":284328},{"id":145000,"n":"Viande bovine faux filet *** à griller - 500g","p":16.65,"u":"33,30 €/KG","img":"https://fd6-photos.leclercdrive.fr/image.ashx?id=1495725&use=l&cat=p&typeid=i","cat":284328},{"id":145004,"n":"Viande bovine 1x faux filet *** à griller - 260g","p":8.66,"u":"33,31 €/KG","img":"https://fd6-photos.leclercdrive.fr/image.ashx?id=659566&use=l&cat=p&typeid=i","cat":284328},{"id":145041,"n":"Dattes Couleurs Vives Moelleuses - 250g","p":1.99,"u":"7,96 €/KG","img":"https://fd6-photos.leclercdrive.fr/image.ashx?id=2543938&use=l&cat=p&typeid=i","cat":284357},{"id":145065,"n":"Dés fromage Origan Basilic Les Croisés - 300g","p":2.83,"u":"9,43 €/KG","img":"https://fd6-photos.leclercdrive.fr/image.ashx?id=2744243&use=l&cat=p&typeid=i","cat":314027},{"id":145070,"n":"PIzza l'ovale Sodebo Chorizo poivrons - 200g","p":1.87,"u":"9,35 €/KG","img":"https://fd6-photos.leclercdrive.fr/image.ashx?id=2438567&use=l&cat=p&typeid=i","cat":333679},{"id":145107,"n":"Rasoir 3 lames Gillette Mach 3 - 1 pièce","p":15.0,"img":"https://fd6-photos.leclercdrive.fr/image.ashx?id=2542612&use=l&cat=p&typeid=i","cat":284616},{"id":145109,"n":"Rasoir 3 lames Gillette Fusion 5 - 1 pièce","p":14.68,"img":"https://fd6-photos.leclercdrive.fr/image.ashx?id=2542621&use=l&cat=p&typeid=i","cat":284616},{"id":145115,"n":"Anti-moustiques Labo Marie Rose Répulsif & apaisant 6h - 100ml","p":6.71,"u":"67,10 €/L","img":"https://fd6-photos.leclercdrive.fr/image.ashx?id=2666743&use=l&cat=p&typeid=i","cat":299654},{"id":145117,"n":"Coupe-ongles Mercurochrome 1 pièce","p":4.4,"img":"https://fd6-photos.leclercdrive.fr/image.ashx?id=2665616&use=l&cat=p&typeid=i","cat":325354},{"id":145120,"n":"Préservatifs Classic Lubrifiés - x14","p":4.64,"img":"https://fd6-photos.leclercdrive.fr/image.ashx?id=2848704&use=l&cat=p&typeid=i","cat":284631},{"id":145121,"n":"Préservatifs Classic Intimy Lubrifiés - x28","p":9.1,"u":"0,33 €/P","img":"https://fd6-photos.leclercdrive.fr/image.ashx?id=2927324&use=l&cat=p&typeid=i","cat":284631},{"id":145130,"n":"Rasoir Gillette Skinguard Sensitive aloé vera - 1 pièce","p":14.68,"img":"https://fd6-photos.leclercdrive.fr/image.ashx?id=2569914&use=l&cat=p&typeid=i","cat":284616},{"id":145132,"n":"Lames de rasoir Gillette Skinguard Sensitive - x6","p":20.47,"u":"3,41 €/P","img":"https://fd6-photos.leclercdrive.fr/image.ashx?id=2570622&use=l&cat=p&typeid=i","cat":284616},{"id":145205,"n":"Eau de roses Christian Lenart 200ml","p":3.98,"u":"19,90 €/L","img":"https://fd6-photos.leclercdrive.fr/image.ashx?id=2036140&use=l&cat=p&typeid=i","cat":284603},{"id":145217,"n":"Préservatifs Durex Confort XXL Extra Large Forme Droite x10","p":6.95,"u":"0,70 €/P","img":"https://fd6-photos.leclercdrive.fr/image.ashx?id=2862119&use=l&cat=p&typeid=i","cat":284631},{"id":145245,"n":"Pansements Mercurochrome Cors-portection - x12","p":4.49,"u":"0,37 €/P","img":"https://fd6-photos.leclercdrive.fr/image.ashx?id=2785829&use=l&cat=p&typeid=i","cat":284630},{"id":145250,"n":"Patchs chauffants Mercurochrome Décontractants grand format -x2","p":10.02,"u":"5,01 €/P","img":"https://fd6-photos.leclercdrive.fr/image.ashx?id=2923663&use=l&cat=p&typeid=i","cat":284630},{"id":145252,"n":"Tests grossesse Mercurochrome x3","p":10.38,"u":"3,46 €/P","img":"https://fd6-photos.leclercdrive.fr/image.ashx?id=2036533&use=l&cat=p&typeid=i","cat":324482},{"id":145255,"n":"Ciseaux à ongles Mercurochrome 1 pièce","p":3.8,"img":"https://fd6-photos.leclercdrive.fr/image.ashx?id=2788493&use=l&cat=p&typeid=i","cat":325354},{"id":145349,"n":"Purée Douceur du Verger Pomme banane - x4 - 400g","p":1.41,"u":"3,53 €/KG","img":"https://fd6-photos.leclercdrive.fr/image.ashx?id=2036728&use=l&cat=p&typeid=i","cat":284416},{"id":145355,"n":"Purée Douceur du Verger Pomme fraise - x4 - 400g","p":1.3,"u":"3,25 €/KG","img":"https://fd6-photos.leclercdrive.fr/image.ashx?id=3009797&use=l&cat=p&typeid=i","cat":284416},{"id":145386,"n":"Cerneaux de noix Bio  Bio Village - 125g","p":2.99,"u":"23,92 €/KG","img":"https://fd6-photos.leclercdrive.fr/image.ashx?id=2036809&use=l&cat=p&typeid=i","cat":284357},{"id":145409,"n":"Noisettes Bio Village Bio Décortiquées - 125g","p":2.36,"u":"18,88 €/KG","img":"https://fd6-photos.leclercdrive.fr/image.ashx?id=2036865&use=l&cat=p&typeid=i","cat":284357},{"id":145410,"n":"Amandes grillées Couleurs Vives Décortiquées - non salé - 250g","p":3.47,"u":"13,88 €/KG","img":"https://fd6-photos.leclercdrive.fr/image.ashx?id=2542929&use=l&cat=p&typeid=i","cat":284357},{"id":145411,"n":"Filet de cabillaud Pêche Océan MSC - x4 - 400g","p":7.89,"u":"19,73 €/KG","img":"https://fd6-photos.leclercdrive.fr/image.ashx?id=2930129&use=l&cat=p&typeid=i","cat":319786},{"id":145491,"n":"Peau chamoisée multiusage Tech9 Taille S - 30x45cm - 1 pièce","p":5.45,"img":"https://fd6-photos.leclercdrive.fr/image.ashx?id=2068417&use=l&cat=p&typeid=i","cat":298252},{"id":145492,"n":"Bière blonde Sant Erwann Originale - 75cl","p":3.72,"u":"4,96 €/L","img":"https://fd6-photos.leclercdrive.fr/image.ashx?id=2678053&use=l&cat=p&typeid=i","cat":334872},{"id":145500,"n":"Chips extra croquante Vico 150g","p":1.1,"u":"7,33 €/KG","img":"https://fd6-photos.leclercdrive.fr/image.ashx?id=2917822&use=l&cat=p&typeid=i","cat":284447},{"id":145513,"n":"Fond de veau Kubor Maggi Dégraissé - 100g","p":2.39,"u":"23,90 €/KG","img":"https://fd6-photos.leclercdrive.fr/image.ashx?id=2917540&use=l&cat=p&typeid=i","cat":288379},{"id":145516,"n":"Gourde bébé bio Bio Village Pomme poire vanille - 4x90g","p":2.79,"u":"7,75 €/KG","img":"https://fd6-photos.leclercdrive.fr/image.ashx?id=2704867&use=l&cat=p&typeid=i","cat":312393},{"id":145556,"n":"Crêpes Whaou Chocolat cracky - x15 - 480g","p":4.13,"u":"8,60 €/KG","img":"https://fd6-photos.leclercdrive.fr/image.ashx?id=2971032&use=l&cat=p&typeid=i","cat":284494},{"id":145559,"n":"Fond de volaille Maggi 110g","p":2.39,"u":"21,73 €/KG","img":"https://fd6-photos.leclercdrive.fr/image.ashx?id=2917549&use=l&cat=p&typeid=i","cat":288379},{"id":145561,"n":"Frites  Pom'lisse De patates douces - 600g","p":3.45,"u":"5,75 €/KG","img":"https://fd6-photos.leclercdrive.fr/image.ashx?id=2843797&use=l&cat=p&typeid=i","cat":319791},{"id":145563,"n":"Sirop d'érable bio Bio Village 250g","p":4.15,"u":"16,60 €/KG","img":"https://fd6-photos.leclercdrive.fr/image.ashx?id=2037860&use=l&cat=p&typeid=i","cat":287643},{"id":145598,"n":"Gourde bébé bio Bio Village Pomme Banane Myrtille - 4x90g","p":2.79,"u":"7,75 €/KG","img":"https://fd6-photos.leclercdrive.fr/image.ashx?id=2878759&use=l&cat=p&typeid=i","cat":312393},{"id":145810,"n":"Chocolat Peluche mix Kinder Renne -  133g","p":13.92,"u":"104,66 €/KG","img":"https://fd6-photos.leclercdrive.fr/image.ashx?id=2039380&use=l&cat=p&typeid=i","cat":327789},{"id":145881,"n":"Coulis de tomate NRT De Provence - 400g","p":1.31,"u":"3,28 €/KG","img":"https://fd6-photos.leclercdrive.fr/image.ashx?id=2840001&use=l&cat=p&typeid=i","cat":288384},{"id":145883,"n":"Sauce Provencale NRT Aux tomates - 400g","p":1.92,"u":"4,80 €/KG","img":"https://fd6-photos.leclercdrive.fr/image.ashx?id=2840004&use=l&cat=p&typeid=i","cat":288384},{"id":145884,"n":"Mogette cuite au naturel NRT De Vendée - 265g","p":1.69,"u":"6,38 €/KG","img":"https://fd6-photos.leclercdrive.fr/image.ashx?id=2771426&use=l&cat=p&typeid=i","cat":312606},{"id":145901,"n":"Film fraîcheur Albal Découpe Facile - 20m","p":1.99,"img":"https://fd6-photos.leclercdrive.fr/image.ashx?id=2551456&use=l&cat=p&typeid=i","cat":334134},{"id":145948,"n":"Yaourt brassés Délisse Fruits saison - 8x125g","p":2.75,"u":"2,75 €/KG","img":"https://fd6-photos.leclercdrive.fr/image.ashx?id=2995658&use=l&cat=p&typeid=i","cat":284410},{"id":146060,"n":"Gazpacho L'Original Alvalle 1L","p":3.56,"u":"3,56 €/L","img":"https://fd6-photos.leclercdrive.fr/image.ashx?id=2672047&use=l&cat=p&typeid=i","cat":284355},{"id":146133,"n":"Cognac polignac 40d 50cl","p":20.01,"u":"40,02 €/L","img":"https://fd6-photos.leclercdrive.fr/image.ashx?id=2148080&use=l&cat=p&typeid=i","cat":286032},{"id":146366,"n":"Quiche Lorraine Marie Pur beurre - 400g","p":3.41,"u":"8,53 €/KG","img":"https://fd6-photos.leclercdrive.fr/image.ashx?id=2996674&use=l&cat=p&typeid=i","cat":284257},{"id":146397,"n":"Infusion Les 2 Marmottes Fée Nuit - 50g","p":4.64,"u":"92,80 €/KG","img":"https://fd6-photos.leclercdrive.fr/image.ashx?id=2833603&use=l&cat=p&typeid=i","cat":293234},{"id":146412,"n":"Infusion bio Jardin Bio Digestion légère x20 - 30g","p":2.46,"u":"82,00 €/KG","img":"https://fd6-photos.leclercdrive.fr/image.ashx?id=2792603&use=l&cat=p&typeid=i","cat":293234},{"id":146413,"n":"Infusion bio Jardin Bio Détente sommeil x20 - 30g","p":2.43,"u":"81,00 €/KG","img":"https://fd6-photos.leclercdrive.fr/image.ashx?id=3011449&use=l&cat=p&typeid=i","cat":293234},{"id":146414,"n":"Infusion bio Jardin Bio Nuits paisibles x20 - 30g","p":2.32,"u":"77,33 €/KG","img":"https://fd6-photos.leclercdrive.fr/image.ashx?id=2792612&use=l&cat=p&typeid=i","cat":293234},{"id":146415,"n":"Infusion Jardin Bio Bio digestion - x20 - 30g","p":2.56,"u":"85,33 €/KG","img":"https://fd6-photos.leclercdrive.fr/image.ashx?id=2792615&use=l&cat=p&typeid=i","cat":293234},{"id":146417,"n":"Infusion Jardin Bio Bio Thym citron - 30g - x20","p":2.03,"u":"67,67 €/KG","img":"https://fd6-photos.leclercdrive.fr/image.ashx?id=2792621&use=l&cat=p&typeid=i","cat":293234},{"id":146418,"n":"Infusion Jardin Bio Bio ventre plat - x20 - 30g","p":2.32,"u":"77,33 €/KG","img":"https://fd6-photos.leclercdrive.fr/image.ashx?id=2986564&use=l&cat=p&typeid=i","cat":293234},{"id":146419,"n":"Infusion Jardin Bio Bio bruleur de graisse x20 -30g","p":2.44,"u":"81,33 €/KG","img":"https://fd6-photos.leclercdrive.fr/image.ashx?id=2968322&use=l&cat=p&typeid=i","cat":293234},{"id":146421,"n":"Infusion Jardin Bio Bio detox - x20 - 30g","p":2.55,"u":"85,00 €/KG","img":"https://fd6-photos.leclercdrive.fr/image.ashx?id=2792630&use=l&cat=p&typeid=i","cat":293234},{"id":146422,"n":"Thé vert Jardin Bio Bio minceur - x20 - 30g","p":2.65,"u":"88,33 €/KG","img":"https://fd6-photos.leclercdrive.fr/image.ashx?id=2948066&use=l&cat=p&typeid=i","cat":293233},{"id":146425,"n":"Thé Jardin Bio Bio détox - x20 - 30g","p":2.62,"u":"87,33 €/KG","img":"https://fd6-photos.leclercdrive.fr/image.ashx?id=2578205&use=l&cat=p&typeid=i","cat":293233},{"id":146426,"n":"Thé vert bio Jardin Bio Gingembre citron vert x20 - 30g","p":2.03,"u":"67,67 €/KG","img":"https://fd6-photos.leclercdrive.fr/image.ashx?id=3011452&use=l&cat=p&typeid=i","cat":293233},{"id":146444,"n":"Recharges lavande 4x1kg","p":11.89,"u":"2,97 €/KG","img":"https://fd6-photos.leclercdrive.fr/image.ashx?id=2042694&use=l&cat=p&typeid=i","cat":300576},{"id":146549,"n":"Vin rouge villages seguret 3L","p":14.41,"u":"4,80 €/L","img":"https://fd6-photos.leclercdrive.fr/image.ashx?id=2043984&use=l&cat=p&typeid=i","cat":289560},{"id":146738,"n":"Café Soluble Nescafé Cappuccino Noisette - 270g","p":4.83,"u":"17,89 €/KG","img":"https://fd6-photos.leclercdrive.fr/image.ashx?id=2867791&use=l&cat=p&typeid=i","cat":284843},{"id":146739,"n":"Maïs Bonduelle Sans Résidu Pesticides - 3x140g","p":2.35,"u":"5,60 €/KG","img":"https://fd6-photos.leclercdrive.fr/image.ashx?id=2913133&use=l&cat=p&typeid=i","cat":312611},{"id":146916,"n":"Préparation alsa Crème Pâtissière - 390g","p":2.91,"u":"7,46 €/KG","img":"https://fd6-photos.leclercdrive.fr/image.ashx?id=3007990&use=l&cat=p&typeid=i","cat":284505},{"id":146929,"n":"Piles rechargeables Duracell 750mAH AAA/LR03 - x4","p":13.55,"u":"3,39 €/P","img":"https://fd6-photos.leclercdrive.fr/image.ashx?id=2429488&use=l&cat=p&typeid=i","cat":300572},{"id":146930,"n":"Piles rechargeabls Duracell 130mAH AA/LR06 - x4","p":13.99,"u":"3,50 €/P","img":"https://fd6-photos.leclercdrive.fr/image.ashx?id=2862830&use=l&cat=p&typeid=i","cat":300572},{"id":146954,"n":"Pizza la moelleuse Burger - 625g","p":3.94,"u":"6,30 €/KG","img":"https://fd6-photos.leclercdrive.fr/image.ashx?id=2816594&use=l&cat=p&typeid=i","cat":284256},{"id":147002,"n":"Feuilleté de Mousse La Laitière Chocolat - 4x57g","p":1.7,"u":"7,46 €/KG","img":"https://fd6-photos.leclercdrive.fr/image.ashx?id=2858594&use=l&cat=p&typeid=i","cat":284417},{"id":147003,"n":"Feuilleté de Mousse La Laitière Vanille - 4x57g","p":1.71,"u":"7,50 €/KG","img":"https://fd6-photos.leclercdrive.fr/image.ashx?id=2764511&use=l&cat=p&typeid=i","cat":284417},{"id":147009,"n":"Chewing-gum Mentos Pure Fresh  Fraise sans sucres - 100g","p":3.28,"u":"32,80 €/KG","img":"https://fd6-photos.leclercdrive.fr/image.ashx?id=2659804&use=l&cat=p&typeid=i","cat":304251},{"id":147076,"n":"Bouillon Cube Maggi Volaille - 80g","p":0.88,"u":"11,00 €/KG","img":"https://fd6-photos.leclercdrive.fr/image.ashx?id=2737036&use=l&cat=p&typeid=i","cat":288379},{"id":147119,"n":"Lave glace Tech 9 -20°C - 5L","p":5.99,"u":"1,20 €/L","img":"https://fd6-photos.leclercdrive.fr/image.ashx?id=2054896&use=l&cat=p&typeid=i","cat":298252},{"id":147127,"n":"Spray dégraissant Clair Savon noir - 750ml","p":2.05,"u":"2,73 €/L","img":"https://fd6-photos.leclercdrive.fr/image.ashx?id=2840389&use=l&cat=p&typeid=i","cat":325357},{"id":147141,"n":"Xtrem Box Sodebo Radiatori Lardons Raclette 400g","p":4.19,"u":"10,48 €/KG","img":"https://fd6-photos.leclercdrive.fr/image.ashx?id=2631594&use=l&cat=p&typeid=i","cat":334983},{"id":147175,"n":"Brossettes 3D White Oral B Cleanmaximiser - 2x2 brossettes","p":18.11,"u":"4,53 €/P","img":"https://fd6-photos.leclercdrive.fr/image.ashx?id=2498440&use=l&cat=p&typeid=i","cat":297133},{"id":147200,"n":"Escargot de Bourgogne surgelé L'origine du goût x24 - 220g","p":11.99,"u":"54,50 €/KG","img":"https://fd6-photos.leclercdrive.fr/image.ashx?id=2809882&use=l&cat=p&typeid=i","cat":319775},{"id":147224,"n":"Capsules Nescafé Dolce Gusto  Espresso - x30","p":7.72,"u":"46,79 €/KG","img":"https://fd6-photos.leclercdrive.fr/image.ashx?id=2737105&use=l&cat=p&typeid=i","cat":293239},{"id":147237,"n":"Compote Douceur du Verger    Bocal pomme morceaux - 730g","p":1.74,"u":"2,38 €/KG","img":"https://fd6-photos.leclercdrive.fr/image.ashx?id=2663563&use=l&cat=p&typeid=i","cat":284508},{"id":147246,"n":"Bonbons au miel NRT De Vendée - 200g","p":2.6,"u":"13,00 €/KG","img":"https://fd6-photos.leclercdrive.fr/image.ashx?id=2771423&use=l&cat=p&typeid=i","cat":304252},{"id":147248,"n":"Muesli  Grainea chocolat Noisette 350g","p":2.84,"u":"8,11 €/KG","img":"https://fd6-photos.leclercdrive.fr/image.ashx?id=2077358&use=l&cat=p&typeid=i","cat":309512},{"id":147250,"n":"Préparation Flan Entremets alsa Vanille - 192g","p":1.31,"u":"6,82 €/KG","img":"https://fd6-photos.leclercdrive.fr/image.ashx?id=2805117&use=l&cat=p&typeid=i","cat":284504},{"id":147254,"n":"Confiture Eco+ Fraise - 450g","p":1.14,"u":"2,53 €/KG","img":"https://fd6-photos.leclercdrive.fr/image.ashx?id=2953200&use=l&cat=p&typeid=i","cat":284480},{"id":147262,"n":"Edulcorant Purevia Spécial Pâtisserie - 380g","p":4.49,"u":"11,82 €/KG","img":"https://fd6-photos.leclercdrive.fr/image.ashx?id=2417306&use=l&cat=p&typeid=i","cat":324846},{"id":147268,"n":"Croquettes Plénima Petit chien sans céréales 2kg","p":6.15,"u":"3,08 €/KG","img":"https://fd6-photos.leclercdrive.fr/image.ashx?id=2047097&use=l&cat=p&typeid=i","cat":294526},{"id":147279,"n":"Croquettes Plénima Sans céréales - 2kg","p":6.0,"u":"3,00 €/KG","img":"https://fd6-photos.leclercdrive.fr/image.ashx?id=2047100&use=l&cat=p&typeid=i","cat":284672},{"id":147286,"n":"Croquette pour chat Plénima Poulet - 600g","p":2.45,"u":"4,08 €/KG","img":"https://fd6-photos.leclercdrive.fr/image.ashx?id=2047114&use=l&cat=p&typeid=i","cat":284680},{"id":147295,"n":"Croquette chat Plénima Saumon - Stérilisé 600g","p":2.45,"u":"4,08 €/KG","img":"https://fd6-photos.leclercdrive.fr/image.ashx?id=2047120&use=l&cat=p&typeid=i","cat":284680},{"id":147296,"n":"Gourde Bio Village - 6 mois Bio - 6x90g","p":4.39,"u":"8,13 €/KG","img":"https://fd6-photos.leclercdrive.fr/image.ashx?id=2704879&use=l&cat=p&typeid=i","cat":312393},{"id":147359,"n":"Boisson tablette d'Or Instantanée cacao 800g","p":3.79,"u":"4,74 €/KG","img":"https://fd6-photos.leclercdrive.fr/image.ashx?id=2047904&use=l&cat=p&typeid=i","cat":293235},{"id":147420,"n":"Knacks d'Alsace  L'Atelier Charcuterie - 300g","p":3.8,"u":"12,67 €/KG","img":"https://fd6-photos.leclercdrive.fr/image.ashx?id=2989772&use=l&cat=p&typeid=i","cat":316012},{"id":147421,"n":"Saucisse de Morteau à cuire L'Atelier Charcuterie - 350g","p":5.89,"u":"16,83 €/KG","img":"https://fd6-photos.leclercdrive.fr/image.ashx?id=2992660&use=l&cat=p&typeid=i","cat":316012},{"id":147422,"n":"Bière Brewdog Punk IPA 33cl","p":2.51,"u":"7,61 €/L","img":"https://fd6-photos.leclercdrive.fr/image.ashx?id=2941859&use=l&cat=p&typeid=i","cat":334872},{"id":147424,"n":"Saucisse de Montbéliard à cuire L'Atelier Charcuterie - 2x150g","p":4.49,"u":"14,97 €/KG","img":"https://fd6-photos.leclercdrive.fr/image.ashx?id=2992663&use=l&cat=p&typeid=i","cat":316012},{"id":147431,"n":"Yaourt à la grecque YAOS Nature lit de framboises 4x125g","p":2.66,"u":"5,32 €/KG","img":"https://fd6-photos.leclercdrive.fr/image.ashx?id=2654575&use=l&cat=p&typeid=i","cat":314999},{"id":147438,"n":"Tablette chocolat Milka Chocolat au lait - 5x100g","p":7.37,"u":"14,74 €/KG","img":"https://fd6-photos.leclercdrive.fr/image.ashx?id=2955203&use=l&cat=p&typeid=i","cat":284497},{"id":147439,"n":"Tablette chocolat Mmmax Milka Chocolat - 300g","p":4.79,"u":"15,97 €/KG","img":"https://fd6-photos.leclercdrive.fr/image.ashx?id=2938364&use=l&cat=p&typeid=i","cat":284497},{"id":147441,"n":"Pochons Tous mes amis 4x100g","p":1.49,"u":"3,73 €/KG","img":"https://fd6-photos.leclercdrive.fr/image.ashx?id=2055346&use=l&cat=p&typeid=i","cat":284673},{"id":147442,"n":"Pochons Tous mes amis Sauce viande - 12x100g","p":3.65,"u":"3,04 €/KG","img":"https://fd6-photos.leclercdrive.fr/image.ashx?id=2054993&use=l&cat=p&typeid=i","cat":288578},{"id":147443,"n":"Stick torsades Tous mes amis x4 - 70g","p":0.72,"u":"10,29 €/KG","img":"https://fd6-photos.leclercdrive.fr/image.ashx?id=2361733&use=l&cat=p&typeid=i","cat":294527},{"id":147444,"n":"Snack récompense Tous mes amis Fromage boeuf - 140g","p":1.39,"u":"9,93 €/KG","img":"https://fd6-photos.leclercdrive.fr/image.ashx?id=2345565&use=l&cat=p&typeid=i","cat":294527},{"id":147449,"n":"Granola Grainea Chocolat noir amandes - 350g","p":2.75,"u":"7,86 €/KG","img":"https://fd6-photos.leclercdrive.fr/image.ashx?id=2611949&use=l&cat=p&typeid=i","cat":309512},{"id":147454,"n":"Granola Grainea 350g","p":2.64,"u":"7,54 €/KG","img":"https://fd6-photos.leclercdrive.fr/image.ashx?id=2568340&use=l&cat=p&typeid=i","cat":309512},{"id":147455,"n":"Capsules café Plantation Décaféiné n°5 - x30 - 156g","p":5.19,"u":"33,27 €/KG","img":"https://fd6-photos.leclercdrive.fr/image.ashx?id=2874741&use=l&cat=p&typeid=i","cat":284749},{"id":147456,"n":"Capsules café Plantation Ristretto n°12 - x30 - 156g","p":5.19,"u":"33,27 €/KG","img":"https://fd6-photos.leclercdrive.fr/image.ashx?id=2867263&use=l&cat=p&typeid=i","cat":284749},{"id":147464,"n":"Infusion bien-être Jardin Bio Bio x20 - 28g","p":2.03,"u":"72,50 €/KG","img":"https://fd6-photos.leclercdrive.fr/image.ashx?id=2792606&use=l&cat=p&typeid=i","cat":293234},{"id":147465,"n":"Infusion Jardin Bio Bio calme & Sérénité x20 - 30g","p":2.37,"u":"79,00 €/KG","img":"https://fd6-photos.leclercdrive.fr/image.ashx?id=2792618&use=l&cat=p&typeid=i","cat":293234},{"id":147472,"n":"Eponge maxi 1 pièce","p":2.29,"img":"https://fd6-photos.leclercdrive.fr/image.ashx?id=2068381&use=l&cat=p&typeid=i","cat":298252},{"id":147474,"n":"Coupe ongles Primoplast 1 pièce","p":2.0,"img":"https://fd6-photos.leclercdrive.fr/image.ashx?id=2833008&use=l&cat=p&typeid=i","cat":325354},{"id":147477,"n":"Coloration végétale bio Bionaïa Blond clair - 92g","p":7.55,"u":"82,07 €/KG","img":"https://fd6-photos.leclercdrive.fr/image.ashx?id=2048458&use=l&cat=p&typeid=i","cat":288899},{"id":147517,"n":"Merlu & riz D'Aucy Sauce beurre blanc - 300g","p":3.0,"u":"10,00 €/KG","img":"https://fd6-photos.leclercdrive.fr/image.ashx?id=2103184&use=l&cat=p&typeid=i","cat":284953},{"id":147523,"n":"Gel douche Bionaïa Framboise orange bio - 250ml","p":1.43,"u":"5,72 €/L","img":"https://fd6-photos.leclercdrive.fr/image.ashx?id=2538137&use=l&cat=p&typeid=i","cat":284594},{"id":147524,"n":"Gel douche Bionaïa Miel fleur d'oranger bio -250ml","p":1.43,"u":"5,72 €/L","img":"https://fd6-photos.leclercdrive.fr/image.ashx?id=2512487&use=l&cat=p&typeid=i","cat":284594},{"id":147525,"n":"Huile bio Bio naïa Jojoba - 50ml","p":4.57,"u":"91,40 €/L","img":"https://fd6-photos.leclercdrive.fr/image.ashx?id=2436711&use=l&cat=p&typeid=i","cat":325349},{"id":147526,"n":"Huile bio Bio naïa Argan - 50ml","p":4.75,"u":"95,00 €/L","img":"https://fd6-photos.leclercdrive.fr/image.ashx?id=2048986&use=l&cat=p&typeid=i","cat":325349},{"id":147527,"n":"Huile bio Bio naïa Ricin - 50ml","p":3.99,"u":"79,80 €/L","img":"https://fd6-photos.leclercdrive.fr/image.ashx?id=2929885&use=l&cat=p&typeid=i","cat":325349},{"id":147528,"n":"Huile bio Bio naïa Amande douce - 50ml","p":3.79,"u":"75,80 €/L","img":"https://fd6-photos.leclercdrive.fr/image.ashx?id=2436720&use=l&cat=p&typeid=i","cat":325349},{"id":147529,"n":"Blocs WC Eco + Parfum pin - 3x40g","p":1.17,"u":"9,75 €/KG","img":"https://fd6-photos.leclercdrive.fr/image.ashx?id=2849560&use=l&cat=p&typeid=i","cat":284662},{"id":147531,"n":"Bain moussant Eco + Pêche - 750ml","p":0.52,"u":"0,69 €/L","img":"https://fd6-photos.leclercdrive.fr/image.ashx?id=2779175&use=l&cat=p&typeid=i","cat":284594},{"id":147532,"n":"Crème à récurer Eco + Parfum citron - 750ml","p":0.6,"u":"0,80 €/L","img":"https://fd6-photos.leclercdrive.fr/image.ashx?id=2931754&use=l&cat=p&typeid=i","cat":325357},{"id":147533,"n":"Dentifrice arôme menthe Eco + 125ml","p":0.73,"u":"5,84 €/L","img":"https://fd6-photos.leclercdrive.fr/image.ashx?id=2776277&use=l&cat=p&typeid=i","cat":284612},{"id":147536,"n":"Liquide vaisselle Eco + Concentré citron - 500ml","p":0.42,"u":"0,84 €/L","img":"https://fd6-photos.leclercdrive.fr/image.ashx?id=2861407&use=l&cat=p&typeid=i","cat":284655},{"id":147537,"n":"Nettoyant ménager Eco + Citron - 2L","p":1.11,"u":"0,56 €/L","img":"https://fd6-photos.leclercdrive.fr/image.ashx?id=2946148&use=l&cat=p&typeid=i","cat":284907},{"id":147539,"n":"Capsules café Plantation Café au lait - x16 - 152g","p":3.29,"u":"21,64 €/KG","img":"https://fd6-photos.leclercdrive.fr/image.ashx?id=2649750&use=l&cat=p&typeid=i","cat":293239},{"id":147543,"n":"Gel WC détartrant Eco + Citron - 750ml","p":0.58,"u":"0,77 €/L","img":"https://fd6-photos.leclercdrive.fr/image.ashx?id=2836304&use=l&cat=p&typeid=i","cat":284662},{"id":147544,"n":"Pastilles lave-vaisselle Eco + x50 - 750g","p":2.59,"u":"3,45 €/KG","img":"https://fd6-photos.leclercdrive.fr/image.ashx?id=2865032&use=l&cat=p&typeid=i","cat":284656},{"id":147545,"n":"Pastilles anti-calcaire Eco + x20","p":1.25,"u":"0,06 €/P","img":"https://fd6-photos.leclercdrive.fr/image.ashx?id=2603853&use=l&cat=p&typeid=i","cat":284653},{"id":147546,"n":"Poudre détachante Eco + 1,2kg","p":3.29,"u":"2,74 €/KG","img":"https://fd6-photos.leclercdrive.fr/image.ashx?id=2596769&use=l&cat=p&typeid=i","cat":284651},{"id":147548,"n":"Gel désodorisant Eco + Parfum lavande - 1 pièce","p":0.53,"img":"https://fd6-photos.leclercdrive.fr/image.ashx?id=2067875&use=l&cat=p&typeid=i","cat":311628},{"id":147549,"n":"Désodorisant mèche Eco + Parfum marine - 375ml","p":1.27,"u":"3,39 €/L","img":"https://fd6-photos.leclercdrive.fr/image.ashx?id=2777788&use=l&cat=p&typeid=i","cat":311628},{"id":147550,"n":"Nettoyant vitres Eco + 1L","p":0.76,"u":"0,76 €/L","img":"https://fd6-photos.leclercdrive.fr/image.ashx?id=2834993&use=l&cat=p&typeid=i","cat":325363},{"id":147564,"n":"LED Filament flamme torsadée 2-25W -  E14 - claire","p":4.59,"img":"https://fd6-photos.leclercdrive.fr/image.ashx?id=2070308&use=l&cat=p&typeid=i","cat":300573},{"id":147619,"n":"Flageolets verts Videlys Label Rouge - 500g","p":3.69,"u":"7,38 €/KG","img":"https://fd6-photos.leclercdrive.fr/image.ashx?id=2734012&use=l&cat=p&typeid=i","cat":284352},{"id":147622,"n":"Culottes Lotus Baby Douceur Naturelle Taille 5 - x30","p":14.25,"u":"0,48 €/P","img":"https://fd6-photos.leclercdrive.fr/image.ashx?id=3011866&use=l&cat=p&typeid=i","cat":290633},{"id":147623,"n":"Culottes Lotus Baby Douceur Naturelle Taille 4 - x32","p":15.3,"img":"https://fd6-photos.leclercdrive.fr/image.ashx?id=3011869&use=l&cat=p&typeid=i","cat":290633},{"id":147625,"n":"Couches Lotus Baby  Douceur Naturelle T3 - x43","p":15.34,"u":"0,36 €/P","img":"https://fd6-photos.leclercdrive.fr/image.ashx?id=3011875&use=l&cat=p&typeid=i","cat":284737},{"id":147626,"n":"Couches Lotus Baby Douceur Naturelle Taille 4 - x37","p":14.2,"u":"0,38 €/P","img":"https://fd6-photos.leclercdrive.fr/image.ashx?id=2914768&use=l&cat=p&typeid=i","cat":284737},{"id":147627,"n":"Couches Lotus Baby Douceur Naturelle Taille 4+ - x35","p":14.15,"u":"0,40 €/P","img":"https://fd6-photos.leclercdrive.fr/image.ashx?id=2912617&use=l&cat=p&typeid=i","cat":284737},{"id":147677,"n":"Sauce béarnaise Rustica 240g","p":1.29,"u":"5,38 €/KG","img":"https://fd6-photos.leclercdrive.fr/image.ashx?id=2954382&use=l&cat=p&typeid=i","cat":318431},{"id":147678,"n":"Rillettes de saumon Ronde des Mers - 125g","p":1.58,"u":"12,64 €/KG","img":"https://fd6-photos.leclercdrive.fr/image.ashx?id=2436708&use=l&cat=p&typeid=i","cat":305147},{"id":147692,"n":"Fond pour rôtis Maggi 110g","p":2.39,"u":"21,73 €/KG","img":"https://fd6-photos.leclercdrive.fr/image.ashx?id=2917543&use=l&cat=p&typeid=i","cat":288379},{"id":147725,"n":"Flamiche au maroilles Le Père Glacet - 380g","p":4.99,"u":"13,13 €/KG","img":"https://fd6-photos.leclercdrive.fr/image.ashx?id=2463227&use=l&cat=p&typeid=i","cat":333680},{"id":147942,"n":"Eau micellaire Inell Biphase - 500ml","p":3.85,"u":"7,70 €/L","img":"https://fd6-photos.leclercdrive.fr/image.ashx?id=2051768&use=l&cat=p&typeid=i","cat":284603},{"id":147982,"n":"Bière Cornet Oaked Coffret 4x33 cl + 1 verre","p":9.95,"pp":6.57,"u":"4,98 €/L","img":"https://fd6-photos.leclercdrive.fr/image.ashx?id=2429506&use=l&cat=p&typeid=i","cat":334872},{"id":148008,"n":"Genoise P'tit Déli Poire - 150g","p":1.15,"u":"7,67 €/KG","img":"https://fd6-photos.leclercdrive.fr/image.ashx?id=2482508&use=l&cat=p&typeid=i","cat":284489},{"id":148013,"n":"Bocal d'artichauts Notre jardin Grillés - 115g","p":1.99,"u":"17,30 €/KG","img":"https://fd6-photos.leclercdrive.fr/image.ashx?id=2578641&use=l&cat=p&typeid=i","cat":312611},{"id":148070,"n":"Thermomètre Primoplast Electronique - 1 pièce","p":3.89,"img":"https://fd6-photos.leclercdrive.fr/image.ashx?id=2988123&use=l&cat=p&typeid=i","cat":284630},{"id":148079,"n":"Saucisson d'Auvergne IGP NRT L'Atelier Charcuterie LR - 100g","p":2.3,"u":"23,00 €/KG","img":"https://fd6-photos.leclercdrive.fr/image.ashx?id=2994149&use=l&cat=p&typeid=i","cat":316007},{"id":148080,"n":"Shampooing Carré Homme Anti pelliculaire - 250ml","p":1.85,"u":"7,40 €/L","img":"https://fd6-photos.leclercdrive.fr/image.ashx?id=2350526&use=l&cat=p&typeid=i","cat":284621},{"id":148084,"n":"Mortadella bologna IGP L'Atelier Charcuterie - 100g","p":1.99,"u":"19,90 €/KG","img":"https://fd6-photos.leclercdrive.fr/image.ashx?id=2999652&use=l&cat=p&typeid=i","cat":316007},{"id":148088,"n":"Prosciutto alle erbe L'Atelier Charcuterie - 100g","p":2.75,"u":"27,50 €/KG","img":"https://fd6-photos.leclercdrive.fr/image.ashx?id=2999649&use=l&cat=p&typeid=i","cat":316007},{"id":148090,"n":"Prosciutto di Parma AOP 20 mois L'Atelier Charcuterie - 90g","p":4.6,"u":"51,11 €/KG","img":"https://fd6-photos.leclercdrive.fr/image.ashx?id=2068738&use=l&cat=p&typeid=i","cat":316007},{"id":148103,"n":"Soin hydratant bio So Bio Etic Hydra Aloe Vera - 50ml","p":7.44,"u":"148,80 €/L","img":"https://fd6-photos.leclercdrive.fr/image.ashx?id=2640572&use=l&cat=p&typeid=i","cat":325345},{"id":148105,"n":"Viande des grisons IGP L'Atelier Charcuterie - 80g","p":5.49,"u":"68,63 €/KG","img":"https://fd6-photos.leclercdrive.fr/image.ashx?id=2856648&use=l&cat=p&typeid=i","cat":316007},{"id":148112,"n":"Démaquillant yeux waterproof Le petit olivier - 125ml","p":4.0,"u":"32,00 €/L","img":"https://fd6-photos.leclercdrive.fr/image.ashx?id=2865848&use=l&cat=p&typeid=i","cat":284603},{"id":148117,"n":"Rosette tranchée Label Rouge L'Atelier Charcuterie - 100g","p":1.79,"u":"17,90 €/KG","img":"https://fd6-photos.leclercdrive.fr/image.ashx?id=2856654&use=l&cat=p&typeid=i","cat":316007},{"id":148119,"n":"Jambon sec italien supérieur L'Atelier Charcuterie x6 - 90g","p":2.57,"u":"28,56 €/KG","img":"https://fd6-photos.leclercdrive.fr/image.ashx?id=2856657&use=l&cat=p&typeid=i","cat":316007},{"id":148240,"n":"Café dosettes Tassimo L'Or Café Long Doux x16","p":4.88,"u":"54,83 €/KG","img":"https://fd6-photos.leclercdrive.fr/image.ashx?id=2100386&use=l&cat=p&typeid=i","cat":293240},{"id":148250,"n":"Ratatouille  Notre Jardin Provencale - 530g","p":2.76,"u":"5,21 €/KG","img":"https://fd6-photos.leclercdrive.fr/image.ashx?id=2526312&use=l&cat=p&typeid=i","cat":312612},{"id":148291,"n":"Bière Aromatisée Grimbergen Rouge 5,5° - 6x25cl","p":5.29,"u":"3,53 €/L","img":"https://fd6-photos.leclercdrive.fr/image.ashx?id=2873327&use=l&cat=p&typeid=i","cat":334878},{"id":148328,"n":"Bonbons eucalyptus Croibleu 250g","p":2.06,"u":"8,24 €/KG","img":"https://fd6-photos.leclercdrive.fr/image.ashx?id=2066584&use=l&cat=p&typeid=i","cat":304252},{"id":148339,"n":"Embouts jetables Prorhinel Souples - x10","p":5.79,"img":"https://fd6-photos.leclercdrive.fr/image.ashx?id=2148182&use=l&cat=p&typeid=i","cat":284630},{"id":148341,"n":"Spray hygiène du nez Prorhinel à l'aloe vera - enfant - 100ml","p":5.79,"u":"57,90 €/L","img":"https://fd6-photos.leclercdrive.fr/image.ashx?id=2917858&use=l&cat=p&typeid=i","cat":284630},{"id":148355,"n":"Déodorant Monsavon lait Fleur de coton - 200ml","p":2.02,"u":"10,10 €/L","img":"https://fd6-photos.leclercdrive.fr/image.ashx?id=2644930&use=l&cat=p&typeid=i","cat":284595},{"id":148384,"n":"Donut nappé chocolat 180g","p":1.39,"u":"7,72 €/KG","img":"https://fd6-photos.leclercdrive.fr/image.ashx?id=2590707&use=l&cat=p&typeid=i","cat":284495},{"id":148406,"n":"Gel intime Intimy Classic - 150ml","p":7.01,"u":"46,73 €/L","img":"https://fd6-photos.leclercdrive.fr/image.ashx?id=2537980&use=l&cat=p&typeid=i","cat":285160},{"id":148471,"n":"Pizza Crust Sodebo Farmer  Poulet Sauce Barbecue - 600g","p":4.36,"u":"7,27 €/KG","img":"https://fd6-photos.leclercdrive.fr/image.ashx?id=2912101&use=l&cat=p&typeid=i","cat":333679},{"id":148497,"n":"Bouteille filtrante Brita Blanc/Graphite 1 Microdisc","p":21.9,"img":"https://fd6-photos.leclercdrive.fr/image.ashx?id=2878267&use=l&cat=p&typeid=i","cat":334135},{"id":148498,"n":"Pack de 3 microdiscs Brita Filtrants - 1 pièce","p":13.15,"img":"https://fd6-photos.leclercdrive.fr/image.ashx?id=2878264&use=l&cat=p&typeid=i","cat":334135},{"id":148499,"n":"Gourde filtrante Brita Active Bleu - 1 Microdisc filtrant","p":15.3,"img":"https://fd6-photos.leclercdrive.fr/image.ashx?id=2278859&use=l&cat=p&typeid=i","cat":334135},{"id":148550,"n":"DOC d'Italie Prosecco Signore  Giuseppe Rosé extra-sec - 75cl","p":5.09,"u":"6,79 €/L","img":"https://fd6-photos.leclercdrive.fr/image.ashx?id=2860568&use=l&cat=p&typeid=i","cat":289558},{"id":148628,"n":"Rasoir Gillette Skinguard A l'aloe vera 5 lames - 1 pièce","p":18.54,"img":"https://fd6-photos.leclercdrive.fr/image.ashx?id=2542630&use=l&cat=p&typeid=i","cat":284616},{"id":148738,"n":"Palette à la diable 1.2kg","p":9.35,"u":"7,79 €/KG","img":"https://fd6-photos.leclercdrive.fr/image.ashx?id=2063935&use=l&cat=p&typeid=i","cat":316009},{"id":148743,"n":"Galette moelleuse Saint Michel Chocolat au lait - 180g","p":1.91,"u":"10,61 €/KG","img":"https://fd6-photos.leclercdrive.fr/image.ashx?id=2936248&use=l&cat=p&typeid=i","cat":284495},{"id":148747,"n":"Shampooing Carré Homme Fortifiant - 250ml","p":1.76,"u":"7,04 €/L","img":"https://fd6-photos.leclercdrive.fr/image.ashx?id=2059050&use=l&cat=p&typeid=i","cat":284621},{"id":148748,"n":"Démaquillant yeux Bionaïa Biphase Water bio - 150ml","p":2.6,"u":"17,33 €/L","img":"https://fd6-photos.leclercdrive.fr/image.ashx?id=2474963&use=l&cat=p&typeid=i","cat":284603},{"id":148749,"n":"Coloration Eugène Color & Eclat n°78 Marron Praliné - 1 pièce","p":3.87,"img":"https://fd6-photos.leclercdrive.fr/image.ashx?id=2476449&use=l&cat=p&typeid=i","cat":288899},{"id":148762,"n":"Bonbon Confiseo Sève de pin - 250g","p":1.99,"u":"7,96 €/KG","img":"https://fd6-photos.leclercdrive.fr/image.ashx?id=2934757&use=l&cat=p&typeid=i","cat":304252},{"id":148770,"n":"Préservatifs Intimy Classic lubrifiés - x7","p":2.69,"u":"0,38 €/P","img":"https://fd6-photos.leclercdrive.fr/image.ashx?id=2537962&use=l&cat=p&typeid=i","cat":284631},{"id":148774,"n":"Préservatifs Intimy Taille XL lubrifiés - x14","p":6.69,"u":"0,48 €/P","img":"https://fd6-photos.leclercdrive.fr/image.ashx?id=2926329&use=l&cat=p&typeid=i","cat":284631},{"id":148779,"n":"Pince à ongles Mercurochrome 1 pièce","p":5.43,"img":"https://fd6-photos.leclercdrive.fr/image.ashx?id=2788496&use=l&cat=p&typeid=i","cat":325354},{"id":148966,"n":"Boisson coco Bio Bjorg Sans sucre ajouté - 1L","p":2.16,"u":"2,16 €/L","img":"https://fd6-photos.leclercdrive.fr/image.ashx?id=2972991&use=l&cat=p&typeid=i","cat":316067},{"id":148989,"n":"Cônes chocolat Eco+ Pistache - x8 - 520g","p":2.47,"u":"4,75 €/KG","img":"https://fd6-photos.leclercdrive.fr/image.ashx?id=2866229&use=l&cat=p&typeid=i","cat":284264},{"id":148998,"n":"Papier cuisson Elembal Feuilles - x30","p":0.99,"u":"0,03 €/P","img":"https://fd6-photos.leclercdrive.fr/image.ashx?id=2059971&use=l&cat=p&typeid=i","cat":334134},{"id":149036,"n":"Merguez véritables L'Atelier Boucherie x8 - 520g","p":8.79,"u":"16,90 €/KG","img":"https://fd6-photos.leclercdrive.fr/image.ashx?id=3007413&use=l&cat=p&typeid=i","cat":284334},{"id":149037,"n":"Saucisses de Toulouse L'Atelier Boucherie x6 - 750g","p":7.99,"u":"10,65 €/KG","img":"https://fd6-photos.leclercdrive.fr/image.ashx?id=2994405&use=l&cat=p&typeid=i","cat":284334},{"id":149039,"n":"Chipolatas  L'Atelier Boucherie  X8 - 520g","p":6.83,"u":"13,13 €/KG","img":"https://fd6-photos.leclercdrive.fr/image.ashx?id=2992666&use=l&cat=p&typeid=i","cat":284334},{"id":149068,"n":"Dessert végétal soja Alpro Nature sans sucres - 500g","p":1.87,"u":"3,74 €/KG","img":"https://fd6-photos.leclercdrive.fr/image.ashx?id=2976077&use=l&cat=p&typeid=i","cat":316071},{"id":149326,"n":"Tissus microfibre multi usage x1","p":2.49,"img":"https://fd6-photos.leclercdrive.fr/image.ashx?id=2068348&use=l&cat=p&typeid=i","cat":298252},{"id":149339,"n":"Eponge chamoisee x1","p":2.2,"img":"https://fd6-photos.leclercdrive.fr/image.ashx?id=2068366&use=l&cat=p&typeid=i","cat":298252},{"id":149340,"n":"Microfibre de lustrage x1","p":3.95,"img":"https://fd6-photos.leclercdrive.fr/image.ashx?id=2068387&use=l&cat=p&typeid=i","cat":298252},{"id":149344,"n":"Microfibre de séchage x1","p":4.59,"img":"https://fd6-photos.leclercdrive.fr/image.ashx?id=2068384&use=l&cat=p&typeid=i","cat":298252},{"id":149348,"n":"Liqueur Amaretto Disaronno 28° - 70cl","p":23.17,"u":"33,10 €/L","img":"https://fd6-photos.leclercdrive.fr/image.ashx?id=2064391&use=l&cat=p&typeid=i","cat":286032},{"id":149388,"n":"Shampooing sec Batiste Nude aérosol - 200ml","p":3.43,"u":"17,15 €/L","img":"https://fd6-photos.leclercdrive.fr/image.ashx?id=2558334&use=l&cat=p&typeid=i","cat":289143},{"id":149390,"n":"Croc'Odor Frigo XL  140g","p":2.86,"u":"20,43 €/KG","img":"https://fd6-photos.leclercdrive.fr/image.ashx?id=2952646&use=l&cat=p&typeid=i","cat":311628},{"id":149396,"n":"Lave glace TECH9 Démoustiquant - 5L","p":3.89,"u":"0,78 €/L","img":"https://fd6-photos.leclercdrive.fr/image.ashx?id=2162699&use=l&cat=p&typeid=i","cat":298252},{"id":149465,"n":"Brosse à Dents Signal Soin Gencives Souple x4","p":2.91,"u":"0,73 €/P","img":"https://fd6-photos.leclercdrive.fr/image.ashx?id=2964234&use=l&cat=p&typeid=i","cat":284614},{"id":149782,"n":"Soin léger nuit So Bio Etic Anti-âge bio - 50ml","p":8.79,"u":"175,80 €/L","img":"https://fd6-photos.leclercdrive.fr/image.ashx?id=2792699&use=l&cat=p&typeid=i","cat":325345},{"id":149800,"n":"Crème de jour bio N.A.E. Mature - Pot 50ml","p":13.37,"u":"267,40 €/L","img":"https://fd6-photos.leclercdrive.fr/image.ashx?id=2450730&use=l&cat=p&typeid=i","cat":325345},{"id":149801,"n":"Crème de nuit bio N.A.E. Mature - Pot 50ml","p":13.7,"u":"274,00 €/L","img":"https://fd6-photos.leclercdrive.fr/image.ashx?id=2450733&use=l&cat=p&typeid=i","cat":325345},{"id":149805,"n":"Crème Pieds Anti-Crevasses Talons 24h - Lot de 2 x 60 ml","p":6.23,"u":"51,92 €/L","img":"https://fd6-photos.leclercdrive.fr/image.ashx?id=2061807&use=l&cat=p&typeid=i","cat":325354},{"id":149817,"n":"Rouleau Râpe Velvet Smooth Ultra Exfoliant Pieds - x2","p":14.26,"u":"7,13 €/P","img":"https://fd6-photos.leclercdrive.fr/image.ashx?id=2628404&use=l&cat=p&typeid=i","cat":325354},{"id":149819,"n":"Sérum Visage Correcteur Nivea Anti-taches Luminous - 30ml","p":17.98,"u":"599,33 €/L","img":"https://fd6-photos.leclercdrive.fr/image.ashx?id=2639720&use=l&cat=p&typeid=i","cat":325345},{"id":149854,"n":"Dentifrice Elmex enfant 0-6ans Anti-caries - 75ml","p":3.52,"u":"46,93 €/L","img":"https://fd6-photos.leclercdrive.fr/image.ashx?id=2745289&use=l&cat=p&typeid=i","cat":288898},{"id":149875,"n":"Raclette lave-vitres x1","p":1.45,"img":"https://fd6-photos.leclercdrive.fr/image.ashx?id=2068838&use=l&cat=p&typeid=i","cat":298252},{"id":149878,"n":"Brosse de lavage pour jantes x1","p":5.25,"img":"https://fd6-photos.leclercdrive.fr/image.ashx?id=2068363&use=l&cat=p&typeid=i","cat":298252},{"id":149879,"n":"Raclette anti-buée Avec manche télescopique x1","p":5.75,"img":"https://fd6-photos.leclercdrive.fr/image.ashx?id=2068360&use=l&cat=p&typeid=i","cat":298252},{"id":149881,"n":"Eponge végétale x1","p":2.85,"img":"https://fd6-photos.leclercdrive.fr/image.ashx?id=2068393&use=l&cat=p&typeid=i","cat":298252},{"id":149882,"n":"Brosse de lavage Carosserie et jantes - x1","p":4.99,"img":"https://fd6-photos.leclercdrive.fr/image.ashx?id=2068405&use=l&cat=p&typeid=i","cat":298252},{"id":149885,"n":"Peau chamoise 19dm2 - 40x48cm","p":8.45,"img":"https://fd6-photos.leclercdrive.fr/image.ashx?id=2068414&use=l&cat=p&typeid=i","cat":298252},{"id":149922,"n":"Foie gras d'Oie du Périgord L'Origine du Goût Entier - 125g","p":17.95,"u":"143,60 €/KG","img":"https://fd6-photos.leclercdrive.fr/image.ashx?id=2791434&use=l&cat=p&typeid=i","cat":316008},{"id":149958,"n":"Brosse à Dents Signal Soin Classique Souple x1","p":1.76,"img":"https://fd6-photos.leclercdrive.fr/image.ashx?id=2950894&use=l&cat=p&typeid=i","cat":284614},{"id":150041,"n":"Steaks hachés Charal 15%mg - 600g","p":10.2,"u":"17,00 €/KG","img":"https://fd6-photos.leclercdrive.fr/image.ashx?id=2064531&use=l&cat=p&typeid=i","cat":284332},{"id":150042,"n":"Happy boulettes Charal x18 - 270g","p":4.83,"u":"17,89 €/KG","img":"https://fd6-photos.leclercdrive.fr/image.ashx?id=2064534&use=l&cat=p&typeid=i","cat":284332},{"id":150053,"n":"Gnocchi à poeler Bio Village Bio - 300g","p":1.84,"u":"6,13 €/KG","img":"https://fd6-photos.leclercdrive.fr/image.ashx?id=2607969&use=l&cat=p&typeid=i","cat":333682},{"id":150228,"n":"Chichis Le Gaulois Poulet - 200g","p":2.77,"u":"13,85 €/KG","img":"https://fd6-photos.leclercdrive.fr/image.ashx?id=2416721&use=l&cat=p&typeid=i","cat":333684},{"id":150229,"n":"Céleri Pierre Martinet rémoulade moutarde - 300g","p":1.76,"u":"5,87 €/KG","img":"https://fd6-photos.leclercdrive.fr/image.ashx?id=2733082&use=l&cat=p&typeid=i","cat":333657},{"id":150238,"n":"Escalope Cordon Bleu Père Dodu  Double Cheese x2 - 200g","p":2.37,"u":"11,85 €/KG","img":"https://fd6-photos.leclercdrive.fr/image.ashx?id=2957185&use=l&cat=p&typeid=i","cat":333683},{"id":150247,"n":"Végétal Emincés Garden Gourmet Nature Soja 160g","p":3.33,"u":"20,81 €/KG","img":"https://fd6-photos.leclercdrive.fr/image.ashx?id=2971395&use=l&cat=p&typeid=i","cat":316036},{"id":150255,"n":"Torti au surimi Pierre Martinet - 300g","p":2.01,"u":"6,70 €/KG","img":"https://fd6-photos.leclercdrive.fr/image.ashx?id=2613441&use=l&cat=p&typeid=i","cat":333657},{"id":150307,"n":"Liquide refroidissement TECH9 -25°C - 5L","p":9.99,"u":"2,00 €/L","img":"https://fd6-photos.leclercdrive.fr/image.ashx?id=2162711&use=l&cat=p&typeid=i","cat":298253},{"id":150352,"n":"Sachets glacons Alfapac Easy release -x15","p":1.48,"u":"0,10 €/P","img":"https://fd6-photos.leclercdrive.fr/image.ashx?id=2655409&use=l&cat=p&typeid=i","cat":334134},{"id":150485,"n":"Chocolat Pâtissier Lindt Noir - 70% cacao - 200g","p":3.26,"u":"16,30 €/KG","img":"https://fd6-photos.leclercdrive.fr/image.ashx?id=2730223&use=l&cat=p&typeid=i","cat":285562},{"id":150486,"n":"Chocolat Pâtissier Lindt Noir - 51% cacao - 200g","p":3.25,"u":"16,25 €/KG","img":"https://fd6-photos.leclercdrive.fr/image.ashx?id=2088726&use=l&cat=p&typeid=i","cat":285562},{"id":150488,"n":"Tartine pain campagne Pasquier - 180g","p":2.02,"u":"11,22 €/KG","img":"https://fd6-photos.leclercdrive.fr/image.ashx?id=2967028&use=l&cat=p&typeid=i","cat":285543},{"id":150572,"n":"Shampooing Head&Shoulders 2x285ml +après-shampooing 220ml","p":17.28,"u":"26,18 €/L","img":"https://fd6-photos.leclercdrive.fr/image.ashx?id=2081482&use=l&cat=p&typeid=i","cat":284606},{"id":150590,"n":"Levure de bière Juvamine Beauté vitalité - x50 - 30g","p":3.27,"u":"109,00 €/KG","img":"https://fd6-photos.leclercdrive.fr/image.ashx?id=2773379&use=l&cat=p&typeid=i","cat":313217},{"id":150704,"n":"Whisky Bowmore 9 ans 70cl","p":27.3,"u":"39,00 €/L","img":"https://fd6-photos.leclercdrive.fr/image.ashx?id=2068618&use=l&cat=p&typeid=i","cat":284547},{"id":150763,"n":"Imperméabilisant protecteur Cuir Daim Nubuck 250ml","p":2.68,"u":"10,72 €/L","img":"https://fd6-photos.leclercdrive.fr/image.ashx?id=2835208&use=l&cat=p&typeid=i","cat":285201},{"id":150764,"n":"Désinfectant chaussures 100ml","p":2.11,"u":"21,10 €/L","img":"https://fd6-photos.leclercdrive.fr/image.ashx?id=2460667&use=l&cat=p&typeid=i","cat":285201},{"id":150788,"n":"HERTA Tendre Croc Jambon Fromage sans nitrite 200g x2","p":1.84,"u":"9,20 €/KG","img":"https://fd6-photos.leclercdrive.fr/image.ashx?id=2752885&use=l&cat=p&typeid=i","cat":333671},{"id":150789,"n":"Détartrant multi-usages Melitta 375ml","p":3.83,"u":"10,21 €/L","img":"https://fd6-photos.leclercdrive.fr/image.ashx?id=2871070&use=l&cat=p&typeid=i","cat":325362},{"id":150793,"n":"HERTA Tendre Croc Jambon Fromage sans nitrite 400g x4","p":3.57,"u":"8,93 €/KG","img":"https://fd6-photos.leclercdrive.fr/image.ashx?id=2070144&use=l&cat=p&typeid=i","cat":333671},{"id":150797,"n":"Cire dépilatoire Roll On Nair au sucre lait et miel - 100ml","p":5.23,"u":"52,30 €/L","img":"https://fd6-photos.leclercdrive.fr/image.ashx?id=2903242&use=l&cat=p&typeid=i","cat":325351},{"id":150798,"n":"HERTA Tendre Croc Comté Jambon sans nitrite 200g x2","p":2.14,"u":"10,70 €/KG","img":"https://fd6-photos.leclercdrive.fr/image.ashx?id=2070147&use=l&cat=p&typeid=i","cat":333671},{"id":150799,"n":"HERTA Tendre Croc Jambon Fromg ss croûte ss nitrite 200g","p":2.13,"u":"10,65 €/KG","img":"https://fd6-photos.leclercdrive.fr/image.ashx?id=2070153&use=l&cat=p&typeid=i","cat":333671},{"id":150821,"n":"Kinder Mix peluche Kinder 133g","p":13.92,"u":"104,66 €/KG","img":"https://fd6-photos.leclercdrive.fr/image.ashx?id=2428914&use=l&cat=p&typeid=i","cat":327789},{"id":150910,"n":"Liquide edulcorant Ginko 100% naturelle - 50ml","p":6.05,"u":"24,20 €/L","img":"https://fd6-photos.leclercdrive.fr/image.ashx?id=2239002&use=l&cat=p&typeid=i","cat":284504},{"id":151002,"n":"Gouter fourré carré P'tit Déli x16 - 295g","p":1.17,"u":"3,97 €/KG","img":"https://fd6-photos.leclercdrive.fr/image.ashx?id=2351238&use=l&cat=p&typeid=i","cat":284489},{"id":151103,"n":"Vin France Cabernet Sauvignon Rosé - Cambras - Merlot - 75cl","p":2.73,"u":"3,64 €/L","img":"https://fd6-photos.leclercdrive.fr/image.ashx?id=2941026&use=l&cat=p&typeid=i","cat":289558},{"id":151131,"n":"Charbon de bois Beaux Jours 40L","p":11.99,"u":"0,30 €/L","img":"https://fd6-photos.leclercdrive.fr/image.ashx?id=2078371&use=l&cat=p&typeid=i","cat":335917},{"id":151160,"n":"Crème gourmande Mamie Nova Chocolat banane - 2x150g","p":1.61,"u":"5,37 €/KG","img":"https://fd6-photos.leclercdrive.fr/image.ashx?id=2909041&use=l&cat=p&typeid=i","cat":285041},{"id":151168,"n":"Mousse au chocolat Bonne Maman 4x50g","p":2.47,"u":"12,35 €/KG","img":"https://fd6-photos.leclercdrive.fr/image.ashx?id=2912323&use=l&cat=p&typeid=i","cat":284417},{"id":151169,"n":"Liégeois lait d'amande chocolat Andros - 4x90g","p":3.14,"u":"8,72 €/KG","img":"https://fd6-photos.leclercdrive.fr/image.ashx?id=2871985&use=l&cat=p&typeid=i","cat":316071},{"id":151170,"n":"Riz au lait Andros Coco vanille - 4x100g","p":3.16,"u":"7,90 €/KG","img":"https://fd6-photos.leclercdrive.fr/image.ashx?id=2872024&use=l&cat=p&typeid=i","cat":316071},{"id":151235,"n":"HERTA Blanc de poulet nature sans nitrite - 140g 4T","p":1.99,"u":"14,21 €/KG","img":"https://fd6-photos.leclercdrive.fr/image.ashx?id=2731348&use=l&cat=p&typeid=i","cat":316010},{"id":151290,"n":"Herta Blanc de poulet -25% de sel sans nitrite 140g 4T","p":2.08,"u":"14,86 €/KG","img":"https://fd6-photos.leclercdrive.fr/image.ashx?id=2307733&use=l&cat=p&typeid=i","cat":316010},{"id":151460,"n":"Desserts Lactés P'TIT ONCTUEUX BIO NAT Sucre Canne 6M+ - 4x90g","p":2.51,"u":"6,97 €/KG","img":"https://fd6-photos.leclercdrive.fr/image.ashx?id=2235821&use=l&cat=p&typeid=i","cat":312392},{"id":151464,"n":"Fromage blanc Calin Extra Nature - 8x100g","p":2.25,"u":"2,81 €/KG","img":"https://fd6-photos.leclercdrive.fr/image.ashx?id=2973736&use=l&cat=p&typeid=i","cat":284409},{"id":151472,"n":"Fromage blanc Calin Extra Nature - 850g","p":2.34,"u":"2,75 €/KG","img":"https://fd6-photos.leclercdrive.fr/image.ashx?id=2973739&use=l&cat=p&typeid=i","cat":284409},{"id":151474,"n":"Fromage blanc Calin 0% Extra Naure - 8x100g","p":2.37,"u":"2,96 €/KG","img":"https://fd6-photos.leclercdrive.fr/image.ashx?id=2973733&use=l&cat=p&typeid=i","cat":284409},{"id":151508,"n":"Colin MSC haché Yooji 6 mois - 120g","p":4.31,"u":"35,92 €/KG","img":"https://fd6-photos.leclercdrive.fr/image.ashx?id=2529072&use=l&cat=p&typeid=i","cat":290631},{"id":151539,"n":"Crème jour anti-rides N.A.E. Bio - 50ml","p":13.55,"u":"271,00 €/L","img":"https://fd6-photos.leclercdrive.fr/image.ashx?id=2546434&use=l&cat=p&typeid=i","cat":325345},{"id":151602,"n":"Papier cuisson Albal Rouleau - 8m","p":2.38,"u":"0,30 €/MT","img":"https://fd6-photos.leclercdrive.fr/image.ashx?id=2551450&use=l&cat=p&typeid=i","cat":334134},{"id":151641,"n":"Bière Licorne Slash Red 8%vol - 75cl","p":3.81,"u":"5,08 €/L","img":"https://fd6-photos.leclercdrive.fr/image.ashx?id=2105488&use=l&cat=p&typeid=i","cat":334878},{"id":151674,"n":"Boisson gazeuse Kyo Kombucha Gingembre Citron - 50cl","p":2.97,"u":"5,94 €/L","img":"https://fd6-photos.leclercdrive.fr/image.ashx?id=2865956&use=l&cat=p&typeid=i","cat":295019},{"id":151677,"n":"Boisson gazeuse Kyo Kombucha Pêche baies de sureau - 50 cl","p":3.03,"u":"6,06 €/L","img":"https://fd6-photos.leclercdrive.fr/image.ashx?id=2865959&use=l&cat=p&typeid=i","cat":295019},{"id":151682,"n":"Mon Jambon Blanc Madrange Dégraissé Découenné x4 - 160g","p":2.73,"u":"17,06 €/KG","img":"https://fd6-photos.leclercdrive.fr/image.ashx?id=2973598&use=l&cat=p&typeid=i","cat":316009},{"id":151795,"n":"AOP Corbières rouge Hérésie - 75cl","p":7.5,"u":"10,00 €/L","img":"https://fd6-photos.leclercdrive.fr/image.ashx?id=2742138&use=l&cat=p&typeid=i","cat":289556},{"id":151826,"n":"Sangria Rosé Don Simon 7%vol. - 1,5L","p":2.68,"u":"1,79 €/L","img":"https://fd6-photos.leclercdrive.fr/image.ashx?id=2089613&use=l&cat=p&typeid=i","cat":304569},{"id":151871,"n":"Pruneaux d'Agen Bio Village Bio IGP Dénoyautés - 250g","p":3.99,"u":"15,96 €/KG","img":"https://fd6-photos.leclercdrive.fr/image.ashx?id=2584035&use=l&cat=p&typeid=i","cat":284357},{"id":151910,"n":"Kinder chocolat Moulage Poussin - 36g","p":2.17,"u":"60,28 €/KG","img":"https://fd6-photos.leclercdrive.fr/image.ashx?id=2065607&use=l&cat=p&typeid=i","cat":327592},{"id":151911,"n":"Kinder chocolat Moulage Ecureuil - 36g","p":2.17,"u":"60,28 €/KG","img":"https://fd6-photos.leclercdrive.fr/image.ashx?id=2077763&use=l&cat=p&typeid=i","cat":327592},{"id":151915,"n":"Kinder chocolat Moulage Mouton - 36g","p":2.17,"u":"60,28 €/KG","img":"https://fd6-photos.leclercdrive.fr/image.ashx?id=2077766&use=l&cat=p&typeid=i","cat":327592},{"id":151917,"n":"Kinder chocolat Moulage Coccinelle - 36g","p":2.17,"u":"60,28 €/KG","img":"https://fd6-photos.leclercdrive.fr/image.ashx?id=2077769&use=l&cat=p&typeid=i","cat":327592},{"id":151918,"n":"Kinder chocolat Moulage Grenouille - 36g","p":2.17,"u":"60,28 €/KG","img":"https://fd6-photos.leclercdrive.fr/image.ashx?id=2077772&use=l&cat=p&typeid=i","cat":327592},{"id":151934,"n":"yaourt fruits bio les 2 vaches brassé fraise rhubarbe - 4x115g","p":2.17,"u":"4,72 €/KG","img":"https://fd6-photos.leclercdrive.fr/image.ashx?id=2571539&use=l&cat=p&typeid=i","cat":284410},{"id":151936,"n":"Yaourt brassé Bio Les 2 Vaches Vanille - 4x115g","p":1.97,"u":"4,28 €/KG","img":"https://fd6-photos.leclercdrive.fr/image.ashx?id=2571542&use=l&cat=p&typeid=i","cat":284410},{"id":151957,"n":"Poudre fondante L'Oréal Paris Accord Parfait 5D Sable doré","p":13.53,"img":"https://fd6-photos.leclercdrive.fr/image.ashx?id=2278055&use=l&cat=p&typeid=i","cat":287029},{"id":151958,"n":"Poudre fondante L'Oréal Paris Accord Parfait 4N Beige","p":12.2,"img":"https://fd6-photos.leclercdrive.fr/image.ashx?id=2423445&use=l&cat=p&typeid=i","cat":287029},{"id":151959,"n":"Mascara Allongeant L'OréalParis Telescopic Carbone Noir","p":10.63,"img":"https://fd6-photos.leclercdrive.fr/image.ashx?id=2886178&use=l&cat=p&typeid=i","cat":287029},{"id":151961,"n":"Fond de Teint L'Oréal Paris Accord Parfait 3.5.N Pêche","p":13.38,"img":"https://fd6-photos.leclercdrive.fr/image.ashx?id=2108273&use=l&cat=p&typeid=i","cat":287029},{"id":151962,"n":"Fond de Teint L'Oréal Paris Accord Parfait 1.R Ivoire Rosé","p":13.53,"u":"451,00 €/L","img":"https://fd6-photos.leclercdrive.fr/image.ashx?id=2395550&use=l&cat=p&typeid=i","cat":287029},{"id":151964,"n":"BB Crème Teintée L'Oréal Paris Nuance 04 médium - 30ml","p":13.1,"u":"436,67 €/L","img":"https://fd6-photos.leclercdrive.fr/image.ashx?id=3014551&use=l&cat=p&typeid=i","cat":287029},{"id":151965,"n":"CC Crème L'Oréal Paris Anti-Rougeurs","p":13.98,"img":"https://fd6-photos.leclercdrive.fr/image.ashx?id=3014557&use=l&cat=p&typeid=i","cat":287029},{"id":151966,"n":"Eyeliner Feutre L'Oréal Paris  Waterproof 01 Noir intense","p":11.55,"img":"https://fd6-photos.leclercdrive.fr/image.ashx?id=2370380&use=l&cat=p&typeid=i","cat":287029},{"id":151968,"n":"Mascara Maybelline  Colossal Volum'express Noir","p":8.98,"img":"https://fd6-photos.leclercdrive.fr/image.ashx?id=2592180&use=l&cat=p&typeid=i","cat":287029},{"id":151971,"n":"Encre à lèvres mat Maybelline Superstay Matte Ink 20 Pioneer","p":8.36,"img":"https://fd6-photos.leclercdrive.fr/image.ashx?id=2423181&use=l&cat=p&typeid=i","cat":287029},{"id":151972,"n":"Correcteur anticerne Maybelline Instant Anti-Age 00 Ivoire","p":8.49,"img":"https://fd6-photos.leclercdrive.fr/image.ashx?id=2770545&use=l&cat=p&typeid=i","cat":287029},{"id":151986,"n":"Gel Salle de bain & WC Glade Bois de Santal & Jasmin 180g","p":1.97,"img":"https://fd6-photos.leclercdrive.fr/image.ashx?id=2453613&use=l&cat=p&typeid=i","cat":311628},{"id":151996,"n":"Fromage enfant Kiri crème 24 portions à tartiner - 432g","p":5.0,"u":"0,21 €/P","img":"https://fd6-photos.leclercdrive.fr/image.ashx?id=2973568&use=l&cat=p&typeid=i","cat":314030},{"id":152001,"n":"Gnocchi à poêler Roll Lustucru  300g","p":1.73,"u":"5,77 €/KG","img":"https://fd6-photos.leclercdrive.fr/image.ashx?id=2792408&use=l&cat=p&typeid=i","cat":333682},{"id":152002,"n":"Gouter fourré P'tit Déli Vanille - 295g","p":1.22,"u":"4,14 €/KG","img":"https://fd6-photos.leclercdrive.fr/image.ashx?id=2399138&use=l&cat=p&typeid=i","cat":284489},{"id":152023,"n":"Renovateur blanc La Vachette avec applicateur - 75ml","p":2.16,"u":"28,80 €/L","img":"https://fd6-photos.leclercdrive.fr/image.ashx?id=2075287&use=l&cat=p&typeid=i","cat":285201},{"id":152024,"n":"Cirage liquide noir La Vachette avec applicateur - 75ml","p":2.09,"u":"27,87 €/L","img":"https://fd6-photos.leclercdrive.fr/image.ashx?id=2075275&use=l&cat=p&typeid=i","cat":285201},{"id":152025,"n":"Cirage liquide La Vachette Incolore avec applicateur -75ml","p":2.09,"u":"27,87 €/L","img":"https://fd6-photos.leclercdrive.fr/image.ashx?id=2075278&use=l&cat=p&typeid=i","cat":285201},{"id":152027,"n":"Cirage crème noir La Vachette Boîte métal - 75ml","p":2.87,"u":"38,27 €/L","img":"https://fd6-photos.leclercdrive.fr/image.ashx?id=2566842&use=l&cat=p&typeid=i","cat":285201},{"id":152029,"n":"Cirage crème marron La Vachette Boîte métal - 75ml","p":2.87,"u":"38,27 €/L","img":"https://fd6-photos.leclercdrive.fr/image.ashx?id=2566845&use=l&cat=p&typeid=i","cat":285201},{"id":152030,"n":"Cirage liquide La Vachette Marron avec applicateur - 75ml","p":2.09,"u":"27,87 €/L","img":"https://fd6-photos.leclercdrive.fr/image.ashx?id=2075290&use=l&cat=p&typeid=i","cat":285201},{"id":152033,"n":"Coloration végétale bio Bionaïa Noire - 92g","p":7.55,"u":"82,07 €/KG","img":"https://fd6-photos.leclercdrive.fr/image.ashx?id=2075293&use=l&cat=p&typeid=i","cat":288899},{"id":152037,"n":"Coloration végétale bio BionaÏa Blond foncé - 92g","p":7.55,"u":"82,07 €/KG","img":"https://fd6-photos.leclercdrive.fr/image.ashx?id=2075299&use=l&cat=p&typeid=i","cat":288899},{"id":152041,"n":"Déodorant bille bio BionaÏa Eau coco/Aloe Vera - 50ml","p":1.35,"u":"27,00 €/L","img":"https://fd6-photos.leclercdrive.fr/image.ashx?id=2496964&use=l&cat=p&typeid=i","cat":284595},{"id":152042,"n":"Déodorant bille bio BionaÏa A la rose/aloe vera - 50ml","p":1.35,"u":"27,00 €/L","img":"https://fd6-photos.leclercdrive.fr/image.ashx?id=2481240&use=l&cat=p&typeid=i","cat":284595},{"id":152043,"n":"Déodorant bio BionaÏa 100ml","p":1.8,"u":"18,00 €/L","img":"https://fd6-photos.leclercdrive.fr/image.ashx?id=2075272&use=l&cat=p&typeid=i","cat":284595},{"id":152045,"n":"Savon solide Manava Citron et basilic x2 - 200g","p":1.39,"u":"6,95 €/KG","img":"https://fd6-photos.leclercdrive.fr/image.ashx?id=2358345&use=l&cat=p&typeid=i","cat":284597},{"id":152051,"n":"Détachant avant lavage Texil 400ml","p":1.85,"u":"4,63 €/L","img":"https://fd6-photos.leclercdrive.fr/image.ashx?id=2988126&use=l&cat=p&typeid=i","cat":284651},{"id":152053,"n":"Adoucissant Hyperdou Pêche x30 - 750ml","p":1.58,"u":"2,11 €/L","img":"https://fd6-photos.leclercdrive.fr/image.ashx?id=2614518&use=l&cat=p&typeid=i","cat":284650},{"id":152054,"n":"Adoucissant Hyperdou Vanille x30 - 750ml","p":1.99,"u":"2,65 €/L","img":"https://fd6-photos.leclercdrive.fr/image.ashx?id=2614521&use=l&cat=p&typeid=i","cat":284650},{"id":152297,"n":"Couches Love & Green Ecologiques T1 - x44","p":14.65,"u":"0,33 €/P","img":"https://fd6-photos.leclercdrive.fr/image.ashx?id=2830645&use=l&cat=p&typeid=i","cat":284737},{"id":152298,"n":"Couches Love & Green Ecologiques T2 - x44","p":14.65,"u":"0,33 €/P","img":"https://fd6-photos.leclercdrive.fr/image.ashx?id=2862578&use=l&cat=p&typeid=i","cat":284737},{"id":152300,"n":"Liniment Love & Green Bio - 500ml","p":7.91,"u":"15,82 €/L","img":"https://fd6-photos.leclercdrive.fr/image.ashx?id=2735716&use=l&cat=p&typeid=i","cat":284741},{"id":152348,"n":"Cure Age Perfect L'Oréal Paris Ampoules raffermissantes 7j-7ml","p":17.5,"img":"https://fd6-photos.leclercdrive.fr/image.ashx?id=2300566&use=l&cat=p&typeid=i","cat":325345},{"id":152349,"n":"Sérum nuit anti-âge L'Oréal Revitalift Rétinol Pur - 30ml","p":15.08,"u":"502,67 €/L","img":"https://fd6-photos.leclercdrive.fr/image.ashx?id=2867530&use=l&cat=p&typeid=i","cat":325345},{"id":152365,"n":"Crème éclat La Provençale Bio Jouvence Anti-Âge - 50ml","p":10.41,"u":"208,20 €/L","img":"https://fd6-photos.leclercdrive.fr/image.ashx?id=2948147&use=l&cat=p&typeid=i","cat":325345},{"id":152414,"n":"Crème hydratante Scholl Adoucissante - 75ml","p":4.75,"u":"63,33 €/L","img":"https://fd6-photos.leclercdrive.fr/image.ashx?id=2980884&use=l&cat=p&typeid=i","cat":325354},{"id":152420,"n":"Cryothérapie Mercurochrome Verrues pieds mains - 35ml","p":13.87,"u":"396,29 €/L","img":"https://fd6-photos.leclercdrive.fr/image.ashx?id=2693545&use=l&cat=p&typeid=i","cat":284630},{"id":152422,"n":"Coupe-ongles Scholl 1 pièce","p":6.01,"img":"https://fd6-photos.leclercdrive.fr/image.ashx?id=2981295&use=l&cat=p&typeid=i","cat":284630},{"id":152440,"n":"Gel Lubrifiant Massage 2 en 1 Durex Douceur Aloe Vera 200ml","p":7.53,"u":"37,65 €/L","img":"https://fd6-photos.leclercdrive.fr/image.ashx?id=2736556&use=l&cat=p&typeid=i","cat":285160},{"id":152459,"n":"Eau minérale naturelle Volvic 6x1L","p":2.86,"u":"0,48 €/L","img":"https://fd6-photos.leclercdrive.fr/image.ashx?id=2906076&use=l&cat=p&typeid=i","cat":284535},{"id":152473,"n":"Billes Chocolat au Lait KitKat Sachet - 400g","p":5.98,"u":"14,95 €/KG","img":"https://fd6-photos.leclercdrive.fr/image.ashx?id=2807087&use=l&cat=p&typeid=i","cat":304238},{"id":152505,"n":"Boisson végétale Bio Bjorg 1L","p":1.73,"u":"1,73 €/L","img":"https://fd6-photos.leclercdrive.fr/image.ashx?id=2972994&use=l&cat=p&typeid=i","cat":316067},{"id":152506,"n":"Boisson avoine Bio Bjorg Sans sucres - 1L","p":2.16,"u":"2,16 €/L","img":"https://fd6-photos.leclercdrive.fr/image.ashx?id=2939454&use=l&cat=p&typeid=i","cat":316067},{"id":152507,"n":"Charbon de bois Beaux Jours Qualité standard - 20L","p":6.29,"u":"0,31 €/L","img":"https://fd6-photos.leclercdrive.fr/image.ashx?id=2078368&use=l&cat=p&typeid=i","cat":335917},{"id":152576,"n":"Crêpes 1/2 lune Eco+ Jambon emmental - x20 - 1kg","p":2.33,"u":"2,33 €/KG","img":"https://fd6-photos.leclercdrive.fr/image.ashx?id=2698144&use=l&cat=p&typeid=i","cat":319776},{"id":152594,"n":"Desserts Lactés P'tit GOURMAND BIO Vanille  6M+ - 4x90g","p":2.29,"u":"6,36 €/KG","img":"https://fd6-photos.leclercdrive.fr/image.ashx?id=2629704&use=l&cat=p&typeid=i","cat":312392},{"id":152595,"n":"Barres chocolat Toblerone Chocolat au lait - 3x100g","p":4.44,"u":"14,80 €/KG","img":"https://fd6-photos.leclercdrive.fr/image.ashx?id=2078241&use=l&cat=p&typeid=i","cat":284498},{"id":152608,"n":"Mayonnaise de Dijon Amora 5 ingrédients - 400g","p":2.96,"u":"7,40 €/KG","img":"https://fd6-photos.leclercdrive.fr/image.ashx?id=3005392&use=l&cat=p&typeid=i","cat":298295},{"id":152610,"n":"Pasta Box Sodebo Fusilli à la Bolognaise - 330g","p":2.55,"u":"7,73 €/KG","img":"https://fd6-photos.leclercdrive.fr/image.ashx?id=2991996&use=l&cat=p&typeid=i","cat":334983},{"id":152611,"n":"Gâteaux Kinder Délice coconut Noix de coco et cacao - 10x37g","p":3.75,"u":"10,14 €/KG","img":"https://fd6-photos.leclercdrive.fr/image.ashx?id=2832482&use=l&cat=p&typeid=i","cat":284495},{"id":152612,"n":"Pasta Box Sodebo Fusilli à la Carbonara - 330g","p":2.51,"u":"7,61 €/KG","img":"https://fd6-photos.leclercdrive.fr/image.ashx?id=2919781&use=l&cat=p&typeid=i","cat":334983},{"id":152615,"n":"Pasta Box Sodebo Fusilli Fromages Italiens -330g","p":2.63,"u":"7,97 €/KG","img":"https://fd6-photos.leclercdrive.fr/image.ashx?id=2919784&use=l&cat=p&typeid=i","cat":334983},{"id":152616,"n":"Pasta Box Sodebo Fusilli Saumon - 280g","p":3.45,"u":"11,50 €/KG","img":"https://fd6-photos.leclercdrive.fr/image.ashx?id=2985078&use=l&cat=p&typeid=i","cat":334983},{"id":152617,"n":"Happy Cherry Haribo Sachet bonbons - 220g","p":1.92,"u":"8,73 €/KG","img":"https://fd6-photos.leclercdrive.fr/image.ashx?id=2984901&use=l&cat=p&typeid=i","cat":304250},{"id":152663,"n":"Préservatifs Manix Skyn sans latex - x20","p":17.34,"u":"0,87 €/P","img":"https://fd6-photos.leclercdrive.fr/image.ashx?id=2861063&use=l&cat=p&typeid=i","cat":284631},{"id":152682,"n":"Bière Cherry Chouffe 75cl","p":4.58,"u":"6,11 €/L","img":"https://fd6-photos.leclercdrive.fr/image.ashx?id=3009050&use=l&cat=p&typeid=i","cat":334872},{"id":152736,"n":"Camembert Le Rustique Extra coulant - 240g","p":3.5,"u":"14,58 €/KG","img":"https://fd6-photos.leclercdrive.fr/image.ashx?id=2797479&use=l&cat=p&typeid=i","cat":314033},{"id":152742,"n":"Purée de Pomme Vanille Valade Bio Sans sucres ajoutés - 630g","p":2.58,"u":"4,10 €/KG","img":"https://fd6-photos.leclercdrive.fr/image.ashx?id=2881819&use=l&cat=p&typeid=i","cat":284508},{"id":152774,"n":"Sauce Algérienne Heinz - 220g","p":1.81,"u":"8,23 €/KG","img":"https://fd6-photos.leclercdrive.fr/image.ashx?id=2926846&use=l&cat=p&typeid=i","cat":318431},{"id":152900,"n":"Spray désinfectant Steripan Antiseptique sans gaz - 100ml","p":4.02,"u":"40,20 €/L","img":"https://fd6-photos.leclercdrive.fr/image.ashx?id=2078754&use=l&cat=p&typeid=i","cat":284630},{"id":152906,"n":"Thon albacore Pompon Rouge 2x130g","p":4.55,"u":"17,50 €/KG","img":"https://fd6-photos.leclercdrive.fr/image.ashx?id=2078775&use=l&cat=p&typeid=i","cat":303867},{"id":152940,"n":"Soin Mercurochrome ongles âbimés - 1 pièce","p":10.59,"img":"https://fd6-photos.leclercdrive.fr/image.ashx?id=2663995&use=l&cat=p&typeid=i","cat":284630},{"id":152955,"n":"Canettes Coca-Cola Sans sucre - 2 offerts - 20x33cl","p":9.93,"u":"1,50 €/L","img":"https://fd6-photos.leclercdrive.fr/image.ashx?id=3009005&use=l&cat=p&typeid=i","cat":284530},{"id":152984,"n":"AOP Prosecco rosé  Vilaveroni - 75cl","p":7.58,"u":"10,11 €/L","img":"https://fd6-photos.leclercdrive.fr/image.ashx?id=2492354&use=l&cat=p&typeid=i","cat":289558},{"id":153015,"n":"Cassonade pure canne Daddy 750g","p":1.47,"u":"1,96 €/KG","img":"https://fd6-photos.leclercdrive.fr/image.ashx?id=2944702&use=l&cat=p&typeid=i","cat":284502},{"id":153059,"n":"Cônes glacés Trium Chocolat - x6 - 423g","p":2.13,"u":"5,04 €/KG","img":"https://fd6-photos.leclercdrive.fr/image.ashx?id=2931829&use=l&cat=p&typeid=i","cat":284264},{"id":153060,"n":"Cônes glacés Trium Vanille caramel - x6 - 432g","p":2.53,"u":"5,86 €/KG","img":"https://fd6-photos.leclercdrive.fr/image.ashx?id=2931835&use=l&cat=p&typeid=i","cat":284264},{"id":153061,"n":"Cônes glacés Trium Vanille fraise - x6 - 426g","p":1.69,"u":"3,97 €/KG","img":"https://fd6-photos.leclercdrive.fr/image.ashx?id=2931808&use=l&cat=p&typeid=i","cat":284264},{"id":153062,"n":"Cônes glacés Trium Vanille nougatine x6 - 402g","p":1.59,"u":"3,96 €/KG","img":"https://fd6-photos.leclercdrive.fr/image.ashx?id=2931805&use=l&cat=p&typeid=i","cat":284264},{"id":153066,"n":"Cônes glacés Trium A l'italienne fraise x4 - 286g","p":2.26,"u":"7,90 €/KG","img":"https://fd6-photos.leclercdrive.fr/image.ashx?id=2931802&use=l&cat=p&typeid=i","cat":284264},{"id":153067,"n":"Cônes glacés Trium Fruits rouges - x6 - 474g","p":2.51,"u":"5,30 €/KG","img":"https://fd6-photos.leclercdrive.fr/image.ashx?id=2931832&use=l&cat=p&typeid=i","cat":284264},{"id":153070,"n":"Cônes glacés Trium Menthe chocolat x6 - 414g","p":2.19,"u":"5,29 €/KG","img":"https://fd6-photos.leclercdrive.fr/image.ashx?id=2931826&use=l&cat=p&typeid=i","cat":284264},{"id":153071,"n":"Cônes glacés Trium Crème brulée - x6 - 426g","p":2.52,"u":"5,92 €/KG","img":"https://fd6-photos.leclercdrive.fr/image.ashx?id=2931820&use=l&cat=p&typeid=i","cat":284264},{"id":153073,"n":"Cônes glacés Trium Vanille chocolat - x6 - 426g","p":1.93,"u":"4,53 €/KG","img":"https://fd6-photos.leclercdrive.fr/image.ashx?id=2931817&use=l&cat=p&typeid=i","cat":284264},{"id":153074,"n":"Cônes glacés Trium Citron framboise x6 - 456g","p":2.67,"u":"5,86 €/KG","img":"https://fd6-photos.leclercdrive.fr/image.ashx?id=2931811&use=l&cat=p&typeid=i","cat":284264},{"id":153075,"n":"Cônes glacés Trium Chocolat pistaches - x6 - 402g","p":1.99,"u":"4,95 €/KG","img":"https://fd6-photos.leclercdrive.fr/image.ashx?id=2909909&use=l&cat=p&typeid=i","cat":284264},{"id":153089,"n":"Lotion anti-insectes Autan 100 ml","p":7.67,"u":"76,70 €/L","img":"https://fd6-photos.leclercdrive.fr/image.ashx?id=2791575&use=l&cat=p&typeid=i","cat":298368},{"id":153108,"n":"Rhum blanc Clement 50° - 1L","p":21.36,"u":"21,36 €/L","img":"https://fd6-photos.leclercdrive.fr/image.ashx?id=2093244&use=l&cat=p&typeid=i","cat":284550},{"id":153151,"n":"Jambon Supérieur Fleury Michon sans nitrite x4 - 140g","p":2.17,"u":"15,50 €/KG","img":"https://fd6-photos.leclercdrive.fr/image.ashx?id=2889475&use=l&cat=p&typeid=i","cat":316009},{"id":153153,"n":"Jambon Supérieur Fleury Michon -25% sel sans nitrite- x2 - 70g","p":2.02,"u":"28,86 €/KG","img":"https://fd6-photos.leclercdrive.fr/image.ashx?id=2889484&use=l&cat=p&typeid=i","cat":316009},{"id":153154,"n":"Jambon Supérieur Fleury Michon -25% sel sans nitrite x6 - 210g","p":4.29,"u":"20,43 €/KG","img":"https://fd6-photos.leclercdrive.fr/image.ashx?id=2889487&use=l&cat=p&typeid=i","cat":316009},{"id":153155,"n":"Jambon Supérieur Fleury Michon -25% sel sans nitrite x4 - 140g","p":2.92,"u":"20,86 €/KG","img":"https://fd6-photos.leclercdrive.fr/image.ashx?id=2905399&use=l&cat=p&typeid=i","cat":316009},{"id":153158,"n":"Jambon Simplement Bon Fleury  Michon -25% de sel - x6 - 210g","p":3.17,"u":"15,10 €/KG","img":"https://fd6-photos.leclercdrive.fr/image.ashx?id=2842696&use=l&cat=p&typeid=i","cat":316009},{"id":153159,"n":"Jambon Simplement Bon Fleury  Michon -25% de sel x4 - 140g","p":2.58,"u":"18,43 €/KG","img":"https://fd6-photos.leclercdrive.fr/image.ashx?id=2843385&use=l&cat=p&typeid=i","cat":316009},{"id":153166,"n":"Jambon Simplement Bon Fleury Michon - x6 - 240g","p":2.64,"u":"11,00 €/KG","img":"https://fd6-photos.leclercdrive.fr/image.ashx?id=2843150&use=l&cat=p&typeid=i","cat":316009},{"id":153167,"n":"Jambon Simplement Bon  Fleury Michon - x8 - 320g","p":3.97,"u":"12,41 €/KG","img":"https://fd6-photos.leclercdrive.fr/image.ashx?id=3008383&use=l&cat=p&typeid=i","cat":316009},{"id":153192,"n":"Canettes Coca-cola Zéro Soda sans sucre - 12x33cl","p":6.78,"u":"1,71 €/L","img":"https://fd6-photos.leclercdrive.fr/image.ashx?id=2209194&use=l&cat=p&typeid=i","cat":284530},{"id":153229,"n":"Mayonnaise de Dijon Amora Tube - 175g","p":1.47,"u":"8,40 €/KG","img":"https://fd6-photos.leclercdrive.fr/image.ashx?id=2082711&use=l&cat=p&typeid=i","cat":298295},{"id":153242,"n":"Ketchup Amora  468g","p":2.26,"u":"4,83 €/KG","img":"https://fd6-photos.leclercdrive.fr/image.ashx?id=2766628&use=l&cat=p&typeid=i","cat":284455},{"id":153248,"n":"Rôti de porc Fleury Michon Extra tendre - x4 - 160g","p":3.29,"u":"20,56 €/KG","img":"https://fd6-photos.leclercdrive.fr/image.ashx?id=2314050&use=l&cat=p&typeid=i","cat":316009},{"id":153249,"n":"Barre patisserie P'tit Déli Pepites de chocolats 500g","p":3.49,"u":"6,98 €/KG","img":"https://fd6-photos.leclercdrive.fr/image.ashx?id=2609589&use=l&cat=p&typeid=i","cat":294776},{"id":153313,"n":"Gateau Savane Brossard Pocket chocolat - x7  210g","p":2.18,"u":"10,38 €/KG","img":"https://fd6-photos.leclercdrive.fr/image.ashx?id=2870722&use=l&cat=p&typeid=i","cat":284495},{"id":153328,"n":"Gâteaux fourrés Napolitain LU Chocolat - 180g","p":1.51,"u":"8,39 €/KG","img":"https://fd6-photos.leclercdrive.fr/image.ashx?id=3002225&use=l&cat=p&typeid=i","cat":284495},{"id":153367,"n":"Table à repasser Homeside Plateau 120x40cm","p":29.99,"u":"Dont 0,31 € d'éco-part.","img":"https://fd6-photos.leclercdrive.fr/image.ashx?id=2118018&use=l&cat=p&typeid=i","cat":335909},{"id":153368,"n":"Table à repasserHomeside Plateau 130x45cm","p":44.99,"img":"https://fd6-photos.leclercdrive.fr/image.ashx?id=2118021&use=l&cat=p&typeid=i","cat":335909},{"id":153370,"n":"Piles alcalines LR20 x4","p":2.24,"u":"0,56 €/P","img":"https://fd6-photos.leclercdrive.fr/image.ashx?id=2102977&use=l&cat=p&typeid=i","cat":300572},{"id":153393,"n":"Eau Aromatisée Vittel Aro Fraise - 1L","p":1.17,"u":"1,17 €/L","img":"https://fd6-photos.leclercdrive.fr/image.ashx?id=2788874&use=l&cat=p&typeid=i","cat":284537},{"id":153447,"n":"Lait Céréales bio Bio Village Vanille 6 mois - 2x25cl","p":2.13,"u":"4,26 €/L","img":"https://fd6-photos.leclercdrive.fr/image.ashx?id=2833026&use=l&cat=p&typeid=i","cat":312226},{"id":153734,"n":"Pâte de curry doux Patak's 165g","p":2.98,"u":"18,06 €/KG","img":"https://fd6-photos.leclercdrive.fr/image.ashx?id=2879802&use=l&cat=p&typeid=i","cat":289012},{"id":153784,"n":"Serfouette forgée Beaux Jours Panne et fourche - 1 pièce","p":9.9,"img":"https://fd6-photos.leclercdrive.fr/image.ashx?id=2162222&use=l&cat=p&typeid=i","cat":335920},{"id":153879,"n":"Bloc 8 prises avec interrupteur Foxter x1","p":11.9,"u":"Dont 0,02 € d'éco-part.","img":"https://fd6-photos.leclercdrive.fr/image.ashx?id=2085167&use=l&cat=p&typeid=i","cat":300575},{"id":153967,"n":"Changes bébé Lotus Baby T2 Douceur naturelle 3/6kg - x45","p":13.92,"u":"0,31 €/P","img":"https://fd6-photos.leclercdrive.fr/image.ashx?id=2909206&use=l&cat=p&typeid=i","cat":284737},{"id":154600,"n":"Arrangé secret d'épices 40%vol - Chatel - 70cl","p":18.95,"pp":15.95,"u":"22,79 €/L","img":"https://fd6-photos.leclercdrive.fr/image.ashx?id=2086912&use=l&cat=p&typeid=i","cat":284551},{"id":154629,"n":"Bière Blonde Leffe 6,6% - 20x25cl","p":15.2,"u":"3,04 €/L","img":"https://fd6-photos.leclercdrive.fr/image.ashx?id=2995427&use=l&cat=p&typeid=i","cat":334852},{"id":154631,"n":"Boisson multifruits Jafun Format poche - 10x20Cl","p":3.2,"u":"1,60 €/L","img":"https://fd6-photos.leclercdrive.fr/image.ashx?id=2992561&use=l&cat=p&typeid=i","cat":284524},{"id":155114,"n":"Bicarbonate de soude Mousse de lin tradition - 1kg","p":3.44,"u":"3,44 €/KG","img":"https://fd6-photos.leclercdrive.fr/image.ashx?id=2336521&use=l&cat=p&typeid=i","cat":325365},{"id":155123,"n":"Biscuits fourrés  BN Fraises - 285g","p":1.36,"u":"4,77 €/KG","img":"https://fd6-photos.leclercdrive.fr/image.ashx?id=2878804&use=l&cat=p&typeid=i","cat":284489},{"id":155126,"n":"Boisson à base de vin blanc Very Pech'- Pêche Bio - 75cl","p":3.56,"u":"4,75 €/L","img":"https://fd6-photos.leclercdrive.fr/image.ashx?id=2489455&use=l&cat=p&typeid=i","cat":304569},{"id":155134,"n":"Knacki original Herta x4 - 140g","p":1.37,"u":"9,79 €/KG","img":"https://fd6-photos.leclercdrive.fr/image.ashx?id=2289840&use=l&cat=p&typeid=i","cat":316012},{"id":155295,"n":"Préparation Cookies alsa Pépites de Chocolat - 240g","p":2.19,"u":"9,13 €/KG","img":"https://fd6-photos.leclercdrive.fr/image.ashx?id=2996446&use=l&cat=p&typeid=i","cat":284505},{"id":155300,"n":"Capsules Starbucks by Nespresso  Italian Style Int 11 - x10","p":3.69,"u":"65,89 €/KG","img":"https://fd6-photos.leclercdrive.fr/image.ashx?id=2654068&use=l&cat=p&typeid=i","cat":284749},{"id":155301,"n":"Biscuit BN chocolat 285g","p":1.36,"u":"4,77 €/KG","img":"https://fd6-photos.leclercdrive.fr/image.ashx?id=2810705&use=l&cat=p&typeid=i","cat":284488},{"id":155302,"n":"Biscuits BN casse croute 400g","p":1.42,"u":"3,55 €/KG","img":"https://fd6-photos.leclercdrive.fr/image.ashx?id=2503900&use=l&cat=p&typeid=i","cat":284491},{"id":155303,"n":"Briochettes Pasquier x12 - 480g","p":2.28,"u":"4,75 €/KG","img":"https://fd6-photos.leclercdrive.fr/image.ashx?id=2417857&use=l&cat=p&typeid=i","cat":284478},{"id":155334,"n":"Gel répulsif Junior Autan Anti-moustique - 100 ml","p":7.22,"u":"72,20 €/L","img":"https://fd6-photos.leclercdrive.fr/image.ashx?id=2791584&use=l&cat=p&typeid=i","cat":299654},{"id":155335,"n":"Répulsif anti-moustiques Autan Tropical - 100ml","p":3.87,"u":"38,70 €/L","img":"https://fd6-photos.leclercdrive.fr/image.ashx?id=2791572&use=l&cat=p&typeid=i","cat":298368},{"id":155337,"n":"Répulsif insectes Autan Botanicals - 100ml","p":5.55,"u":"55,50 €/L","img":"https://fd6-photos.leclercdrive.fr/image.ashx?id=2791569&use=l&cat=p&typeid=i","cat":299654},{"id":155340,"n":"Spray répulsif moustiques Autan Tropical - 100 ml","p":5.14,"u":"51,40 €/L","img":"https://fd6-photos.leclercdrive.fr/image.ashx?id=2791566&use=l&cat=p&typeid=i","cat":299654},{"id":155393,"n":"Thon naturel MSC Petit Navire 2x112g","p":5.88,"u":"26,25 €/KG","img":"https://fd6-photos.leclercdrive.fr/image.ashx?id=2226265&use=l&cat=p&typeid=i","cat":303867},{"id":155411,"n":"Chewing-gum Mentos Pure Fresh  Cerise sans sucres - 100g","p":3.28,"u":"32,80 €/KG","img":"https://fd6-photos.leclercdrive.fr/image.ashx?id=2659807&use=l&cat=p&typeid=i","cat":304251},{"id":155432,"n":"Moulin à poivre Ogo Pro Bois naturel - 23 cm - x1","p":19.9,"img":"https://fd6-photos.leclercdrive.fr/image.ashx?id=2116506&use=l&cat=p&typeid=i","cat":334135},{"id":155437,"n":"Tête franges la Véritable Elephant - x1","p":5.85,"img":"https://fd6-photos.leclercdrive.fr/image.ashx?id=2571494&use=l&cat=p&typeid=i","cat":284669},{"id":155439,"n":"Seau Serpillère France Elephant x1","p":8.1,"img":"https://fd6-photos.leclercdrive.fr/image.ashx?id=2575543&use=l&cat=p&typeid=i","cat":284669},{"id":155440,"n":"Essoreur design France Elephant - x1","p":3.7,"img":"https://fd6-photos.leclercdrive.fr/image.ashx?id=2570421&use=l&cat=p&typeid=i","cat":284669},{"id":155441,"n":"Tissus d'entretien Elephant x10","p":4.9,"img":"https://fd6-photos.leclercdrive.fr/image.ashx?id=2570418&use=l&cat=p&typeid=i","cat":325364},{"id":155474,"n":"Flûtes Elegance 3 x 18cl","p":5.3,"img":"https://fd6-photos.leclercdrive.fr/image.ashx?id=2118141&use=l&cat=p&typeid=i","cat":334134},{"id":155475,"n":"Pince Barbecue Silicone x1","p":2.99,"img":"https://fd6-photos.leclercdrive.fr/image.ashx?id=2118084&use=l&cat=p&typeid=i","cat":334135},{"id":155484,"n":"Gel WC Domestos Protect Eucalyptus Menthe - 700ml","p":2.38,"u":"3,40 €/L","img":"https://fd6-photos.leclercdrive.fr/image.ashx?id=2811755&use=l&cat=p&typeid=i","cat":284662},{"id":155493,"n":"Soin des yeux Diadermine Lift+ Algo rétinol - 15ml","p":9.9,"u":"198,00 €/L","img":"https://fd6-photos.leclercdrive.fr/image.ashx?id=2453340&use=l&cat=p&typeid=i","cat":325345},{"id":155511,"n":"Nettoyant Lave-Linge Destop  Désinfectant - x2","p":5.09,"u":"10,18 €/L","img":"https://fd6-photos.leclercdrive.fr/image.ashx?id=2831735&use=l&cat=p&typeid=i","cat":284653},{"id":155536,"n":"Vernis à ongles Rimmel Gel 043 Venus 12ml - x1","p":6.5,"u":"541,67 €/L","img":"https://fd6-photos.leclercdrive.fr/image.ashx?id=2103040&use=l&cat=p&typeid=i","cat":325347},{"id":155546,"n":"Assiettes dessert 17cm Blanc sans film PE - x50","p":2.69,"u":"0,05 €/P","img":"https://fd6-photos.leclercdrive.fr/image.ashx?id=2096688&use=l&cat=p&typeid=i","cat":334134},{"id":155549,"n":"Glace Bâtonnet MAGNUM Double Gold Caramel 4x85ml","p":2.99,"u":"10,53 €/KG","img":"https://fd6-photos.leclercdrive.fr/image.ashx?id=2770620&use=l&cat=p&typeid=i","cat":284265},{"id":155551,"n":"Mini bâtonnet Magnum  Double gold caramel x6 - 282g","p":3.48,"u":"12,34 €/KG","img":"https://fd6-photos.leclercdrive.fr/image.ashx?id=2769239&use=l&cat=p&typeid=i","cat":284265},{"id":155714,"n":"Déboucheur Gel Destop  Spécial Cheveux - 1L","p":2.67,"u":"2,67 €/L","img":"https://fd6-photos.leclercdrive.fr/image.ashx?id=2625388&use=l&cat=p&typeid=i","cat":284908},{"id":155717,"n":"Sauce apéritif  Doritos Goût salsa douce -280g","p":2.4,"u":"8,57 €/KG","img":"https://fd6-photos.leclercdrive.fr/image.ashx?id=3014476&use=l&cat=p&typeid=i","cat":284451},{"id":155772,"n":"Spray Détachant à Sec Vanish  500ml","p":5.44,"u":"10,88 €/L","img":"https://fd6-photos.leclercdrive.fr/image.ashx?id=2680410&use=l&cat=p&typeid=i","cat":284651},{"id":155776,"n":"Shampoing Le Petit Marseillais  Calendula & coco - 250ml","p":1.78,"u":"7,12 €/L","img":"https://fd6-photos.leclercdrive.fr/image.ashx?id=2684173&use=l&cat=p&typeid=i","cat":284606},{"id":155795,"n":"Soda Coca-Cola - SANS SUCRES Canette - 6x33cl","p":3.35,"u":"1,69 €/L","img":"https://fd6-photos.leclercdrive.fr/image.ashx?id=2736805&use=l&cat=p&typeid=i","cat":284530},{"id":155820,"n":"Salade Batavia verte 1p","p":1.19,"img":"https://fd6-photos.leclercdrive.fr/image.ashx?id=1633577&use=l&cat=p&typeid=i","cat":284352},{"id":155828,"n":"Chou rouge 1p","p":1.89,"img":"https://fd6-photos.leclercdrive.fr/image.ashx?id=560850&use=l&cat=p&typeid=i","cat":284352},{"id":155829,"n":"Salade laitue verte 1p","p":0.99,"img":"https://fd6-photos.leclercdrive.fr/image.ashx?id=1633040&use=l&cat=p&typeid=i","cat":284352},{"id":155894,"n":"Blanc de Dinde Le Gaulois Sans nitrites x4 tranches -160g","p":2.12,"u":"13,25 €/KG","img":"https://fd6-photos.leclercdrive.fr/image.ashx?id=2962623&use=l&cat=p&typeid=i","cat":316010},{"id":155900,"n":"Boisson aux Fruits Jafun Tropical - 10x20cl","p":3.2,"u":"1,60 €/L","img":"https://fd6-photos.leclercdrive.fr/image.ashx?id=2992567&use=l&cat=p&typeid=i","cat":295018},{"id":155901,"n":"Ménagère 24 pièces gris Collection Barbara","p":19.9,"u":"0,83 €/P","img":"https://fd6-photos.leclercdrive.fr/image.ashx?id=2118060&use=l&cat=p&typeid=i","cat":334134},{"id":155904,"n":"Cure-dents Homeside x120","p":0.4,"img":"https://fd6-photos.leclercdrive.fr/image.ashx?id=2118069&use=l&cat=p&typeid=i","cat":334135},{"id":155905,"n":"Ciseaux classic universel Orange droitier - 21cm","p":17.9,"img":"https://fd6-photos.leclercdrive.fr/image.ashx?id=2736853&use=l&cat=p&typeid=i","cat":334135},{"id":155908,"n":"Passoire sur pied x1","p":4.5,"img":"https://fd6-photos.leclercdrive.fr/image.ashx?id=2118105&use=l&cat=p&typeid=i","cat":334135},{"id":155909,"n":"Bac à glaçons souple x1","p":2.5,"img":"https://fd6-photos.leclercdrive.fr/image.ashx?id=2118072&use=l&cat=p&typeid=i","cat":334135},{"id":155913,"n":"Brochette 15cm x75","p":0.67,"img":"https://fd6-photos.leclercdrive.fr/image.ashx?id=2118066&use=l&cat=p&typeid=i","cat":334135},{"id":155914,"n":"Spatule trendy x1","p":3.9,"img":"https://fd6-photos.leclercdrive.fr/image.ashx?id=2118102&use=l&cat=p&typeid=i","cat":334135},{"id":155916,"n":"Eplucheur trendy x1","p":3.5,"img":"https://fd6-photos.leclercdrive.fr/image.ashx?id=2118099&use=l&cat=p&typeid=i","cat":334135},{"id":155918,"n":"Rouleau avec poignées articulées - bois - x1","p":2.49,"img":"https://fd6-photos.leclercdrive.fr/image.ashx?id=2118081&use=l&cat=p&typeid=i","cat":334135},{"id":155921,"n":"Faitout 24cm x1","p":20.0,"img":"https://fd6-photos.leclercdrive.fr/image.ashx?id=2118129&use=l&cat=p&typeid=i","cat":298490},{"id":155923,"n":"Gourde double paroi inox 500ml","p":7.9,"img":"https://fd6-photos.leclercdrive.fr/image.ashx?id=2118144&use=l&cat=p&typeid=i","cat":284710},{"id":155924,"n":"Gourde en verre avec housse 310ml","p":3.9,"img":"https://fd6-photos.leclercdrive.fr/image.ashx?id=2118147&use=l&cat=p&typeid=i","cat":284710},{"id":155928,"n":"Assiette Pat'Patrouille x1","p":3.5,"img":"https://fd6-photos.leclercdrive.fr/image.ashx?id=2115451&use=l&cat=p&typeid=i","cat":334134},{"id":155929,"n":"Gourde Tritan Disney Reine des Neiges - 350ml","p":5.9,"img":"https://fd6-photos.leclercdrive.fr/image.ashx?id=2115463&use=l&cat=p&typeid=i","cat":334134},{"id":155930,"n":"Verre Pat'Patrouille x1","p":1.7,"img":"https://fd6-photos.leclercdrive.fr/image.ashx?id=2115454&use=l&cat=p&typeid=i","cat":334134},{"id":155934,"n":"Verre Disney Reines des Nieges x1","p":1.7,"img":"https://fd6-photos.leclercdrive.fr/image.ashx?id=2115460&use=l&cat=p&typeid=i","cat":334134},{"id":155937,"n":"Service de table blanc Luminarc 18 pièces","p":19.9,"img":"https://fd6-photos.leclercdrive.fr/image.ashx?id=2578897&use=l&cat=p&typeid=i","cat":334134},{"id":155938,"n":"Etiquettes adhésives kit Quattro stagioni - x30","p":2.95,"img":"https://fd6-photos.leclercdrive.fr/image.ashx?id=2118165&use=l&cat=p&typeid=i","cat":334134},{"id":155941,"n":"Gourde acier inox bouteille Isotherme - 500ml","p":15.64,"img":"https://fd6-photos.leclercdrive.fr/image.ashx?id=2114755&use=l&cat=p&typeid=i","cat":284710},{"id":155945,"n":"Couvercles extensibles en silicone-  x5","p":4.9,"img":"https://fd6-photos.leclercdrive.fr/image.ashx?id=2118150&use=l&cat=p&typeid=i","cat":334134},{"id":155947,"n":"Gourde acier inox Bouteille Isotherme - 1L","p":23.76,"img":"https://fd6-photos.leclercdrive.fr/image.ashx?id=2114758&use=l&cat=p&typeid=i","cat":284710},{"id":155956,"n":"Poubelle boule blanc 5.5L","p":3.47,"img":"https://fd6-photos.leclercdrive.fr/image.ashx?id=2118012&use=l&cat=p&typeid=i","cat":335909},{"id":155959,"n":"Panier à linge gris 40L","p":7.9,"img":"https://fd6-photos.leclercdrive.fr/image.ashx?id=2118117&use=l&cat=p&typeid=i","cat":335909},{"id":155961,"n":"Coffre à linge bleu 55L","p":10.9,"img":"https://fd6-photos.leclercdrive.fr/image.ashx?id=2118114&use=l&cat=p&typeid=i","cat":335909},{"id":155966,"n":"Poubelle à pédale Noire - 44L","p":18.99,"img":"https://fd6-photos.leclercdrive.fr/image.ashx?id=2118030&use=l&cat=p&typeid=i","cat":335909},{"id":155980,"n":"Beurrier vache Luminarc Ensemble 2 pièces","p":6.5,"img":"https://fd6-photos.leclercdrive.fr/image.ashx?id=2578891&use=l&cat=p&typeid=i","cat":334134},{"id":155981,"n":"Moulin à sel Ogo Living Bois naturel - 15cm - x1","p":14.9,"img":"https://fd6-photos.leclercdrive.fr/image.ashx?id=2114104&use=l&cat=p&typeid=i","cat":334135},{"id":155984,"n":"Autocuiseur 4,5L x1","p":59.9,"img":"https://fd6-photos.leclercdrive.fr/image.ashx?id=2118033&use=l&cat=p&typeid=i","cat":298490},{"id":155985,"n":"Set 3 casseroles 16/18/20cm Tefal +1 poignée ingenio x1","p":76.2,"img":"https://fd6-photos.leclercdrive.fr/image.ashx?id=2304126&use=l&cat=p&typeid=i","cat":298490},{"id":155996,"n":"Bouchons collerette Homeside - x1","p":1.9,"img":"https://fd6-photos.leclercdrive.fr/image.ashx?id=2118075&use=l&cat=p&typeid=i","cat":334135},{"id":156020,"n":"Soda Sprite Canette - 6x33cl","p":3.52,"u":"1,78 €/L","img":"https://fd6-photos.leclercdrive.fr/image.ashx?id=2973994&use=l&cat=p&typeid=i","cat":284531},{"id":156022,"n":"Soda Coca Cola Cherry Canette 6x33cl","p":4.43,"u":"2,24 €/L","img":"https://fd6-photos.leclercdrive.fr/image.ashx?id=2997226&use=l&cat=p&typeid=i","cat":284530},{"id":156028,"n":"Sucre Poudre Daddy Extra Fin profil pack 750g","p":1.86,"u":"2,48 €/KG","img":"https://fd6-photos.leclercdrive.fr/image.ashx?id=2936074&use=l&cat=p&typeid=i","cat":284502},{"id":156067,"n":"Soda Coca-Cola Canette - 6x33cl","p":4.18,"u":"2,11 €/L","img":"https://fd6-photos.leclercdrive.fr/image.ashx?id=2997229&use=l&cat=p&typeid=i","cat":284530},{"id":156132,"n":"Déodorant spray Monsavon Compressé - Cerisier - 2x100ml","p":3.52,"u":"17,60 €/L","img":"https://fd6-photos.leclercdrive.fr/image.ashx?id=2657634&use=l&cat=p&typeid=i","cat":284595},{"id":156133,"n":"Mouchoirs Kleenex Balsam x36 étuis","p":3.84,"u":"0,11 €/P","img":"https://fd6-photos.leclercdrive.fr/image.ashx?id=2662493&use=l&cat=p&typeid=i","cat":284638},{"id":156135,"n":"Soda Coca-Cola canettes 12x33cl","p":8.31,"u":"2,10 €/L","img":"https://fd6-photos.leclercdrive.fr/image.ashx?id=2192940&use=l&cat=p&typeid=i","cat":284530},{"id":156137,"n":"Soda Coca-Cola Light canettes - 6x33cl","p":3.62,"u":"1,83 €/L","img":"https://fd6-photos.leclercdrive.fr/image.ashx?id=2194427&use=l&cat=p&typeid=i","cat":284530},{"id":156138,"n":"Soda Coca-Cola Original Canettes - 20x33cl","p":13.85,"u":"2,10 €/L","img":"https://fd6-photos.leclercdrive.fr/image.ashx?id=2846766&use=l&cat=p&typeid=i","cat":284530},{"id":156139,"n":"Soda Coca-Cola - SANS SUCRES Canettes - 20x33cl","p":11.13,"u":"1,69 €/L","img":"https://fd6-photos.leclercdrive.fr/image.ashx?id=2174513&use=l&cat=p&typeid=i","cat":284530},{"id":156140,"n":"Soda Fanta Mangue fruit du dragon canettes - 6x33cl","p":3.74,"u":"1,89 €/L","img":"https://fd6-photos.leclercdrive.fr/image.ashx?id=2996118&use=l&cat=p&typeid=i","cat":284532},{"id":156141,"n":"Soda Fanta citron frappé canettes - 6x33cl","p":3.65,"u":"1,84 €/L","img":"https://fd6-photos.leclercdrive.fr/image.ashx?id=2660212&use=l&cat=p&typeid=i","cat":284532},{"id":156144,"n":"Boisson énergisante Monster Ultra Paradise - 50cl","p":1.68,"u":"3,36 €/L","img":"https://fd6-photos.leclercdrive.fr/image.ashx?id=2681457&use=l&cat=p&typeid=i","cat":284533},{"id":156145,"n":"Thé glacé Fuze tea Saveur pêche - 1,75L","p":1.9,"u":"1,09 €/L","img":"https://fd6-photos.leclercdrive.fr/image.ashx?id=2944395&use=l&cat=p&typeid=i","cat":295019},{"id":156151,"n":"Cônes Extrême Sundae Caramel - 438g","p":3.76,"u":"8,58 €/KG","img":"https://fd6-photos.leclercdrive.fr/image.ashx?id=2844034&use=l&cat=p&typeid=i","cat":284264},{"id":156156,"n":"Fromage enfant Kiri crème 8 portions à tartiner - 144g","p":2.08,"u":"0,26 €/P","img":"https://fd6-photos.leclercdrive.fr/image.ashx?id=2973562&use=l&cat=p&typeid=i","cat":314030},{"id":156165,"n":"Sauce bolognaise Bolo Balls 400g","p":2.61,"u":"6,53 €/KG","img":"https://fd6-photos.leclercdrive.fr/image.ashx?id=2918571&use=l&cat=p&typeid=i","cat":287599},{"id":156171,"n":"Sablés Michel et Augustin Parmigiano reggiano - 100g","p":2.44,"u":"24,40 €/KG","img":"https://fd6-photos.leclercdrive.fr/image.ashx?id=2114218&use=l&cat=p&typeid=i","cat":297000},{"id":156174,"n":"Biscuits fourrés BN Framboise - 285g","p":1.39,"u":"4,88 €/KG","img":"https://fd6-photos.leclercdrive.fr/image.ashx?id=2474999&use=l&cat=p&typeid=i","cat":284489},{"id":156175,"n":"Doomino St Michel Chocolat - x6","p":1.94,"u":"10,78 €/KG","img":"https://fd6-photos.leclercdrive.fr/image.ashx?id=2949979&use=l&cat=p&typeid=i","cat":284495},{"id":156188,"n":"Préparation Flan Pâtissier alsa Vanille - 740g","p":2.66,"u":"3,59 €/KG","img":"https://fd6-photos.leclercdrive.fr/image.ashx?id=2790591&use=l&cat=p&typeid=i","cat":284505},{"id":156190,"n":"Joker 30% Moins Sucré Orange sans pulpe - 0,9L","p":2.38,"u":"2,64 €/L","img":"https://fd6-photos.leclercdrive.fr/image.ashx?id=3001296&use=l&cat=p&typeid=i","cat":284521},{"id":156198,"n":"Bière blonde Tripel Karmeliet 8,4% - 6x33cl","p":12.57,"u":"6,35 €/L","img":"https://fd6-photos.leclercdrive.fr/image.ashx?id=2675586&use=l&cat=p&typeid=i","cat":334872},{"id":156199,"n":"Bière ambrée Kwak 8,4° - 6x33cl","p":12.48,"u":"6,30 €/L","img":"https://fd6-photos.leclercdrive.fr/image.ashx?id=2677504&use=l&cat=p&typeid=i","cat":334872},{"id":156200,"n":"Wraps Old El Paso de blé nature format familial x10 - 580g","p":3.85,"u":"6,64 €/KG","img":"https://fd6-photos.leclercdrive.fr/image.ashx?id=2745352&use=l&cat=p&typeid=i","cat":288993},{"id":156223,"n":"Croquette Truite One Sterilcat Indoor formula","p":14.19,"u":"4,73 €/KG","img":"https://fd6-photos.leclercdrive.fr/image.ashx?id=2488076&use=l&cat=p&typeid=i","cat":284680},{"id":156226,"n":"Croquette chat Purina One Dual Nature cranberry 1,4kg","p":7.52,"u":"5,37 €/KG","img":"https://fd6-photos.leclercdrive.fr/image.ashx?id=2868155&use=l&cat=p&typeid=i","cat":284680},{"id":156344,"n":"Fromage Beaufort AOP L'Atelier Fromagerie - 150g","p":4.49,"u":"29,93 €/KG","img":"https://fd6-photos.leclercdrive.fr/image.ashx?id=2120472&use=l&cat=p&typeid=i","cat":327294},{"id":156348,"n":"Cantal Entre deux AOP NRT L'Atelier Fromagerie - 200g","p":3.5,"u":"17,50 €/KG","img":"https://fd6-photos.leclercdrive.fr/image.ashx?id=2398788&use=l&cat=p&typeid=i","cat":327294},{"id":156355,"n":"Grana padano 20 mois AOP L'Atelier Fromagerie - 180g","p":3.99,"u":"22,17 €/KG","img":"https://fd6-photos.leclercdrive.fr/image.ashx?id=2817178&use=l&cat=p&typeid=i","cat":314036},{"id":156359,"n":"Crottin de chèvre Rians 3+1 offert - 240g","p":3.98,"u":"16,58 €/KG","img":"https://fd6-photos.leclercdrive.fr/image.ashx?id=2557951&use=l&cat=p&typeid=i","cat":314031},{"id":156367,"n":"Parfum de linge Lenor Bouquet d'Améthyste - 224g","p":6.56,"u":"29,29 €/KG","img":"https://fd6-photos.leclercdrive.fr/image.ashx?id=2549864&use=l&cat=p&typeid=i","cat":325302},{"id":156369,"n":"Parfum de linge Lenor Songe - 224g","p":5.81,"u":"25,94 €/KG","img":"https://fd6-photos.leclercdrive.fr/image.ashx?id=2424845&use=l&cat=p&typeid=i","cat":325302},{"id":156397,"n":"Glaces Ferrero Rocher x4 chocolat lait noisettes - 200g","p":3.49,"img":"https://fd6-photos.leclercdrive.fr/image.ashx?id=2759065&use=l&cat=p&typeid=i","cat":284265},{"id":156400,"n":"Oeufs plein air catégorie A Bio Matines x10","p":4.64,"u":"0,46 €/P","img":"https://fd6-photos.leclercdrive.fr/image.ashx?id=2432259&use=l&cat=p&typeid=i","cat":284378},{"id":156412,"n":"Glaces Nui Caramel White chocolate & Texan pecan x4 264g","p":4.41,"u":"16,70 €/KG","img":"https://fd6-photos.leclercdrive.fr/image.ashx?id=2519900&use=l&cat=p&typeid=i","cat":284265},{"id":156424,"n":"Camembert Les Croisés   A chauffer - 250g","p":2.99,"u":"11,96 €/KG","img":"https://fd6-photos.leclercdrive.fr/image.ashx?id=2793299&use=l&cat=p&typeid=i","cat":314037},{"id":156428,"n":"Friandises chien Pedigree Schmackos volaille x20 - 144g","p":1.9,"u":"13,19 €/KG","img":"https://fd6-photos.leclercdrive.fr/image.ashx?id=2850174&use=l&cat=p&typeid=i","cat":294527},{"id":156436,"n":"Lave glace Eco  Jusqu'à -10°C - 5L","p":3.65,"u":"0,73 €/L","img":"https://fd6-photos.leclercdrive.fr/image.ashx?id=2187257&use=l&cat=p&typeid=i","cat":298252},{"id":156476,"n":"Fromage Feta Grecque Islos AOP - 150g","p":2.79,"u":"18,60 €/KG","img":"https://fd6-photos.leclercdrive.fr/image.ashx?id=2892625&use=l&cat=p&typeid=i","cat":314026},{"id":156493,"n":"Petit pot bébé Blédina 6 mois  Légumes bœuf - 2x200g","p":2.21,"u":"5,53 €/KG","img":"https://fd6-photos.leclercdrive.fr/image.ashx?id=2968091&use=l&cat=p&typeid=i","cat":312236},{"id":156495,"n":"Petit pot bébé Blédina 6 mois Légumes lieu - 2x200g","p":1.82,"u":"4,55 €/KG","img":"https://fd6-photos.leclercdrive.fr/image.ashx?id=2935771&use=l&cat=p&typeid=i","cat":312236},{"id":156496,"n":"Petit pot bébé Blédina 6 mois Potimarron jambon - 2x200g","p":2.13,"u":"5,33 €/KG","img":"https://fd6-photos.leclercdrive.fr/image.ashx?id=2935768&use=l&cat=p&typeid=i","cat":312236},{"id":156497,"n":"Petit pot bébé Blédina 8 mois Riz ratatouille poisson -2x200g","p":2.16,"u":"5,40 €/KG","img":"https://fd6-photos.leclercdrive.fr/image.ashx?id=2911208&use=l&cat=p&typeid=i","cat":312236},{"id":156499,"n":"Petit pot bébé Blédina 8 mois Légumes poulet - 2x200g","p":2.08,"u":"5,20 €/KG","img":"https://fd6-photos.leclercdrive.fr/image.ashx?id=2935765&use=l&cat=p&typeid=i","cat":312236},{"id":156501,"n":"Petit pot bébé Blédina 6 mois Légumes jambon - 2x200g","p":2.1,"u":"5,25 €/KG","img":"https://fd6-photos.leclercdrive.fr/image.ashx?id=2948767&use=l&cat=p&typeid=i","cat":312236},{"id":156503,"n":"Petit pot bébé Blédina 6 mois  Légumes verts poulet - 2x200g","p":2.17,"u":"5,43 €/KG","img":"https://fd6-photos.leclercdrive.fr/image.ashx?id=2983063&use=l&cat=p&typeid=i","cat":312236},{"id":156527,"n":"Capsules Starbucks by Nespresso  Blonde Espresso Int 6 - x18","p":6.05,"u":"64,36 €/KG","img":"https://fd6-photos.leclercdrive.fr/image.ashx?id=2668177&use=l&cat=p&typeid=i","cat":284749},{"id":156528,"n":"Petit pot bébé Blédina 4-6 mois Carotte - 2x130g","p":1.21,"u":"4,65 €/KG","img":"https://fd6-photos.leclercdrive.fr/image.ashx?id=2911870&use=l&cat=p&typeid=i","cat":312234},{"id":156538,"n":"Compote bébé Blédina 6 mois  Aux fruits - 4x130g","p":2.64,"u":"5,08 €/KG","img":"https://fd6-photos.leclercdrive.fr/image.ashx?id=2911196&use=l&cat=p&typeid=i","cat":312388},{"id":156539,"n":"Petit pot bébé Blédina 6 mois Semoule carotte dinde - 2x200g","p":2.19,"u":"5,48 €/KG","img":"https://fd6-photos.leclercdrive.fr/image.ashx?id=2935774&use=l&cat=p&typeid=i","cat":312236},{"id":156540,"n":"Petit pot bébé Blédina 6 mois Patate douce carotte-2x200g","p":1.92,"u":"4,80 €/KG","img":"https://fd6-photos.leclercdrive.fr/image.ashx?id=2951617&use=l&cat=p&typeid=i","cat":312235},{"id":156550,"n":"Petites Tartelettes Bonne Maman Chocolat caramel - 250g","p":2.44,"u":"9,76 €/KG","img":"https://fd6-photos.leclercdrive.fr/image.ashx?id=2962302&use=l&cat=p&typeid=i","cat":284488},{"id":156563,"n":"Petit pot bébé Blédina 6 mois Purée carotte jambon - 2x200g","p":2.17,"u":"5,43 €/KG","img":"https://fd6-photos.leclercdrive.fr/image.ashx?id=2935762&use=l&cat=p&typeid=i","cat":312236},{"id":156565,"n":"Litière chats Tous mes Amis Minérale parfumée - 8L","p":2.48,"u":"0,31 €/L","img":"https://fd6-photos.leclercdrive.fr/image.ashx?id=2120905&use=l&cat=p&typeid=i","cat":284683},{"id":156598,"n":"Biscuits fourrés bio Jardin Bio Chocolat - 300g","p":2.38,"u":"7,93 €/KG","img":"https://fd6-photos.leclercdrive.fr/image.ashx?id=2903353&use=l&cat=p&typeid=i","cat":284488},{"id":156622,"n":"Bière Leffe Ruby sans alcool 0,0% - 6x25cl","p":4.27,"u":"2,85 €/L","img":"https://fd6-photos.leclercdrive.fr/image.ashx?id=2548312&use=l&cat=p&typeid=i","cat":334877},{"id":156922,"n":"Chemises Pulse Couleurs assorties- x4","p":7.99,"img":"https://fd6-photos.leclercdrive.fr/image.ashx?id=2753922&use=l&cat=p&typeid=i","cat":284745},{"id":157030,"n":"Protège document 120 vues blush Violet pastel - 21X29,7cm","p":6.41,"img":"https://fd6-photos.leclercdrive.fr/image.ashx?id=2135094&use=l&cat=p&typeid=i","cat":284745},{"id":157067,"n":"Cahier 96pages Mimesys Grands carreaux - 17x22cm","p":2.95,"img":"https://fd6-photos.leclercdrive.fr/image.ashx?id=2280014&use=l&cat=p&typeid=i","cat":284697},{"id":157069,"n":"Cahier 96pages Mimesys Bleu marine-Grand carreau-17x22","p":1.2,"img":"https://fd6-photos.leclercdrive.fr/image.ashx?id=2135169&use=l&cat=p&typeid=i","cat":284697},{"id":157070,"n":"Cahier 96pages Mimesys Bleu turquoise - seyes -17x22cm","p":1.2,"img":"https://fd6-photos.leclercdrive.fr/image.ashx?id=2135172&use=l&cat=p&typeid=i","cat":284697},{"id":157071,"n":"Cahier 96pages Mimesys Noir - Grands carreaux -17x22cm","p":1.2,"img":"https://fd6-photos.leclercdrive.fr/image.ashx?id=2135175&use=l&cat=p&typeid=i","cat":284697},{"id":157072,"n":"Cahier 96pages Mimesys Rouge - Grands carreaux-17x22cm","p":1.2,"img":"https://fd6-photos.leclercdrive.fr/image.ashx?id=2135178&use=l&cat=p&typeid=i","cat":284697},{"id":157073,"n":"Cahier 96pages Mimesys Jaune - Grands carreaux-17x22cm","p":1.2,"img":"https://fd6-photos.leclercdrive.fr/image.ashx?id=2135181&use=l&cat=p&typeid=i","cat":284697},{"id":157074,"n":"Cahier 96pages Mimesys Vert - Grands carreaux-17x22cm","p":1.2,"img":"https://fd6-photos.leclercdrive.fr/image.ashx?id=2135184&use=l&cat=p&typeid=i","cat":284697},{"id":157077,"n":"Cahier 96pages Mimesys Bleu turquoise- 5x5- 17x22cm","p":1.43,"img":"https://fd6-photos.leclercdrive.fr/image.ashx?id=2135190&use=l&cat=p&typeid=i","cat":284697},{"id":157079,"n":"Cahier 96pages Mimesys Rouge - Petits carreaux-17X22cm","p":1.43,"img":"https://fd6-photos.leclercdrive.fr/image.ashx?id=2135196&use=l&cat=p&typeid=i","cat":284697},{"id":157080,"n":"Cahier 96pages Mimesys Jaune - Petits carreaux-17X22cm","p":1.43,"img":"https://fd6-photos.leclercdrive.fr/image.ashx?id=2135199&use=l&cat=p&typeid=i","cat":284697},{"id":157081,"n":"Cahier 96pages Mimesys Vert - Petits carreaux -17X22cm","p":1.43,"img":"https://fd6-photos.leclercdrive.fr/image.ashx?id=2135202&use=l&cat=p&typeid=i","cat":284697},{"id":157082,"n":"Cahier piqure 96pages Mimesys Petis carreaux - 17X22cm - X3","p":2.97,"img":"https://fd6-photos.leclercdrive.fr/image.ashx?id=2121908&use=l&cat=p&typeid=i","cat":284697},{"id":157085,"n":"Cahier 96pages Mimesys Bleu marine - Seyes - 21X29,7cm","p":2.38,"img":"https://fd6-photos.leclercdrive.fr/image.ashx?id=2135205&use=l&cat=p&typeid=i","cat":284697},{"id":157086,"n":"Cahier 96pages Mimesys Bleu turquoise -Seyes-21x29,7cm","p":2.38,"img":"https://fd6-photos.leclercdrive.fr/image.ashx?id=2135208&use=l&cat=p&typeid=i","cat":284697},{"id":157087,"n":"Cahier 96pages Mimesys Noir -Grands carreaux-21X29,7cm","p":2.38,"img":"https://fd6-photos.leclercdrive.fr/image.ashx?id=2135211&use=l&cat=p&typeid=i","cat":284697},{"id":157088,"n":"Cahier 96pages Mimesys Rouge-Grands carreaux-21X29,7cm","p":2.38,"img":"https://fd6-photos.leclercdrive.fr/image.ashx?id=2135214&use=l&cat=p&typeid=i","cat":284697},{"id":157089,"n":"Cahier 96pages Mimesys Jaune-Grands carreaux-21X29,7cm","p":2.38,"img":"https://fd6-photos.leclercdrive.fr/image.ashx?id=2135217&use=l&cat=p&typeid=i","cat":284697},{"id":157090,"n":"Cahier 96pages Mimesys Vert-Grands carreaux-21X29,7cm","p":2.38,"img":"https://fd6-photos.leclercdrive.fr/image.ashx?id=2135220&use=l&cat=p&typeid=i","cat":284697},{"id":157093,"n":"Cahier 96pages Mimesys Bleu turquoise - 5x5 -21X29,7cm","p":2.33,"img":"https://fd6-photos.leclercdrive.fr/image.ashx?id=2135226&use=l&cat=p&typeid=i","cat":284697},{"id":157095,"n":"Cahier 96pages Mimesys Rouge-Petits carreaux-21X29,7cm","p":2.33,"img":"https://fd6-photos.leclercdrive.fr/image.ashx?id=2135232&use=l&cat=p&typeid=i","cat":284697},{"id":157096,"n":"Cahier 96pages Mimesys Jaune-Petits carreaux-21X29,7cm","p":2.33,"img":"https://fd6-photos.leclercdrive.fr/image.ashx?id=2135235&use=l&cat=p&typeid=i","cat":284697},{"id":157097,"n":"Cahier 96pages Mimesys Vert-Petits carreaux-21X29,7cm","p":2.33,"img":"https://fd6-photos.leclercdrive.fr/image.ashx?id=2135238&use=l&cat=p&typeid=i","cat":284697},{"id":157101,"n":"Cahier 96pages Mimesys Bleu turquoise - 5x5 - 24x32cm","p":2.7,"img":"https://fd6-photos.leclercdrive.fr/image.ashx?id=2135241&use=l&cat=p&typeid=i","cat":284697},{"id":157104,"n":"Cahier 96pages Mimesys Rouge -Petits carreaux -24X32cm","p":2.7,"img":"https://fd6-photos.leclercdrive.fr/image.ashx?id=2135250&use=l&cat=p&typeid=i","cat":284697},{"id":157105,"n":"Cahier 96pages Mimesys Jaune - Petits carreaux-24X32cm","p":2.7,"img":"https://fd6-photos.leclercdrive.fr/image.ashx?id=2135253&use=l&cat=p&typeid=i","cat":284697},{"id":157106,"n":"Cahier 96pages Mimesys Vert - Petits carreaux -24X32cm","p":2.7,"img":"https://fd6-photos.leclercdrive.fr/image.ashx?id=2135256&use=l&cat=p&typeid=i","cat":284697},{"id":157532,"n":"Cahier grands carreaux Esquisse Vert - 48 pages -17x22cm","p":0.99,"img":"https://fd6-photos.leclercdrive.fr/image.ashx?id=2131413&use=l&cat=p&typeid=i","cat":284697},{"id":157535,"n":"Cahier Esquisse 48 pages Rouge-grands carreaux-21x29,7cm","p":1.19,"img":"https://fd6-photos.leclercdrive.fr/image.ashx?id=2131422&use=l&cat=p&typeid=i","cat":284697},{"id":157536,"n":"Cahier Esquisse 48 pages Vert -grands carreaux-21x29,7cm","p":1.19,"img":"https://fd6-photos.leclercdrive.fr/image.ashx?id=2131425&use=l&cat=p&typeid=i","cat":284697},{"id":157538,"n":"Cahier Esquisse 48 pages Bleu -petits carreaux-21x29,7cm","p":1.19,"img":"https://fd6-photos.leclercdrive.fr/image.ashx?id=2131431&use=l&cat=p&typeid=i","cat":284697},{"id":157539,"n":"Cahier Esquisse 48 pages Rouge-petits carreaux-21x29,7cm","p":1.19,"img":"https://fd6-photos.leclercdrive.fr/image.ashx?id=2131434&use=l&cat=p&typeid=i","cat":284697},{"id":157540,"n":"Cahier Esquisse 48 pages Vert -petits carreaux-21x29,7cm","p":1.19,"img":"https://fd6-photos.leclercdrive.fr/image.ashx?id=2131437&use=l&cat=p&typeid=i","cat":284697},{"id":157541,"n":"Cahier Esquisse 48 pages Jaune-petits carreaux-21x29,7cm","p":1.19,"img":"https://fd6-photos.leclercdrive.fr/image.ashx?id=2131440&use=l&cat=p&typeid=i","cat":284697},{"id":157542,"n":"Cahier Esquisse 48 pages Bleu - petits carreaux- 17x22cm","p":0.99,"img":"https://fd6-photos.leclercdrive.fr/image.ashx?id=2131443&use=l&cat=p&typeid=i","cat":284697},{"id":157543,"n":"Cahier Esquisse 48 pages Rouge - petits carreaux-17x22cm","p":0.99,"img":"https://fd6-photos.leclercdrive.fr/image.ashx?id=2131446&use=l&cat=p&typeid=i","cat":284697},{"id":157544,"n":"Cahier Esquisse 48 pages Vert - petits carreaux- 17x22cm","p":0.99,"img":"https://fd6-photos.leclercdrive.fr/image.ashx?id=2131449&use=l&cat=p&typeid=i","cat":284697},{"id":157545,"n":"Cahier Esquisse 48 pages Jaune - petits carreaux-17x22cm","p":0.99,"img":"https://fd6-photos.leclercdrive.fr/image.ashx?id=2131452&use=l&cat=p&typeid=i","cat":284697},{"id":157546,"n":"Cahier Esquisse - 48 pages Bleu - petits carreaux- 24x32cm","p":1.29,"img":"https://fd6-photos.leclercdrive.fr/image.ashx?id=2131455&use=l&cat=p&typeid=i","cat":284697},{"id":157547,"n":"Cahier 48 pages 5x5 Esquisse Rouge - petits carreaux-24x32cm","p":1.29,"img":"https://fd6-photos.leclercdrive.fr/image.ashx?id=2131458&use=l&cat=p&typeid=i","cat":284697},{"id":157548,"n":"Cahier Esquisse 48 pages Vert - petits carreaux- 24x32cm","p":1.29,"img":"https://fd6-photos.leclercdrive.fr/image.ashx?id=2131461&use=l&cat=p&typeid=i","cat":284697},{"id":157549,"n":"Cahier Esquisse - 48 pages Jaune - petits carreaux-24x32cm","p":1.29,"img":"https://fd6-photos.leclercdrive.fr/image.ashx?id=2131464&use=l&cat=p&typeid=i","cat":284697},{"id":157590,"n":"Bière Jenlain triple 8.5° - 75cl","p":3.83,"u":"5,11 €/L","img":"https://fd6-photos.leclercdrive.fr/image.ashx?id=2732854&use=l&cat=p&typeid=i","cat":334872},{"id":157609,"n":"Bière Corbeau rouge 75cl","p":4.84,"u":"6,45 €/L","img":"https://fd6-photos.leclercdrive.fr/image.ashx?id=2137433&use=l&cat=p&typeid=i","cat":334872},{"id":157610,"n":"Bière Triple Ducasse 75cl","p":4.51,"u":"6,01 €/L","img":"https://fd6-photos.leclercdrive.fr/image.ashx?id=2123758&use=l&cat=p&typeid=i","cat":334872},{"id":157628,"n":"Crème corps Mixa  Peaux Sèches, Sensibles - 400ml","p":4.52,"u":"11,30 €/L","img":"https://fd6-photos.leclercdrive.fr/image.ashx?id=2338432&use=l&cat=p&typeid=i","cat":325350},{"id":157638,"n":"Mon plateau apéro Gourmets charcutiers - 240g","p":6.14,"u":"25,58 €/KG","img":"https://fd6-photos.leclercdrive.fr/image.ashx?id=2123782&use=l&cat=p&typeid=i","cat":316007},{"id":157643,"n":"Sandwich Mega Club Sodebo  Pain Suédois Poulet Œuf - 230g","p":2.58,"u":"11,22 €/KG","img":"https://fd6-photos.leclercdrive.fr/image.ashx?id=2962542&use=l&cat=p&typeid=i","cat":333658},{"id":157655,"n":"Crème main Le Petit Marseillais Réparation - Karité - 75ml","p":1.96,"u":"26,13 €/L","img":"https://fd6-photos.leclercdrive.fr/image.ashx?id=2901893&use=l&cat=p&typeid=i","cat":325354},{"id":157737,"n":"Lingettes Démaquillantes Nivea Peaux Sèches - x20","p":2.34,"u":"0,12 €/P","img":"https://fd6-photos.leclercdrive.fr/image.ashx?id=3005227&use=l&cat=p&typeid=i","cat":284603},{"id":157777,"n":"Lave glace hiver TECH9 -30° - Dégivrant - 5L","p":6.99,"u":"1,40 €/L","img":"https://fd6-photos.leclercdrive.fr/image.ashx?id=2162702&use=l&cat=p&typeid=i","cat":298252},{"id":157801,"n":"Sac poubelle Alfapac Maxi poids 40L - x15","p":2.21,"u":"0,15 €/P","img":"https://fd6-photos.leclercdrive.fr/image.ashx?id=2526896&use=l&cat=p&typeid=i","cat":285168},{"id":157818,"n":"Bière blanche Affligem Fût 5L","p":22.48,"u":"4,50 €/L","img":"https://fd6-photos.leclercdrive.fr/image.ashx?id=2765045&use=l&cat=p&typeid=i","cat":334879},{"id":157960,"n":"Infusion minceur Bio Village Bio - x20 - 30g","p":1.55,"u":"51,67 €/KG","img":"https://fd6-photos.leclercdrive.fr/image.ashx?id=2553935&use=l&cat=p&typeid=i","cat":293234},{"id":157968,"n":"Capsules café Plantation Espresso Caramel n°7- x10 - 52g","p":2.4,"u":"46,15 €/KG","img":"https://fd6-photos.leclercdrive.fr/image.ashx?id=2929882&use=l&cat=p&typeid=i","cat":284749},{"id":157973,"n":"Capsules café Plantation Lungo Forte n°8 - x10 - 52g","p":2.24,"u":"43,08 €/KG","img":"https://fd6-photos.leclercdrive.fr/image.ashx?id=2867266&use=l&cat=p&typeid=i","cat":284749},{"id":158136,"n":"Jus multifruits nectar Jafaden Sans sucres ajoutés - 1L","p":1.79,"u":"1,79 €/L","img":"https://fd6-photos.leclercdrive.fr/image.ashx?id=2956780&use=l&cat=p&typeid=i","cat":284917},{"id":158143,"n":"Bière menthe Desperados Virgin Mojito - 00%vol - 3x33cl","p":4.14,"u":"4,18 €/L","img":"https://fd6-photos.leclercdrive.fr/image.ashx?id=2975164&use=l&cat=p&typeid=i","cat":334877},{"id":158145,"n":"Bière agrumes Desperados Virgin 0%vol - 6x33cl","p":7.55,"u":"3,81 €/L","img":"https://fd6-photos.leclercdrive.fr/image.ashx?id=2767519&use=l&cat=p&typeid=i","cat":334877},{"id":158181,"n":"Gel Douche Le Petit Marseillais  Bio peche & nectarine-250ml","p":2.41,"u":"9,64 €/L","img":"https://fd6-photos.leclercdrive.fr/image.ashx?id=2685141&use=l&cat=p&typeid=i","cat":284594},{"id":158190,"n":"Eau micellaire Nivea Aloe Vera bio - 400ml","p":3.8,"u":"9,50 €/L","img":"https://fd6-photos.leclercdrive.fr/image.ashx?id=2209576&use=l&cat=p&typeid=i","cat":284603},{"id":158195,"n":"Assouplissant Biovie Concentré à l'aloe vera bio -1L","p":4.71,"u":"4,71 €/L","img":"https://fd6-photos.leclercdrive.fr/image.ashx?id=2849977&use=l&cat=p&typeid=i","cat":284650},{"id":158220,"n":"Rhum Havana Club 3 ans 37,5% vol - 70cl","p":15.13,"u":"21,61 €/L","img":"https://fd6-photos.leclercdrive.fr/image.ashx?id=2874096&use=l&cat=p&typeid=i","cat":284550},{"id":158285,"n":"Glace Ben & Jerry's Mini pots Cool-loction 4x100ml","p":6.38,"u":"22,15 €/KG","img":"https://fd6-photos.leclercdrive.fr/image.ashx?id=3009278&use=l&cat=p&typeid=i","cat":284725},{"id":158288,"n":"Galette Trégalette Chèvre lardons  - 220g","p":2.79,"u":"12,68 €/KG","img":"https://fd6-photos.leclercdrive.fr/image.ashx?id=2959091&use=l&cat=p&typeid=i","cat":333672},{"id":158316,"n":"Stick lèvres Dermophil Réparateur Protecteur- 2 pièces","p":7.03,"u":"439,38 €/KG","img":"https://fd6-photos.leclercdrive.fr/image.ashx?id=2939772&use=l&cat=p&typeid=i","cat":285485},{"id":158363,"n":"Crème Douche Surgras Bio Cadum Karité - 500ml","p":2.14,"u":"4,28 €/L","img":"https://fd6-photos.leclercdrive.fr/image.ashx?id=2575630&use=l&cat=p&typeid=i","cat":284594},{"id":158364,"n":"Whisky Ballantine's 7 ans Blended Scotch 40% vol - 70cl","p":18.95,"pp":15.16,"u":"21,66 €/L","img":"https://fd6-photos.leclercdrive.fr/image.ashx?id=3000366&use=l&cat=p&typeid=i","cat":284547},{"id":158374,"n":"Shampoing Le Petit Marseillais  Thym & the vert - 250ml","p":2.18,"u":"8,72 €/L","img":"https://fd6-photos.leclercdrive.fr/image.ashx?id=2684176&use=l&cat=p&typeid=i","cat":284606},{"id":158390,"n":"Aiguillettes végétales HappyVore - 150g","p":3.58,"u":"23,87 €/KG","img":"https://fd6-photos.leclercdrive.fr/image.ashx?id=2787530&use=l&cat=p&typeid=i","cat":316036},{"id":158391,"n":"Nuggets végétaux HappyVore - 210g","p":3.67,"u":"17,48 €/KG","img":"https://fd6-photos.leclercdrive.fr/image.ashx?id=2965241&use=l&cat=p&typeid=i","cat":316036},{"id":158393,"n":"Chipolatas végétales HappyVore - 200g","p":3.69,"u":"18,45 €/KG","img":"https://fd6-photos.leclercdrive.fr/image.ashx?id=2736199&use=l&cat=p&typeid=i","cat":316036},{"id":158394,"n":"Merguez végétales HappyVore - 200g","p":3.65,"u":"18,25 €/KG","img":"https://fd6-photos.leclercdrive.fr/image.ashx?id=2736196&use=l&cat=p&typeid=i","cat":316036},{"id":158493,"n":"Beurrier Tendre Paysan Breton Doux - 82% MG - 200g","p":2.38,"u":"11,90 €/KG","img":"https://fd6-photos.leclercdrive.fr/image.ashx?id=2903311&use=l&cat=p&typeid=i","cat":284379},{"id":158569,"n":"Blanc de poulet Tradilège Sans nitrite - 4 Tranches 120g","p":1.45,"u":"12,08 €/KG","img":"https://fd6-photos.leclercdrive.fr/image.ashx?id=2970480&use=l&cat=p&typeid=i","cat":316010},{"id":158571,"n":"Plat bébé Blédina 8 mois  Pâtes tomate boeuf - 2x200g","p":2.87,"u":"7,18 €/KG","img":"https://fd6-photos.leclercdrive.fr/image.ashx?id=2975092&use=l&cat=p&typeid=i","cat":312236},{"id":158575,"n":"Single malt Scotch Glenfiddich Tripple Oak 40%vol - 70cl 12ans","p":33.15,"u":"47,36 €/L","img":"https://fd6-photos.leclercdrive.fr/image.ashx?id=2131596&use=l&cat=p&typeid=i","cat":284547},{"id":158588,"n":"Vin de France rouge Merlot Cabernet Sauvign.Cambras BIB 5L","p":13.31,"u":"2,66 €/L","img":"https://fd6-photos.leclercdrive.fr/image.ashx?id=2694587&use=l&cat=p&typeid=i","cat":289556},{"id":158597,"n":"Sirop orgeat  La Maison Guiot Bio - 50cl","p":3.0,"u":"6,00 €/L","img":"https://fd6-photos.leclercdrive.fr/image.ashx?id=2857159&use=l&cat=p&typeid=i","cat":295020},{"id":158631,"n":"Plat bébé soir Blédiner 8 mois  Pâtes épinards - 2x200g","p":2.61,"u":"6,53 €/KG","img":"https://fd6-photos.leclercdrive.fr/image.ashx?id=2845868&use=l&cat=p&typeid=i","cat":312239},{"id":158649,"n":"Lait céréales Blédidej 12 mois Biscuité vanille - 500ml","p":1.79,"u":"3,58 €/KG","img":"https://fd6-photos.leclercdrive.fr/image.ashx?id=2503728&use=l&cat=p&typeid=i","cat":312226},{"id":158684,"n":"Bière blanche Affligem 6x25cl - 4.8%vol","p":5.34,"u":"3,56 €/L","img":"https://fd6-photos.leclercdrive.fr/image.ashx?id=2762055&use=l&cat=p&typeid=i","cat":334878},{"id":158715,"n":"Doomino St Michel Choco Noisette x6 - 180g","p":1.97,"u":"10,94 €/KG","img":"https://fd6-photos.leclercdrive.fr/image.ashx?id=2953495&use=l&cat=p&typeid=i","cat":284495},{"id":158732,"n":"Pâte à Tartiner Façon Rocher Sans Huile De Palme - 550g","p":6.97,"u":"12,67 €/KG","img":"https://fd6-photos.leclercdrive.fr/image.ashx?id=3010242&use=l&cat=p&typeid=i","cat":284481},{"id":158779,"n":"Céréales Fitness  Chocolat au lait - 450g","p":2.95,"u":"6,56 €/KG","img":"https://fd6-photos.leclercdrive.fr/image.ashx?id=2922167&use=l&cat=p&typeid=i","cat":309512},{"id":158781,"n":"Céréales Fitness  Chocolat noir - 450g","p":3.02,"u":"6,71 €/KG","img":"https://fd6-photos.leclercdrive.fr/image.ashx?id=2922170&use=l&cat=p&typeid=i","cat":309512},{"id":158784,"n":"Petit pot bébé Blédina 8 mois Légumes viande poisson - 8x200g","p":8.09,"u":"5,06 €/KG","img":"https://fd6-photos.leclercdrive.fr/image.ashx?id=2935777&use=l&cat=p&typeid=i","cat":312236},{"id":158787,"n":"Petit pot bébé Blédina 6 mois Légume viande poisson - 8x200g","p":7.99,"u":"4,99 €/KG","img":"https://fd6-photos.leclercdrive.fr/image.ashx?id=2948773&use=l&cat=p&typeid=i","cat":312236},{"id":158788,"n":"Noisette décortiquée Vahiné 125g","p":3.63,"u":"29,04 €/KG","img":"https://fd6-photos.leclercdrive.fr/image.ashx?id=2559814&use=l&cat=p&typeid=i","cat":284504},{"id":158789,"n":"Levure boulanger Vahiné x6 - 48g","p":1.02,"u":"21,25 €/KG","img":"https://fd6-photos.leclercdrive.fr/image.ashx?id=2559793&use=l&cat=p&typeid=i","cat":294686},{"id":158791,"n":"Poivre noir grain Ducros 200g - n°6","p":8.2,"u":"41,00 €/KG","img":"https://fd6-photos.leclercdrive.fr/image.ashx?id=2486599&use=l&cat=p&typeid=i","cat":284457},{"id":158797,"n":"Lait céréales Blédidej 12 mois Chocolat - 500ml","p":1.78,"u":"3,56 €/L","img":"https://fd6-photos.leclercdrive.fr/image.ashx?id=2479042&use=l&cat=p&typeid=i","cat":312226},{"id":158803,"n":"Rotella Haribo Sachet bonbons réglisse - 300g","p":1.38,"u":"4,60 €/KG","img":"https://fd6-photos.leclercdrive.fr/image.ashx?id=2982402&use=l&cat=p&typeid=i","cat":304250},{"id":158805,"n":"Quinoa gourmand Tipiak Aux épices douces 240g","p":2.6,"u":"10,83 €/KG","img":"https://fd6-photos.leclercdrive.fr/image.ashx?id=2947054&use=l&cat=p&typeid=i","cat":284429},{"id":158806,"n":"Lait en poudre Blédilait Bébé 18 mois - 3 ans - 900g","p":10.99,"u":"12,21 €/KG","img":"https://fd6-photos.leclercdrive.fr/image.ashx?id=2458244&use=l&cat=p&typeid=i","cat":290219},{"id":158812,"n":"Nappage framboise Vahiné 155g","p":2.56,"u":"16,52 €/KG","img":"https://fd6-photos.leclercdrive.fr/image.ashx?id=2805267&use=l&cat=p&typeid=i","cat":284504},{"id":158815,"n":"Biscuits à thé Delacre Tea Time Boîte Assortiment - 500g","p":7.07,"u":"14,14 €/KG","img":"https://fd6-photos.leclercdrive.fr/image.ashx?id=2133524&use=l&cat=p&typeid=i","cat":284490},{"id":158834,"n":"Céréales Fitness Nature 475g","p":3.1,"u":"6,53 €/KG","img":"https://fd6-photos.leclercdrive.fr/image.ashx?id=2874084&use=l&cat=p&typeid=i","cat":309512},{"id":158845,"n":"Compote bébé Blédina 4-6 mois Pomme pêche - 4x130g","p":2.7,"u":"5,19 €/KG","img":"https://fd6-photos.leclercdrive.fr/image.ashx?id=2911199&use=l&cat=p&typeid=i","cat":312387},{"id":158858,"n":"Steak haché Maître coq 100% poulet x4 - 400g","p":4.36,"u":"10,90 €/KG","img":"https://fd6-photos.leclercdrive.fr/image.ashx?id=2136250&use=l&cat=p&typeid=i","cat":319780},{"id":158891,"n":"Boisson aux fruits Jafun Tropical - 1L","p":1.19,"u":"1,19 €/L","img":"https://fd6-photos.leclercdrive.fr/image.ashx?id=2913763&use=l&cat=p&typeid=i","cat":295018},{"id":158917,"n":"Pâté de canard Jean Brunet A l'Armagnac - 180g","p":2.22,"u":"12,33 €/KG","img":"https://fd6-photos.leclercdrive.fr/image.ashx?id=2504647&use=l&cat=p&typeid=i","cat":305149},{"id":158920,"n":"Petit pot bébé Blédina 6 mois Semoule épinards merlu - 2x200g","p":2.29,"u":"5,73 €/KG","img":"https://fd6-photos.leclercdrive.fr/image.ashx?id=2935759&use=l&cat=p&typeid=i","cat":312236},{"id":158936,"n":"Pains au lait La Boulangère x10 - 350g","p":1.95,"u":"5,57 €/KG","img":"https://fd6-photos.leclercdrive.fr/image.ashx?id=2912437&use=l&cat=p&typeid=i","cat":293505},{"id":158937,"n":"Sauce Tikka Masala Patak's 450g","p":2.77,"u":"6,16 €/KG","img":"https://fd6-photos.leclercdrive.fr/image.ashx?id=2593698&use=l&cat=p&typeid=i","cat":289012},{"id":158966,"n":"Rainbow Pik Haribo  Sachet bonbons acidulés - 200g","p":1.64,"u":"8,20 €/KG","img":"https://fd6-photos.leclercdrive.fr/image.ashx?id=2982408&use=l&cat=p&typeid=i","cat":304250},{"id":158970,"n":"Sauce Tomacouli Panzani - 200G","p":0.79,"u":"3,95 €/KG","img":"https://fd6-photos.leclercdrive.fr/image.ashx?id=2872853&use=l&cat=p&typeid=i","cat":288384},{"id":158977,"n":"Tripe Paul et Louise 400g","p":2.31,"u":"5,78 €/KG","img":"https://fd6-photos.leclercdrive.fr/image.ashx?id=2367565&use=l&cat=p&typeid=i","cat":284441},{"id":158980,"n":"Tripe Paul et Louise Catalane - 400g","p":2.17,"u":"5,43 €/KG","img":"https://fd6-photos.leclercdrive.fr/image.ashx?id=2367574&use=l&cat=p&typeid=i","cat":284441},{"id":159067,"n":"Bière blonde Victoria 8,5% - 75cl","p":3.5,"u":"4,67 €/L","img":"https://fd6-photos.leclercdrive.fr/image.ashx?id=2157400&use=l&cat=p&typeid=i","cat":334872},{"id":159157,"n":"Cahier Esquisse 192pages Vert - grd carreaux-24X32cm","p":3.59,"img":"https://fd6-photos.leclercdrive.fr/image.ashx?id=2138061&use=l&cat=p&typeid=i","cat":284697},{"id":159159,"n":"Cahier de textes Esquisse Fleur - 148 pages 17x22cm","p":1.69,"img":"https://fd6-photos.leclercdrive.fr/image.ashx?id=2553956&use=l&cat=p&typeid=i","cat":334133},{"id":159161,"n":"Cahier de textes Esquisse Moto - 148 pages 17x22cm","p":1.69,"img":"https://fd6-photos.leclercdrive.fr/image.ashx?id=2553959&use=l&cat=p&typeid=i","cat":334133},{"id":159209,"n":"Lasagne Lustucru Selection  250g","p":2.27,"u":"9,08 €/KG","img":"https://fd6-photos.leclercdrive.fr/image.ashx?id=2792396&use=l&cat=p&typeid=i","cat":333682},{"id":159212,"n":"Bloc WC Bref Deluxe Magnolia  Toilettes propres - 50g x1","p":2.0,"u":"40,00 €/KG","img":"https://fd6-photos.leclercdrive.fr/image.ashx?id=2907581&use=l&cat=p&typeid=i","cat":284662},{"id":159220,"n":"Dos de Cabillaud Findus MSC - x4 - 440g","p":10.98,"u":"24,95 €/KG","img":"https://fd6-photos.leclercdrive.fr/image.ashx?id=2735347&use=l&cat=p&typeid=i","cat":319786},{"id":159317,"n":"Pastis de Marseille Duval 45d - 2L","p":34.89,"u":"17,45 €/L","img":"https://fd6-photos.leclercdrive.fr/image.ashx?id=2873372&use=l&cat=p&typeid=i","cat":284548},{"id":159343,"n":"Whisky Aerstone Land Cask 40d - 70cl","p":22.6,"pp":18.6,"u":"26,57 €/L","img":"https://fd6-photos.leclercdrive.fr/image.ashx?id=2834728&use=l&cat=p&typeid=i","cat":284547},{"id":159352,"n":"Concentré à diluer Pulco Citron Fraise - 70cl","p":2.7,"u":"3,86 €/L","img":"https://fd6-photos.leclercdrive.fr/image.ashx?id=2687782&use=l&cat=p&typeid=i","cat":295020},{"id":159355,"n":"Whisky aerstone Sea Cask 40° - 70cl","p":22.6,"pp":18.6,"u":"26,57 €/L","img":"https://fd6-photos.leclercdrive.fr/image.ashx?id=2834725&use=l&cat=p&typeid=i","cat":284547},{"id":159364,"n":"Houmous Tables du Monde 175g","p":2.25,"u":"12,86 €/KG","img":"https://fd6-photos.leclercdrive.fr/image.ashx?id=2860079&use=l&cat=p&typeid=i","cat":315999},{"id":159372,"n":"IGP Pays d'Oc Grenache vin rosé Vieux Carion - BIB 5L","p":11.99,"u":"2,40 €/L","img":"https://fd6-photos.leclercdrive.fr/image.ashx?id=2879946&use=l&cat=p&typeid=i","cat":289558},{"id":159376,"n":"IGP Pays d'Oc Chardonnay vin blanc Vieux Carion - BIB 5L","p":14.49,"u":"2,90 €/L","img":"https://fd6-photos.leclercdrive.fr/image.ashx?id=2890021&use=l&cat=p&typeid=i","cat":289557},{"id":159381,"n":"Rhum epice Lagoa 35% 70cl","p":9.99,"u":"14,27 €/L","img":"https://fd6-photos.leclercdrive.fr/image.ashx?id=2966499&use=l&cat=p&typeid=i","cat":284550},{"id":159394,"n":"Amandes émondées Vahiné 125g","p":3.79,"u":"30,32 €/KG","img":"https://fd6-photos.leclercdrive.fr/image.ashx?id=2606250&use=l&cat=p&typeid=i","cat":284357},{"id":159409,"n":"Amande éffilée grillée Vahiné 100g","p":4.23,"u":"42,30 €/KG","img":"https://fd6-photos.leclercdrive.fr/image.ashx?id=2387597&use=l&cat=p&typeid=i","cat":284357},{"id":159416,"n":"Thym Ducros Grand flacon - 85g","p":3.89,"u":"45,76 €/KG","img":"https://fd6-photos.leclercdrive.fr/image.ashx?id=2486557&use=l&cat=p&typeid=i","cat":298297},{"id":159423,"n":"Préparation Flan Entremets alsa Pistache - 192g","p":1.97,"u":"10,94 €/KG","img":"https://fd6-photos.leclercdrive.fr/image.ashx?id=2939181&use=l&cat=p&typeid=i","cat":284504},{"id":159448,"n":"Boisson aux fruits Jafun Pomme Cassis Framboise - 2L","p":1.49,"u":"0,75 €/L","img":"https://fd6-photos.leclercdrive.fr/image.ashx?id=2956924&use=l&cat=p&typeid=i","cat":295018},{"id":159495,"n":"Filet de cabillaud Pêche Océan MSC - Pané - 500g","p":5.77,"u":"11,54 €/KG","img":"https://fd6-photos.leclercdrive.fr/image.ashx?id=2678803&use=l&cat=p&typeid=i","cat":319788},{"id":159505,"n":"Saké Miyako Nihonshu 72cl","p":17.0,"u":"23,61 €/L","img":"https://fd6-photos.leclercdrive.fr/image.ashx?id=2148675&use=l&cat=p&typeid=i","cat":284913},{"id":159506,"n":"Ravioli bolognaise Turini 300g","p":1.99,"u":"6,63 €/KG","img":"https://fd6-photos.leclercdrive.fr/image.ashx?id=2140151&use=l&cat=p&typeid=i","cat":333682},{"id":159512,"n":"Taboulé basilic Menu Fraicheur 300g","p":1.49,"u":"4,97 €/KG","img":"https://fd6-photos.leclercdrive.fr/image.ashx?id=2816600&use=l&cat=p&typeid=i","cat":333657},{"id":159513,"n":"Bière aromatisée Desquiles Ginger - 50cl","p":1.39,"u":"2,78 €/L","img":"https://fd6-photos.leclercdrive.fr/image.ashx?id=2726494&use=l&cat=p&typeid=i","cat":334853},{"id":159519,"n":"Pates fusili Côté Snack Raclette - 300g","p":1.99,"u":"6,63 €/KG","img":"https://fd6-photos.leclercdrive.fr/image.ashx?id=2613291&use=l&cat=p&typeid=i","cat":334983},{"id":159522,"n":"Cremio Box Sodebo Jambon Emmental 280g","p":3.0,"u":"10,71 €/KG","img":"https://fd6-photos.leclercdrive.fr/image.ashx?id=2860196&use=l&cat=p&typeid=i","cat":334983},{"id":159627,"n":"Fromage Fol Epi  Originale 8 Tranches - 150g","p":2.2,"u":"14,67 €/KG","img":"https://fd6-photos.leclercdrive.fr/image.ashx?id=2456801&use=l&cat=p&typeid=i","cat":314028},{"id":159630,"n":"Pomme de terre Eco+ Epluchées - 1kg","p":1.95,"u":"1,95 €/KG","img":"https://fd6-photos.leclercdrive.fr/image.ashx?id=2699096&use=l&cat=p&typeid=i","cat":284352},{"id":159693,"n":"Piles alcalines Duracell Plus C 1,5V LR14 MN1400 - x2","p":5.28,"u":"2,64 €/P","img":"https://fd6-photos.leclercdrive.fr/image.ashx?id=2929101&use=l&cat=p&typeid=i","cat":300572},{"id":159695,"n":"Poudre chocolatée Nesquik Poche recharge  - 430g","p":3.09,"u":"7,19 €/KG","img":"https://fd6-photos.leclercdrive.fr/image.ashx?id=2675601&use=l&cat=p&typeid=i","cat":293235},{"id":159698,"n":"Piles alcalines Duracell Plus D 1,5V LR20 MN1300 - x2","p":5.27,"img":"https://fd6-photos.leclercdrive.fr/image.ashx?id=2929107&use=l&cat=p&typeid=i","cat":300572},{"id":159702,"n":"Piles alcalines Duracell Plus 9V 6LR61 MN1604 - x1","p":5.06,"img":"https://fd6-photos.leclercdrive.fr/image.ashx?id=2929113&use=l&cat=p&typeid=i","cat":300572},{"id":159708,"n":"Piles alcalines Duracell Plus 4,5V 3LR12 - x1","p":5.39,"img":"https://fd6-photos.leclercdrive.fr/image.ashx?id=2749850&use=l&cat=p&typeid=i","cat":300572},{"id":159734,"n":"Pomme Figue Bio Good Goût Gourde - 120g","p":1.74,"u":"14,50 €/KG","img":"https://fd6-photos.leclercdrive.fr/image.ashx?id=2736082&use=l&cat=p&typeid=i","cat":312387},{"id":159735,"n":"Pomme Framboise Bio Good Goût - Gourde - 120g","p":1.66,"u":"13,83 €/KG","img":"https://fd6-photos.leclercdrive.fr/image.ashx?id=2736103&use=l&cat=p&typeid=i","cat":312387},{"id":159875,"n":"Bières Florida Sunrise - Desperados - 3x33cL","p":5.14,"u":"15,58 €/L","img":"https://fd6-photos.leclercdrive.fr/image.ashx?id=2977972&use=l&cat=p&typeid=i","cat":334878},{"id":159892,"n":"Petits pots bébé P'TITE RECETTE Risotto 8M+ - 2x200g","p":2.27,"u":"5,68 €/KG","img":"https://fd6-photos.leclercdrive.fr/image.ashx?id=2737132&use=l&cat=p&typeid=i","cat":312236},{"id":159897,"n":"Fromage Enfant Kiri Crème 12 portions à tartiner - 216g","p":2.84,"u":"13,15 €/KG","img":"https://fd6-photos.leclercdrive.fr/image.ashx?id=2973565&use=l&cat=p&typeid=i","cat":314030},{"id":159899,"n":"Biscuit caramel P'tit Déli Beurre salé - 120g","p":2.06,"u":"17,17 €/KG","img":"https://fd6-photos.leclercdrive.fr/image.ashx?id=2141738&use=l&cat=p&typeid=i","cat":284487},{"id":159903,"n":"Boisson aux fruits Jafun Tropical - 2L","p":1.75,"u":"0,88 €/L","img":"https://fd6-photos.leclercdrive.fr/image.ashx?id=2897835&use=l&cat=p&typeid=i","cat":295018},{"id":159938,"n":"Desserts Lactés P'TIT BRASSE   Fraise BIO 6M+ - 4x90g","p":2.18,"u":"24,22 €/KG","img":"https://fd6-photos.leclercdrive.fr/image.ashx?id=2510202&use=l&cat=p&typeid=i","cat":312392},{"id":159947,"n":"Huile motoculture Beaux Jours 4t - 2L","p":7.49,"u":"3,75 €/L","img":"https://fd6-photos.leclercdrive.fr/image.ashx?id=2297798&use=l&cat=p&typeid=i","cat":298253},{"id":159950,"n":"Desserts Lactés P'TIT GOURMAND  BIO Cacao  6M+ - 4x90g","p":2.35,"u":"26,11 €/KG","img":"https://fd6-photos.leclercdrive.fr/image.ashx?id=2481691&use=l&cat=p&typeid=i","cat":312392},{"id":159952,"n":"Chocolat noir Côte d'Or Noix de pécan & Noisettes 180g","p":3.65,"u":"20,28 €/KG","img":"https://fd6-photos.leclercdrive.fr/image.ashx?id=2145346&use=l&cat=p&typeid=i","cat":284956},{"id":159956,"n":"Huile moteur Tech 9 5W30 C3 504/507 - 5L","p":34.9,"u":"6,98 €/L","img":"https://fd6-photos.leclercdrive.fr/image.ashx?id=2148776&use=l&cat=p&typeid=i","cat":298253},{"id":159959,"n":"Huile moteur Tech 9 5W40 Diesel - 2L","p":11.39,"u":"5,70 €/L","img":"https://fd6-photos.leclercdrive.fr/image.ashx?id=2162687&use=l&cat=p&typeid=i","cat":298253},{"id":159961,"n":"Huile moteur Tech 9 5W40 Essence - 5L","p":23.5,"u":"4,70 €/L","img":"https://fd6-photos.leclercdrive.fr/image.ashx?id=2148785&use=l&cat=p&typeid=i","cat":298253},{"id":159965,"n":"Capsules Starbucks by Nespresso  Colombia Int 7 - x18","p":6.05,"u":"59,90 €/KG","img":"https://fd6-photos.leclercdrive.fr/image.ashx?id=2668174&use=l&cat=p&typeid=i","cat":284749},{"id":159969,"n":"Huile moteur Tech 9 0W30 mixte - 5L","p":46.49,"u":"9,30 €/L","img":"https://fd6-photos.leclercdrive.fr/image.ashx?id=2162696&use=l&cat=p&typeid=i","cat":298253},{"id":159975,"n":"Huile tronçonneuse Eco + 5L","p":14.88,"u":"2,98 €/L","img":"https://fd6-photos.leclercdrive.fr/image.ashx?id=2235872&use=l&cat=p&typeid=i","cat":298253},{"id":159980,"n":"Huile moteur Tech 9 10W40 Diesel - 5L","p":18.4,"u":"3,68 €/L","img":"https://fd6-photos.leclercdrive.fr/image.ashx?id=2148767&use=l&cat=p&typeid=i","cat":298253},{"id":159985,"n":"Huile moteur Tech 9 10W40 Essence - 5L","p":18.4,"u":"3,68 €/L","img":"https://fd6-photos.leclercdrive.fr/image.ashx?id=2148770&use=l&cat=p&typeid=i","cat":298253},{"id":159992,"n":"Huile moteur Tech 9 5W30 C2 - 5L","p":28.99,"u":"5,80 €/L","img":"https://fd6-photos.leclercdrive.fr/image.ashx?id=2148773&use=l&cat=p&typeid=i","cat":298253},{"id":160101,"n":"Yaourt brassé Perle de Lait Panaché - 8x125g","p":3.49,"u":"3,49 €/KG","img":"https://fd6-photos.leclercdrive.fr/image.ashx?id=2989222&use=l&cat=p&typeid=i","cat":286006},{"id":160107,"n":"Jus innocent  pomme 1.5L","p":4.23,"u":"2,82 €/L","img":"https://fd6-photos.leclercdrive.fr/image.ashx?id=2893522&use=l&cat=p&typeid=i","cat":284354},{"id":160133,"n":"Tartelette au Maroilles Le Père Glacet - 100g","p":2.15,"u":"21,50 €/KG","img":"https://fd6-photos.leclercdrive.fr/image.ashx?id=2146621&use=l&cat=p&typeid=i","cat":333680},{"id":160238,"n":"Nappage Fruits rouges Vahiné 155g","p":2.84,"u":"18,32 €/KG","img":"https://fd6-photos.leclercdrive.fr/image.ashx?id=2805270&use=l&cat=p&typeid=i","cat":284504},{"id":160395,"n":"Yaourt fruits bifidus Activia  Abricot - 4x125g","p":1.96,"u":"3,92 €/KG","img":"https://fd6-photos.leclercdrive.fr/image.ashx?id=2233541&use=l&cat=p&typeid=i","cat":315000},{"id":160428,"n":"Lessive liquide fraicheur Epsil 40 lavages - 2L","p":4.6,"u":"2,30 €/L","img":"https://fd6-photos.leclercdrive.fr/image.ashx?id=2602982&use=l&cat=p&typeid=i","cat":284640},{"id":160429,"n":"Lessive liquide printemps Epsil 40 Lavages - 2L","p":4.6,"u":"2,30 €/L","img":"https://fd6-photos.leclercdrive.fr/image.ashx?id=2958347&use=l&cat=p&typeid=i","cat":284640},{"id":160430,"n":"Lessive liquide sensitive Epsil 40 lavages - 2L","p":5.99,"u":"3,00 €/L","img":"https://fd6-photos.leclercdrive.fr/image.ashx?id=2838951&use=l&cat=p&typeid=i","cat":284640},{"id":160457,"n":"AOP Côtes du Rhône rosé Bio La Résistance - 75cl","p":5.54,"u":"7,39 €/L","img":"https://fd6-photos.leclercdrive.fr/image.ashx?id=2153540&use=l&cat=p&typeid=i","cat":289558},{"id":160525,"n":"AOC Alsace Edelzwicker Wolfberger - 75cl","p":5.08,"u":"6,77 €/L","img":"https://fd6-photos.leclercdrive.fr/image.ashx?id=2153552&use=l&cat=p&typeid=i","cat":289557},{"id":160624,"n":"Kebab volaille veau Alsalor 800g","p":10.68,"u":"13,35 €/KG","img":"https://fd6-photos.leclercdrive.fr/image.ashx?id=2159421&use=l&cat=p&typeid=i","cat":null},{"id":160629,"n":"AOP Crémant de Bordeaux rosé Brut Malesan - 75cl","p":6.9,"pp":4.55,"u":"6,07 €/L","img":"https://fd6-photos.leclercdrive.fr/image.ashx?id=2464705&use=l&cat=p&typeid=i","cat":289558},{"id":160726,"n":"Cerise bigarreau St Mamet 240g","p":3.06,"u":"12,75 €/KG","img":"https://fd6-photos.leclercdrive.fr/image.ashx?id=2628425&use=l&cat=p&typeid=i","cat":284507},{"id":160756,"n":"Papier Toilette Humide - Aloe Vera Lotus - x80","p":3.66,"u":"0,05 €/P","img":"https://fd6-photos.leclercdrive.fr/image.ashx?id=2842927&use=l&cat=p&typeid=i","cat":284634},{"id":160765,"n":"AOP Côtes de Provence vin rosé Bernard Cordelier - 75 cl","p":3.99,"u":"5,32 €/L","img":"https://fd6-photos.leclercdrive.fr/image.ashx?id=2457647&use=l&cat=p&typeid=i","cat":289558},{"id":160820,"n":"Mozza Sticks Pickers by McCain Batonnets de mozzarella - 230g","p":3.4,"u":"14,78 €/KG","img":"https://fd6-photos.leclercdrive.fr/image.ashx?id=2920021&use=l&cat=p&typeid=i","cat":319822},{"id":160821,"n":"Onion rings Pickers by McCain 350g","p":3.17,"u":"9,06 €/KG","img":"https://fd6-photos.leclercdrive.fr/image.ashx?id=2920024&use=l&cat=p&typeid=i","cat":319822},{"id":160823,"n":"Nacho cheese Pickers by McCain Triangles fromage poivron 230g","p":3.07,"u":"13,35 €/KG","img":"https://fd6-photos.leclercdrive.fr/image.ashx?id=2752227&use=l&cat=p&typeid=i","cat":319822},{"id":161003,"n":"Mayonnaise Bénédicta Nature - 510g","p":2.48,"u":"4,86 €/KG","img":"https://fd6-photos.leclercdrive.fr/image.ashx?id=2548225&use=l&cat=p&typeid=i","cat":298295},{"id":161043,"n":"Citrons verts bio Bio Village Barquette x3","p":2.89,"u":"0,96 €/P","img":"https://fd6-photos.leclercdrive.fr/image.ashx?id=2552017&use=l&cat=p&typeid=i","cat":284356},{"id":161082,"n":"Café capsules DOLCE GUSTO Starbucks vanilla macchiato 2x6","p":4.39,"u":"33,26 €/KG","img":"https://fd6-photos.leclercdrive.fr/image.ashx?id=2986912&use=l&cat=p&typeid=i","cat":293239},{"id":161093,"n":"Nettoyant ménager La Croix  spray cuisine sans javel- 500ml","p":2.25,"u":"4,50 €/L","img":"https://fd6-photos.leclercdrive.fr/image.ashx?id=2676918&use=l&cat=p&typeid=i","cat":325357},{"id":161105,"n":"Morceaux de thon Petit Navire 2x112g","p":3.92,"u":"17,50 €/KG","img":"https://fd6-photos.leclercdrive.fr/image.ashx?id=2785130&use=l&cat=p&typeid=i","cat":303867},{"id":161121,"n":"Boisson aromatisée Vin rosé Pamplemousse 7.5% vol - BIB 3L","p":7.9,"u":"2,63 €/L","img":"https://fd6-photos.leclercdrive.fr/image.ashx?id=2958528&use=l&cat=p&typeid=i","cat":304569},{"id":161123,"n":"Boisson aux fruits Jafun Fraise Framboise - 2L","p":2.12,"u":"1,06 €/L","img":"https://fd6-photos.leclercdrive.fr/image.ashx?id=2865287&use=l&cat=p&typeid=i","cat":295018},{"id":161126,"n":"Boisson aux fruits Jafun Multifruits - 2L","p":1.99,"u":"1,00 €/L","img":"https://fd6-photos.leclercdrive.fr/image.ashx?id=2897832&use=l&cat=p&typeid=i","cat":295018},{"id":161130,"n":"Boissons à base de fruit Jafun Pêche Abricot - 2L","p":1.99,"u":"1,00 €/L","img":"https://fd6-photos.leclercdrive.fr/image.ashx?id=2865293&use=l&cat=p&typeid=i","cat":295018},{"id":161131,"n":"Boisson à base de fruits Jafun Pomme Kiwi - 2L","p":2.6,"u":"1,30 €/L","img":"https://fd6-photos.leclercdrive.fr/image.ashx?id=2865299&use=l&cat=p&typeid=i","cat":295018},{"id":161135,"n":"DOC Prosecco extra-dry rosé Marque Repère - 7% vol 75 cl","p":5.49,"u":"7,32 €/L","img":"https://fd6-photos.leclercdrive.fr/image.ashx?id=2977180&use=l&cat=p&typeid=i","cat":289461},{"id":161144,"n":"Boisson à base de fruits Jafun Pomme poire - 2L","p":2.23,"u":"1,12 €/L","img":"https://fd6-photos.leclercdrive.fr/image.ashx?id=2865302&use=l&cat=p&typeid=i","cat":295018},{"id":161413,"n":"Confiture fraises Léonce Blanc 70% de fruits - 320g","p":2.98,"u":"9,31 €/KG","img":"https://fd6-photos.leclercdrive.fr/image.ashx?id=2181164&use=l&cat=p&typeid=i","cat":284480},{"id":161414,"n":"Confiture aux framboises Léonce Blanc 70% de fruits-320g","p":3.77,"u":"11,78 €/KG","img":"https://fd6-photos.leclercdrive.fr/image.ashx?id=2285660&use=l&cat=p&typeid=i","cat":284480},{"id":161415,"n":"Confiture aux abricots Léonce Blanc 70% de fruits-320g","p":3.15,"u":"9,84 €/KG","img":"https://fd6-photos.leclercdrive.fr/image.ashx?id=2181161&use=l&cat=p&typeid=i","cat":284480},{"id":161433,"n":"Dragibus Doypack Haribo Sachet bonbons - 220g","p":1.73,"u":"7,86 €/KG","img":"https://fd6-photos.leclercdrive.fr/image.ashx?id=2984940&use=l&cat=p&typeid=i","cat":304250},{"id":161437,"n":"Happy Cola Pik Haribo Sachet bonbons acidulés - 200g","p":1.94,"u":"9,70 €/KG","img":"https://fd6-photos.leclercdrive.fr/image.ashx?id=2984928&use=l&cat=p&typeid=i","cat":304250},{"id":161483,"n":"Lait Le Petit Marseillais Hydratant désaltérant 400ml","p":4.12,"u":"10,30 €/L","img":"https://fd6-photos.leclercdrive.fr/image.ashx?id=2157175&use=l&cat=p&typeid=i","cat":325349},{"id":161575,"n":"DOC Prosecco Bio 7% vol - 75cl","p":6.49,"u":"8,65 €/L","img":"https://fd6-photos.leclercdrive.fr/image.ashx?id=2977204&use=l&cat=p&typeid=i","cat":289461},{"id":161579,"n":"AOC Muscadet Sèvre et Maine sur Lie Bio Les Caractères - 75cl","p":5.79,"u":"7,72 €/L","img":"https://fd6-photos.leclercdrive.fr/image.ashx?id=2754502&use=l&cat=p&typeid=i","cat":289557},{"id":161584,"n":"AOC vin blanc Alsace Riesling Bio Rebmann - 75cl","p":5.99,"u":"7,99 €/L","img":"https://fd6-photos.leclercdrive.fr/image.ashx?id=2685702&use=l&cat=p&typeid=i","cat":289557},{"id":161709,"n":"Déodorant bille Men Expert Thermic Resist - 50ml","p":2.55,"u":"51,00 €/L","img":"https://fd6-photos.leclercdrive.fr/image.ashx?id=2300518&use=l&cat=p&typeid=i","cat":284618},{"id":161734,"n":"Anneaux de calamars Costa A la romaine - 400g","p":5.16,"u":"12,90 €/KG","img":"https://fd6-photos.leclercdrive.fr/image.ashx?id=2160920&use=l&cat=p&typeid=i","cat":319788},{"id":161809,"n":"Lait Solaire Soleil des Iles au monoï Spray IP50 - 150ml","p":9.7,"u":"64,67 €/L","img":"https://fd6-photos.leclercdrive.fr/image.ashx?id=2161675&use=l&cat=p&typeid=i","cat":325355},{"id":161846,"n":"Sucre roux Tablier blanc En morceaux - 1kg","p":1.81,"u":"1,81 €/KG","img":"https://fd6-photos.leclercdrive.fr/image.ashx?id=3010437&use=l&cat=p&typeid=i","cat":284502},{"id":161862,"n":"Tartelettes sablées  3 Toques x9 - 216g","p":3.6,"u":"16,67 €/KG","img":"https://fd6-photos.leclercdrive.fr/image.ashx?id=2164330&use=l&cat=p&typeid=i","cat":284487},{"id":161865,"n":"Bière \"La Mont Noire\" Blonde - 7%vol. - 75cl","p":3.61,"u":"4,81 €/L","img":"https://fd6-photos.leclercdrive.fr/image.ashx?id=2164984&use=l&cat=p&typeid=i","cat":334872},{"id":161891,"n":"Pain burger Beau & Bon Harry's Brioché x4 - 300g","p":2.17,"u":"7,23 €/KG","img":"https://fd6-photos.leclercdrive.fr/image.ashx?id=2526830&use=l&cat=p&typeid=i","cat":325067},{"id":161894,"n":"Pain de mie 100% Mie Harrys Complet sans sucre ajouté- 500g","p":2.67,"u":"5,34 €/KG","img":"https://fd6-photos.leclercdrive.fr/image.ashx?id=2565780&use=l&cat=p&typeid=i","cat":284477},{"id":161911,"n":"AOP Vin Rouge Bordeaux Château Tertre de Leyle75cl","p":4.38,"u":"5,84 €/L","img":"https://fd6-photos.leclercdrive.fr/image.ashx?id=2191677&use=l&cat=p&typeid=i","cat":289556},{"id":161914,"n":"Boisson aux fruits Jafun Tropical light - 2L","p":1.39,"u":"0,70 €/L","img":"https://fd6-photos.leclercdrive.fr/image.ashx?id=2720184&use=l&cat=p&typeid=i","cat":295018},{"id":161915,"n":"Boisson tropical brick Jafun 6x20cl","p":2.19,"u":"1,83 €/L","img":"https://fd6-photos.leclercdrive.fr/image.ashx?id=2529617&use=l&cat=p&typeid=i","cat":295018},{"id":162175,"n":"Pancakes chocolat Whaou! x7 - 259g","p":2.52,"u":"9,73 €/KG","img":"https://fd6-photos.leclercdrive.fr/image.ashx?id=2740652&use=l&cat=p&typeid=i","cat":284495},{"id":162177,"n":"Gel Salle de bain & WC Glade Cerise & Pivoine 180g","p":1.97,"img":"https://fd6-photos.leclercdrive.fr/image.ashx?id=2454421&use=l&cat=p&typeid=i","cat":311628},{"id":162187,"n":"Skyr Bio Les 2 vaches Nature 0%MG - 480g","p":3.65,"u":"7,60 €/KG","img":"https://fd6-photos.leclercdrive.fr/image.ashx?id=2787293&use=l&cat=p&typeid=i","cat":315000},{"id":162194,"n":"Steak haché Charal Label rouge - 5%mg - 260g","p":7.3,"u":"28,08 €/KG","img":"https://fd6-photos.leclercdrive.fr/image.ashx?id=2162902&use=l&cat=p&typeid=i","cat":284332},{"id":162257,"n":"Boisson pétillante Kidibul Pomme tropical - 75cl","p":2.79,"pp":1.84,"u":"2,45 €/L","img":"https://fd6-photos.leclercdrive.fr/image.ashx?id=2766063&use=l&cat=p&typeid=i","cat":289460},{"id":162271,"n":"Tablette de chocolat noir Lindt Intense 70% - 2x200g","p":6.46,"pp":4.26,"u":"10,65 €/KG","img":"https://fd6-photos.leclercdrive.fr/image.ashx?id=2208936&use=l&cat=p&typeid=i","cat":285562},{"id":162274,"n":"Sauce Crudités Benedicta  Nature légère - 295g","p":1.88,"u":"6,37 €/KG","img":"https://fd6-photos.leclercdrive.fr/image.ashx?id=2755206&use=l&cat=p&typeid=i","cat":284456},{"id":162275,"n":"Sauce Pita Heinz - 230g","p":1.82,"u":"7,91 €/KG","img":"https://fd6-photos.leclercdrive.fr/image.ashx?id=2973165&use=l&cat=p&typeid=i","cat":318431},{"id":162464,"n":"Cahier Clairefontaine 96 pages Transparent - 24x32cm","p":2.7,"img":"https://fd6-photos.leclercdrive.fr/image.ashx?id=2166236&use=l&cat=p&typeid=i","cat":284697},{"id":162497,"n":"Changes Pampers Hybrid Starter Kit - x1 couche + 15 inserts","p":23.11,"u":"1,16 €/P","img":"https://fd6-photos.leclercdrive.fr/image.ashx?id=2355995&use=l&cat=p&typeid=i","cat":284737},{"id":162504,"n":"Blocs sel pour adoucisseur Axal 7.5kg","p":6.04,"u":"0,81 €/KG","img":"https://fd6-photos.leclercdrive.fr/image.ashx?id=2192017&use=l&cat=p&typeid=i","cat":335918},{"id":162570,"n":"Sauce apéritif Doritos Goût salsa épicée -280g","p":2.38,"u":"8,50 €/KG","img":"https://fd6-photos.leclercdrive.fr/image.ashx?id=3014473&use=l&cat=p&typeid=i","cat":284451},{"id":162571,"n":"Sauce apéritif Doritos Goût fromage -280g","p":2.4,"u":"8,57 €/KG","img":"https://fd6-photos.leclercdrive.fr/image.ashx?id=2170208&use=l&cat=p&typeid=i","cat":284451},{"id":162572,"n":"Sauce apéritif Doritos Goût sour cream -280g","p":2.4,"u":"8,57 €/KG","img":"https://fd6-photos.leclercdrive.fr/image.ashx?id=2167528&use=l&cat=p&typeid=i","cat":284451},{"id":162583,"n":"Thon entier MSC Saupiquet Nature - 93g","p":2.14,"u":"23,01 €/KG","img":"https://fd6-photos.leclercdrive.fr/image.ashx?id=2731546&use=l&cat=p&typeid=i","cat":303867},{"id":162596,"n":"Boisson aux fruits Jafun Orange - 2L","p":1.49,"u":"0,75 €/L","img":"https://fd6-photos.leclercdrive.fr/image.ashx?id=2997961&use=l&cat=p&typeid=i","cat":295018},{"id":162597,"n":"Lait concentré Régilait Sucré demi-écrémé - 300g","p":1.69,"u":"5,63 €/KG","img":"https://fd6-photos.leclercdrive.fr/image.ashx?id=2169956&use=l&cat=p&typeid=i","cat":293236},{"id":162604,"n":"Parmentier L'Atelier Traiteur Boeuf - 750g","p":7.75,"u":"10,33 €/KG","img":"https://fd6-photos.leclercdrive.fr/image.ashx?id=2895804&use=l&cat=p&typeid=i","cat":333666},{"id":162613,"n":"Paëlla royale L'Atelier Traiteur - 900g","p":6.98,"u":"7,76 €/KG","img":"https://fd6-photos.leclercdrive.fr/image.ashx?id=2812611&use=l&cat=p&typeid=i","cat":333666},{"id":162614,"n":"Couscous L'Atelier Traiteur 900g","p":8.99,"u":"9,99 €/KG","img":"https://fd6-photos.leclercdrive.fr/image.ashx?id=2812614&use=l&cat=p&typeid=i","cat":333666},{"id":162738,"n":"Shampooing Le Petit Marseillais Calendula & Coco - 2x 250ml","p":3.56,"u":"7,12 €/L","img":"https://fd6-photos.leclercdrive.fr/image.ashx?id=2668530&use=l&cat=p&typeid=i","cat":284606},{"id":162759,"n":"Lames Wilkinson Hydro 5 Sensitive - 2x4","p":36.69,"u":"4,59 €/P","img":"https://fd6-photos.leclercdrive.fr/image.ashx?id=2192919&use=l&cat=p&typeid=i","cat":284616},{"id":162777,"n":"Compote Andros Pommes/Pêches - 730g","p":2.18,"u":"2,99 €/KG","img":"https://fd6-photos.leclercdrive.fr/image.ashx?id=2395559&use=l&cat=p&typeid=i","cat":284508},{"id":162784,"n":"Filet de thon Pêche Océan Huile d'olive MSC - 185g","p":5.5,"u":"29,73 €/KG","img":"https://fd6-photos.leclercdrive.fr/image.ashx?id=2523374&use=l&cat=p&typeid=i","cat":303867},{"id":162823,"n":"Bière blonde La Bête 8° - 6x25cl","p":8.08,"u":"5,39 €/L","img":"https://fd6-photos.leclercdrive.fr/image.ashx?id=3011245&use=l&cat=p&typeid=i","cat":334872},{"id":162853,"n":"Vin de France Merlot rouge Cuvée Jean-Baptiste - 3L","p":9.9,"u":"3,30 €/L","img":"https://fd6-photos.leclercdrive.fr/image.ashx?id=2971568&use=l&cat=p&typeid=i","cat":289556},{"id":162871,"n":"Cahier Clairefontaine 96 pages Bleu foncé - 24x32cm","p":2.7,"img":"https://fd6-photos.leclercdrive.fr/image.ashx?id=2171370&use=l&cat=p&typeid=i","cat":284697},{"id":163021,"n":"Biscuits Knoppers Lait / Noisettes - 6x25g","p":2.01,"u":"13,40 €/KG","img":"https://fd6-photos.leclercdrive.fr/image.ashx?id=2659151&use=l&cat=p&typeid=i","cat":284488},{"id":163029,"n":"Tablette chocolat Villars Noir / pépites café - 100g","p":2.23,"u":"22,30 €/KG","img":"https://fd6-photos.leclercdrive.fr/image.ashx?id=2464291&use=l&cat=p&typeid=i","cat":284956},{"id":163115,"n":"Piles alcalines Duracell MX1500 Optimum Type AA/LR06 1,5V - x4","p":7.2,"u":"1,80 €/P","img":"https://fd6-photos.leclercdrive.fr/image.ashx?id=2941823&use=l&cat=p&typeid=i","cat":300572},{"id":163129,"n":"Petits pains grillés Krisprolls Complet - 425g","p":3.05,"u":"7,18 €/KG","img":"https://fd6-photos.leclercdrive.fr/image.ashx?id=2793716&use=l&cat=p&typeid=i","cat":284479},{"id":163132,"n":"Boisson orange Jafun Brique - 6x20cl","p":2.5,"u":"2,08 €/L","img":"https://fd6-photos.leclercdrive.fr/image.ashx?id=2992582&use=l&cat=p&typeid=i","cat":284524},{"id":163133,"n":"Bière ambrée Kwak 8.4% - 75cl","p":4.6,"u":"6,13 €/L","img":"https://fd6-photos.leclercdrive.fr/image.ashx?id=2948423&use=l&cat=p&typeid=i","cat":334872},{"id":163143,"n":"Dragibus Soft Haribo Sachet bonbons - 300g","p":1.35,"u":"4,50 €/KG","img":"https://fd6-photos.leclercdrive.fr/image.ashx?id=2806123&use=l&cat=p&typeid=i","cat":304250},{"id":163144,"n":"Piles alcalines Duracell MN2400 Optimum AAA/LR03 1,5V - x4","p":7.2,"u":"1,80 €/P","img":"https://fd6-photos.leclercdrive.fr/image.ashx?id=2929095&use=l&cat=p&typeid=i","cat":300572},{"id":163145,"n":"Dragibus Original Haribo Multipack bonbons - 250g","p":1.72,"u":"6,88 €/KG","img":"https://fd6-photos.leclercdrive.fr/image.ashx?id=2984943&use=l&cat=p&typeid=i","cat":304250},{"id":163146,"n":"Piles alcalines Duracell MX1500 Optimum AA/LR06 1,5V - x6","p":9.55,"u":"1,59 €/P","img":"https://fd6-photos.leclercdrive.fr/image.ashx?id=2855367&use=l&cat=p&typeid=i","cat":300572},{"id":163147,"n":"Bonbons Haribo Dragolo - 750g","p":4.61,"u":"6,15 €/KG","img":"https://fd6-photos.leclercdrive.fr/image.ashx?id=2803586&use=l&cat=p&typeid=i","cat":304250},{"id":163148,"n":"Piles alcalines Duracell MN2400 Optimum AAA/LR03 1,5V - x6","p":9.55,"u":"1,59 €/P","img":"https://fd6-photos.leclercdrive.fr/image.ashx?id=2855370&use=l&cat=p&typeid=i","cat":300572},{"id":163179,"n":"Piles alcalines Duracell Plus C/LR14 1.5V MN1400 - x4","p":8.9,"u":"2,23 €/P","img":"https://fd6-photos.leclercdrive.fr/image.ashx?id=2929104&use=l&cat=p&typeid=i","cat":300572},{"id":163180,"n":"Piles alcalines Duracell Plus D/LR20 1.5V MN1300 - x4","p":8.9,"u":"2,23 €/P","img":"https://fd6-photos.leclercdrive.fr/image.ashx?id=2929110&use=l&cat=p&typeid=i","cat":300572},{"id":163185,"n":"Assiettes plates Homeside 23cm blanc sans film PE - x100","p":3.99,"u":"0,04 €/P","img":"https://fd6-photos.leclercdrive.fr/image.ashx?id=2177418&use=l&cat=p&typeid=i","cat":334134},{"id":163236,"n":"Rasoir Gillette Proglide 5 lames - 1 pièce","p":16.97,"img":"https://fd6-photos.leclercdrive.fr/image.ashx?id=2463137&use=l&cat=p&typeid=i","cat":284616},{"id":163317,"n":"Assiettes plates Homeside 23cm blanc sans film PE - x50","p":2.69,"u":"0,05 €/P","img":"https://fd6-photos.leclercdrive.fr/image.ashx?id=2177415&use=l&cat=p&typeid=i","cat":334134},{"id":163334,"n":"Olives vertes dénoyautées  Croc'frais ail des ours - 150g","p":2.85,"u":"19,00 €/KG","img":"https://fd6-photos.leclercdrive.fr/image.ashx?id=2175927&use=l&cat=p&typeid=i","cat":316002},{"id":163340,"n":"Gobelet 47cl Homeside American cup bleu - x10","p":2.39,"u":"0,24 €/P","img":"https://fd6-photos.leclercdrive.fr/image.ashx?id=2177340&use=l&cat=p&typeid=i","cat":334134},{"id":163353,"n":"Verres à biere 35cl Homeside x12","p":1.9,"u":"0,16 €/P","img":"https://fd6-photos.leclercdrive.fr/image.ashx?id=2177358&use=l&cat=p&typeid=i","cat":334134},{"id":163354,"n":"Gobelets 20cl Eco+ Blanc - x50","p":1.26,"u":"0,03 €/P","img":"https://fd6-photos.leclercdrive.fr/image.ashx?id=2176608&use=l&cat=p&typeid=i","cat":334134},{"id":163355,"n":"Gobelets 10cl Homeside Décor café - x20","p":1.1,"u":"0,06 €/P","img":"https://fd6-photos.leclercdrive.fr/image.ashx?id=2177361&use=l&cat=p&typeid=i","cat":334134},{"id":163356,"n":"Gobelets 25cl Homeside Olive - x12","p":1.5,"u":"0,13 €/P","img":"https://fd6-photos.leclercdrive.fr/image.ashx?id=2708973&use=l&cat=p&typeid=i","cat":334134},{"id":163361,"n":"Gobelets 25cl Homeside Rouge - x12","p":1.5,"u":"0,13 €/P","img":"https://fd6-photos.leclercdrive.fr/image.ashx?id=2708982&use=l&cat=p&typeid=i","cat":334134},{"id":163362,"n":"Gobelets double paroi Homeside 10cl Carton kraft - x10","p":1.4,"u":"0,14 €/P","img":"https://fd6-photos.leclercdrive.fr/image.ashx?id=2181584&use=l&cat=p&typeid=i","cat":334134},{"id":163363,"n":"Gobelets double paroi Homeside 25cl Carton kraft - x10","p":1.8,"u":"0,18 €/P","img":"https://fd6-photos.leclercdrive.fr/image.ashx?id=2484774&use=l&cat=p&typeid=i","cat":334134},{"id":163413,"n":"Brossettes Efiseptyl Clean Expert 0.7mm - 1 pièce","p":4.05,"img":"https://fd6-photos.leclercdrive.fr/image.ashx?id=2928402&use=l&cat=p&typeid=i","cat":285159},{"id":163414,"n":"Brossettes Efiseptyl Clean Expert 0.9mm - 1 pièce","p":4.02,"img":"https://fd6-photos.leclercdrive.fr/image.ashx?id=2928405&use=l&cat=p&typeid=i","cat":285159},{"id":163420,"n":"Smarties Mini Bonbons Chocolats 21 boites - 315g","p":3.86,"u":"12,25 €/KG","img":"https://fd6-photos.leclercdrive.fr/image.ashx?id=2740862&use=l&cat=p&typeid=i","cat":304238},{"id":163428,"n":"Crayon à sourcils Maybelline  Duo crayon et poudre","p":9.45,"img":"https://fd6-photos.leclercdrive.fr/image.ashx?id=2377787&use=l&cat=p&typeid=i","cat":287029},{"id":163476,"n":"Petit pot bébé Bledina 6 mois purée Carottes Choux fleurs","p":2.13,"u":"5,33 €/KG","img":"https://fd6-photos.leclercdrive.fr/image.ashx?id=2909509&use=l&cat=p&typeid=i","cat":312235},{"id":163525,"n":"Petit pot bébé Blédina 6 mois Haricot carotte veau - 2x200g","p":2.24,"u":"5,60 €/KG","img":"https://fd6-photos.leclercdrive.fr/image.ashx?id=2935756&use=l&cat=p&typeid=i","cat":312236},{"id":163526,"n":"Petit pot bébé bledina 6 mois  Purée légumes agneau - 2x200g","p":2.28,"u":"5,70 €/KG","img":"https://fd6-photos.leclercdrive.fr/image.ashx?id=2976770&use=l&cat=p&typeid=i","cat":312236},{"id":163529,"n":"Compote bébé Blédina 4-6 mois Pomme - 2x130g","p":1.45,"u":"5,58 €/KG","img":"https://fd6-photos.leclercdrive.fr/image.ashx?id=2911211&use=l&cat=p&typeid=i","cat":312387},{"id":163534,"n":"Isey Skyr Fraise - 400g","p":2.96,"u":"7,40 €/KG","img":"https://fd6-photos.leclercdrive.fr/image.ashx?id=2601193&use=l&cat=p&typeid=i","cat":315000},{"id":163538,"n":"Isey Skyr Nature - 1x400g","p":2.99,"u":"7,48 €/KG","img":"https://fd6-photos.leclercdrive.fr/image.ashx?id=2598606&use=l&cat=p&typeid=i","cat":315000},{"id":163541,"n":"Isey Skyr Stracciatella - 400g","p":2.88,"u":"7,20 €/KG","img":"https://fd6-photos.leclercdrive.fr/image.ashx?id=2598621&use=l&cat=p&typeid=i","cat":315000},{"id":163543,"n":"Isey Skyr Vanille - 400g","p":3.14,"u":"7,85 €/KG","img":"https://fd6-photos.leclercdrive.fr/image.ashx?id=2598609&use=l&cat=p&typeid=i","cat":315000},{"id":163547,"n":"Bière blonde La G de Goudale Etui 75cl","p":3.85,"u":"5,13 €/L","img":"https://fd6-photos.leclercdrive.fr/image.ashx?id=2178716&use=l&cat=p&typeid=i","cat":334872},{"id":163613,"n":"Mozzarella fromage râpé  Les Croisés - 150g","p":1.39,"u":"9,27 €/KG","img":"https://fd6-photos.leclercdrive.fr/image.ashx?id=2178848&use=l&cat=p&typeid=i","cat":314035},{"id":163640,"n":"Poireaux émincés Bio Bio Village - 600g","p":1.99,"u":"3,32 €/KG","img":"https://fd6-photos.leclercdrive.fr/image.ashx?id=2898098&use=l&cat=p&typeid=i","cat":319805},{"id":163643,"n":"Patates douces en morceaux Bio Bio Village - 600g","p":2.08,"u":"3,47 €/KG","img":"https://fd6-photos.leclercdrive.fr/image.ashx?id=2898101&use=l&cat=p&typeid=i","cat":319805},{"id":163706,"n":"Poisson Pané Cabillaud MSC Façon Fish & Chips x4 - 400g","p":6.72,"u":"16,80 €/KG","img":"https://fd6-photos.leclercdrive.fr/image.ashx?id=2985351&use=l&cat=p&typeid=i","cat":319788},{"id":163749,"n":"Mousseline Purina Gourmet Boeuf nappé de sauce - 4x57g","p":2.77,"u":"12,15 €/KG","img":"https://fd6-photos.leclercdrive.fr/image.ashx?id=2861773&use=l&cat=p&typeid=i","cat":285286},{"id":163750,"n":"Mousseline Purina Gourmet Poulet nappé de sauce - 4x57g","p":3.07,"u":"13,46 €/KG","img":"https://fd6-photos.leclercdrive.fr/image.ashx?id=2864197&use=l&cat=p&typeid=i","cat":285286},{"id":163930,"n":"Chorizo doux tranché L'Atelier Charcuterie - 100g","p":2.46,"u":"24,60 €/KG","img":"https://fd6-photos.leclercdrive.fr/image.ashx?id=2856666&use=l&cat=p&typeid=i","cat":316007},{"id":163931,"n":"Chiffonnade de chorizo L'Atelier Charcuterie - 80g","p":2.09,"u":"26,13 €/KG","img":"https://fd6-photos.leclercdrive.fr/image.ashx?id=2846577&use=l&cat=p&typeid=i","cat":316007},{"id":163942,"n":"Steak Haché 12%MG Charal 260g","p":5.95,"u":"22,88 €/KG","img":"https://fd6-photos.leclercdrive.fr/image.ashx?id=2370098&use=l&cat=p&typeid=i","cat":284332},{"id":163957,"n":"Préfou chèvre miel NRT L'Atelier Traiteur - 280g","p":3.99,"u":"14,25 €/KG","img":"https://fd6-photos.leclercdrive.fr/image.ashx?id=2989778&use=l&cat=p&typeid=i","cat":316003},{"id":164235,"n":"Bière Triple Lefort 75cl","p":5.29,"u":"7,05 €/L","img":"https://fd6-photos.leclercdrive.fr/image.ashx?id=2398682&use=l&cat=p&typeid=i","cat":334872},{"id":164271,"n":"Café grains Méo  Excellence - 1kg","p":18.95,"u":"18,95 €/KG","img":"https://fd6-photos.leclercdrive.fr/image.ashx?id=2601521&use=l&cat=p&typeid=i","cat":293237},{"id":164367,"n":"Pizza Turini 4 fromages - 200g","p":1.31,"u":"6,55 €/KG","img":"https://fd6-photos.leclercdrive.fr/image.ashx?id=2839941&use=l&cat=p&typeid=i","cat":333679},{"id":164394,"n":"Compotes Pom'Potes Gourdes  Pomme Poire Banane - 32x90g","p":12.91,"u":"4,48 €/KG","img":"https://fd6-photos.leclercdrive.fr/image.ashx?id=3010936&use=l&cat=p&typeid=i","cat":284508},{"id":164416,"n":"Concombre fromage blanc Menu Fraîcheur - 500g","p":2.49,"u":"4,98 €/KG","img":"https://fd6-photos.leclercdrive.fr/image.ashx?id=2901479&use=l&cat=p&typeid=i","cat":333657},{"id":164417,"n":"Macédoine de légumes Menu Fraîcheur - 500g","p":2.49,"u":"4,98 €/KG","img":"https://fd6-photos.leclercdrive.fr/image.ashx?id=2901482&use=l&cat=p&typeid=i","cat":333657},{"id":164541,"n":"Maïs Bonduelle Sans Résidu De Pesticides 285g","p":1.28,"u":"4,49 €/KG","img":"https://fd6-photos.leclercdrive.fr/image.ashx?id=2972892&use=l&cat=p&typeid=i","cat":312611},{"id":164567,"n":"Eau nettoyante Cadum Bébé  Douceur - 750ml","p":3.3,"u":"4,40 €/L","img":"https://fd6-photos.leclercdrive.fr/image.ashx?id=2278451&use=l&cat=p&typeid=i","cat":284741},{"id":164569,"n":"Gel nettoyant Cadum Bébé  Corps et Cheveux - 750ml","p":3.3,"u":"4,40 €/L","img":"https://fd6-photos.leclercdrive.fr/image.ashx?id=2377799&use=l&cat=p&typeid=i","cat":284740},{"id":164570,"n":"Gel Douche Sans Savon Cadum Huile d'Amandes Douces - 750ml","p":3.23,"u":"4,31 €/L","img":"https://fd6-photos.leclercdrive.fr/image.ashx?id=2352870&use=l&cat=p&typeid=i","cat":284594},{"id":164581,"n":"Démaquillant Maybelline  Lotion fraîcheur yeux - 150ml","p":2.35,"u":"15,67 €/L","img":"https://fd6-photos.leclercdrive.fr/image.ashx?id=2505657&use=l&cat=p&typeid=i","cat":284603},{"id":164583,"n":"Gel Lavant enfant Cadum Corps & cheveux - 750ml","p":4.44,"u":"5,92 €/L","img":"https://fd6-photos.leclercdrive.fr/image.ashx?id=2839496&use=l&cat=p&typeid=i","cat":284594},{"id":164584,"n":"Crème Douche surgras Cadum Beurre de Karité - 750ml","p":3.23,"u":"4,31 €/L","img":"https://fd6-photos.leclercdrive.fr/image.ashx?id=2395020&use=l&cat=p&typeid=i","cat":284594},{"id":164598,"n":"40 sacs congélation Alfapac avec lien Moyen modèle","p":1.95,"u":"0,05 €/P","img":"https://fd6-photos.leclercdrive.fr/image.ashx?id=2918700&use=l&cat=p&typeid=i","cat":334134},{"id":164601,"n":"Muscat de Rivesaltes AOC 15,5%","p":4.67,"u":"6,23 €/L","img":"https://fd6-photos.leclercdrive.fr/image.ashx?id=2974717&use=l&cat=p&typeid=i","cat":284913},{"id":164602,"n":"Lessive liquide fraîcheur ECO+ 40 lavages - 2L","p":2.16,"u":"1,08 €/L","img":"https://fd6-photos.leclercdrive.fr/image.ashx?id=2597988&use=l&cat=p&typeid=i","cat":284640},{"id":164603,"n":"Lessive liquide fleurie Epsil 25 lavages - 1,25L","p":3.91,"u":"3,13 €/L","img":"https://fd6-photos.leclercdrive.fr/image.ashx?id=2603000&use=l&cat=p&typeid=i","cat":284640},{"id":164604,"n":"Lessive liquide fraîcheur Epsil 25 lavages - 1,25L","p":3.33,"u":"2,66 €/L","img":"https://fd6-photos.leclercdrive.fr/image.ashx?id=2602994&use=l&cat=p&typeid=i","cat":284640},{"id":164605,"n":"Blended whisky ECO+ 40% - 1L","p":15.44,"u":"15,44 €/L","img":"https://fd6-photos.leclercdrive.fr/image.ashx?id=2907147&use=l&cat=p&typeid=i","cat":284547},{"id":164606,"n":"Rhum blanc DOM 40° - 70cl","p":9.11,"u":"13,01 €/L","img":"https://fd6-photos.leclercdrive.fr/image.ashx?id=2188772&use=l&cat=p&typeid=i","cat":284550},{"id":164607,"n":"Blended whisky Eco+ 40% - 70cl","p":10.92,"u":"15,60 €/L","img":"https://fd6-photos.leclercdrive.fr/image.ashx?id=2907150&use=l&cat=p&typeid=i","cat":284547},{"id":164611,"n":"Glacière isotherme Jute 26 L","p":9.9,"img":"https://fd6-photos.leclercdrive.fr/image.ashx?id=2188378&use=l&cat=p&typeid=i","cat":334139},{"id":164657,"n":"Pur Beurre de Cacahuète Crunchy bio Jardin Bio Etic - 350g","p":5.03,"u":"14,37 €/KG","img":"https://fd6-photos.leclercdrive.fr/image.ashx?id=2298667&use=l&cat=p&typeid=i","cat":284481},{"id":164815,"n":"12 vitamines + 9 minéraux  Juvamine - 30 comprimés","p":5.0,"u":"0,17 €/P","img":"https://fd6-photos.leclercdrive.fr/image.ashx?id=2675951&use=l&cat=p&typeid=i","cat":313217},{"id":164828,"n":"Café moulu Méo Gastronomique  - 500g","p":8.47,"u":"16,94 €/KG","img":"https://fd6-photos.leclercdrive.fr/image.ashx?id=2571305&use=l&cat=p&typeid=i","cat":284750},{"id":164834,"n":"Eau gazeuse St Amand Citron - 1L","p":0.6,"u":"0,60 €/L","img":"https://fd6-photos.leclercdrive.fr/image.ashx?id=2942423&use=l&cat=p&typeid=i","cat":284536},{"id":164836,"n":"Eau gazeuse St Amand Citron - 6x50cl","p":2.55,"u":"0,85 €/L","img":"https://fd6-photos.leclercdrive.fr/image.ashx?id=2191548&use=l&cat=p&typeid=i","cat":284536},{"id":164837,"n":"Eau gazeuse St Amand Citron - citron vert - 6x50cl","p":2.53,"u":"0,84 €/L","img":"https://fd6-photos.leclercdrive.fr/image.ashx?id=2191551&use=l&cat=p&typeid=i","cat":284536},{"id":164870,"n":"Raclette au poivre pasteurisée L'Atelier Fromagerie - 250g","p":3.75,"u":"15,00 €/KG","img":"https://fd6-photos.leclercdrive.fr/image.ashx?id=2856365&use=l&cat=p&typeid=i","cat":314036},{"id":165040,"n":"Diffuseur Glade avec bâtonnets Orange & Néroli - 80ml","p":7.23,"u":"90,38 €/L","img":"https://fd6-photos.leclercdrive.fr/image.ashx?id=2867710&use=l&cat=p&typeid=i","cat":311627},{"id":165041,"n":"Diffuseur Glade avec bâtonnets Bergamote & Citronnelle - 80ml","p":7.11,"img":"https://fd6-photos.leclercdrive.fr/image.ashx?id=2867181&use=l&cat=p&typeid=i","cat":311627},{"id":165042,"n":"Bougie Glade Aromatherapy Orange & Néroli - 260g","p":7.12,"u":"27,38 €/KG","img":"https://fd6-photos.leclercdrive.fr/image.ashx?id=2267900&use=l&cat=p&typeid=i","cat":284666},{"id":165044,"n":"Bougie Glade Aromatherapy Bergamote Citronnelle - 260g","p":7.31,"u":"28,12 €/KG","img":"https://fd6-photos.leclercdrive.fr/image.ashx?id=2267903&use=l&cat=p&typeid=i","cat":284666},{"id":165062,"n":"Gel Lubrifiant Intime Cherry Arome Cerise Durex 100ml","p":9.59,"u":"95,90 €/L","img":"https://fd6-photos.leclercdrive.fr/image.ashx?id=2960696&use=l&cat=p&typeid=i","cat":285160},{"id":165063,"n":"Gel Lubrifiant Intime Hot Durex Effet Chauffant Base Eau 100ml","p":9.56,"u":"95,60 €/L","img":"https://fd6-photos.leclercdrive.fr/image.ashx?id=2785487&use=l&cat=p&typeid=i","cat":285160},{"id":165064,"n":"Lessive poudre Eco + 60 lavages - 3kg","p":4.81,"u":"1,60 €/KG","img":"https://fd6-photos.leclercdrive.fr/image.ashx?id=2638524&use=l&cat=p&typeid=i","cat":284642},{"id":165065,"n":"Huile moteur Tech 9 2T 100 Synhèse - 2L","p":12.89,"u":"6,45 €/L","img":"https://fd6-photos.leclercdrive.fr/image.ashx?id=2193821&use=l&cat=p&typeid=i","cat":298253},{"id":165099,"n":"Bicarbonate alimentaire en sac Recharge openup - élevée - 3 kg","p":14.1,"u":"4,70 €/KG","img":"https://fd6-photos.leclercdrive.fr/image.ashx?id=2193617&use=l&cat=p&typeid=i","cat":284457},{"id":165105,"n":"Percabonate de soude en sac Recharge - 2kg","p":15.71,"u":"7,86 €/KG","img":"https://fd6-photos.leclercdrive.fr/image.ashx?id=2193620&use=l&cat=p&typeid=i","cat":325365},{"id":165131,"n":"Crème de cassis d'Anjou  Giffard 16% - 50cl","p":5.5,"pp":4.95,"u":"9,90 €/L","img":"https://fd6-photos.leclercdrive.fr/image.ashx?id=2219150&use=l&cat=p&typeid=i","cat":286032},{"id":165156,"n":"Jus MultiFruits Désucré Jafaden - 1L","p":1.69,"u":"1,69 €/L","img":"https://fd6-photos.leclercdrive.fr/image.ashx?id=2497971&use=l&cat=p&typeid=i","cat":284917},{"id":165198,"n":"Pate à tartiner Bonne Maman Noisette et cacao - 250g","p":3.25,"u":"13,00 €/KG","img":"https://fd6-photos.leclercdrive.fr/image.ashx?id=2891103&use=l&cat=p&typeid=i","cat":284481},{"id":165199,"n":"Pate à tartiner Bonne Maman Noisette et cacao - 360g","p":3.8,"u":"10,56 €/KG","img":"https://fd6-photos.leclercdrive.fr/image.ashx?id=2891106&use=l&cat=p&typeid=i","cat":284481},{"id":165200,"n":"Pate à tartiner Bonne Maman Noisette et cacao - 580g","p":6.07,"u":"10,47 €/KG","img":"https://fd6-photos.leclercdrive.fr/image.ashx?id=2891109&use=l&cat=p&typeid=i","cat":284481},{"id":165605,"n":"Tenders de poulet Coté Croc  - 600g","p":6.23,"u":"10,38 €/KG","img":"https://fd6-photos.leclercdrive.fr/image.ashx?id=2198315&use=l&cat=p&typeid=i","cat":319780},{"id":165644,"n":"Fromage Caprice Des Dieux En cas de Caprice - 150g","p":2.39,"u":"15,93 €/KG","img":"https://fd6-photos.leclercdrive.fr/image.ashx?id=2785859&use=l&cat=p&typeid=i","cat":314033},{"id":165655,"n":"Diffuseur Glade Aromatherapy Lavandin & Santal - 17.5ml","p":19.74,"u":"Dont 0,02 € d'éco-part.","img":"https://fd6-photos.leclercdrive.fr/image.ashx?id=2498446&use=l&cat=p&typeid=i","cat":311629},{"id":165656,"n":"Diffuseur Glade avec bâtonnets Lavandin & Santal - 80ml","p":5.95,"u":"74,38 €/L","img":"https://fd6-photos.leclercdrive.fr/image.ashx?id=2266083&use=l&cat=p&typeid=i","cat":311627},{"id":165657,"n":"Bougie Glade Aromatherapy Lavandin & Santal - 260g","p":7.44,"u":"28,62 €/KG","img":"https://fd6-photos.leclercdrive.fr/image.ashx?id=2267897&use=l&cat=p&typeid=i","cat":284666},{"id":165661,"n":"Brosse à dent Dentamyl Tête rechargeable souple - x1","p":1.17,"img":"https://fd6-photos.leclercdrive.fr/image.ashx?id=2198432&use=l&cat=p&typeid=i","cat":284614},{"id":165665,"n":"Confitures aux Myrtilles 70% 320g","p":3.69,"u":"11,53 €/KG","img":"https://fd6-photos.leclercdrive.fr/image.ashx?id=2285663&use=l&cat=p&typeid=i","cat":284480},{"id":165666,"n":"Confitures Léonce Blanc 70% 4 agrumes - 320g","p":2.88,"u":"9,00 €/KG","img":"https://fd6-photos.leclercdrive.fr/image.ashx?id=2362591&use=l&cat=p&typeid=i","cat":284480},{"id":165667,"n":"Brosse à dent Dentamyl Tête rechargeable médium - x1","p":1.17,"img":"https://fd6-photos.leclercdrive.fr/image.ashx?id=2198532&use=l&cat=p&typeid=i","cat":284614},{"id":165668,"n":"Brosse à dent Dentamyl Tête rechargeable dure - x1","p":1.17,"img":"https://fd6-photos.leclercdrive.fr/image.ashx?id=2198535&use=l&cat=p&typeid=i","cat":284614},{"id":165669,"n":"Tête de recharge Dentamyl Brosse à dent souple - x3","p":1.0,"u":"0,33 €/P","img":"https://fd6-photos.leclercdrive.fr/image.ashx?id=2791015&use=l&cat=p&typeid=i","cat":284614},{"id":165670,"n":"Tête de recharge Dentamyl Brosse à dent médium - x3","p":1.0,"u":"0,33 €/P","img":"https://fd6-photos.leclercdrive.fr/image.ashx?id=2791018&use=l&cat=p&typeid=i","cat":284614},{"id":165671,"n":"Tête de recharge Dentamyl Brosse à dent dure - x3","p":1.0,"u":"0,33 €/P","img":"https://fd6-photos.leclercdrive.fr/image.ashx?id=2791021&use=l&cat=p&typeid=i","cat":284614},{"id":165678,"n":"Crème Whisky Baileys Caramel salé 17% vol - 70cl","p":11.56,"u":"16,51 €/L","img":"https://fd6-photos.leclercdrive.fr/image.ashx?id=2351475&use=l&cat=p&typeid=i","cat":286032},{"id":165689,"n":"Gel douche Hydratant Ushuaïa Orchidée du Mexique - 300ml","p":2.37,"u":"7,90 €/L","img":"https://fd6-photos.leclercdrive.fr/image.ashx?id=2445340&use=l&cat=p&typeid=i","cat":284594},{"id":165696,"n":"Smarties Chocolat Noël Moulage Père Noël - 85g","p":2.98,"u":"35,06 €/KG","img":"https://fd6-photos.leclercdrive.fr/image.ashx?id=2202968&use=l&cat=p&typeid=i","cat":327592},{"id":165699,"n":"Chocolats à la liqueur Abtey Extra fins x17 - 240g","p":4.95,"u":"20,63 €/KG","img":"https://fd6-photos.leclercdrive.fr/image.ashx?id=2870263&use=l&cat=p&typeid=i","cat":327601},{"id":165700,"n":"Chocolats à la liqueur Abtey Poire Williams x11 - 240g","p":4.67,"u":"19,46 €/KG","img":"https://fd6-photos.leclercdrive.fr/image.ashx?id=2870266&use=l&cat=p&typeid=i","cat":327601},{"id":165725,"n":"Marrons glacés L'Artisan Provençal x8 - 145g","p":13.95,"u":"96,21 €/KG","img":"https://fd6-photos.leclercdrive.fr/image.ashx?id=2390245&use=l&cat=p&typeid=i","cat":327603},{"id":165769,"n":"After Eight Chocolat Noël Saveur fraise - 400g","p":5.84,"u":"14,60 €/KG","img":"https://fd6-photos.leclercdrive.fr/image.ashx?id=2451489&use=l&cat=p&typeid=i","cat":327595},{"id":165801,"n":"Sauce bolognaise Eco+ 420g","p":1.13,"u":"2,69 €/KG","img":"https://fd6-photos.leclercdrive.fr/image.ashx?id=2634845&use=l&cat=p&typeid=i","cat":287599},{"id":166221,"n":"Acide citrique Biovie 350g","p":4.89,"u":"13,97 €/KG","img":"https://fd6-photos.leclercdrive.fr/image.ashx?id=2997007&use=l&cat=p&typeid=i","cat":325365},{"id":166244,"n":"After Eight Chocolat Noël Saveur mojito - 400g","p":5.84,"u":"14,60 €/KG","img":"https://fd6-photos.leclercdrive.fr/image.ashx?id=2908327&use=l&cat=p&typeid=i","cat":327595},{"id":166304,"n":"Croquettes poisson pané Findus MSC Ail Fines Herbes x6 - 300g","p":2.9,"u":"9,67 €/KG","img":"https://fd6-photos.leclercdrive.fr/image.ashx?id=3008752&use=l&cat=p&typeid=i","cat":319788},{"id":166361,"n":"Poisson Colin Alaska Findus  Croustillant Bordelaise - 380g","p":4.52,"u":"11,89 €/KG","img":"https://fd6-photos.leclercdrive.fr/image.ashx?id=2278034&use=l&cat=p&typeid=i","cat":319788},{"id":166377,"n":"Lessive eco-recharge Uni Vert Fleur x30 lavages - 1,05L","p":4.12,"u":"3,92 €/L","img":"https://fd6-photos.leclercdrive.fr/image.ashx?id=2838942&use=l&cat=p&typeid=i","cat":284640},{"id":166389,"n":"Ginger beer Bundaberg sans alcool - 37,5cl","p":1.93,"u":"5,15 €/L","img":"https://fd6-photos.leclercdrive.fr/image.ashx?id=2352038&use=l&cat=p&typeid=i","cat":334877},{"id":166399,"n":"AOC Jurançon blanc Matayac Petit et Gros Manseng - 75cl","p":7.9,"pp":5.53,"u":"7,37 €/L","img":"https://fd6-photos.leclercdrive.fr/image.ashx?id=2792324&use=l&cat=p&typeid=i","cat":289557},{"id":166403,"n":"Lessive eco-recharge Uni Vert Aloe x30 lavages - 1.05L","p":4.12,"u":"3,92 €/L","img":"https://fd6-photos.leclercdrive.fr/image.ashx?id=2669780&use=l&cat=p&typeid=i","cat":284640},{"id":166404,"n":"Lessive eco-recharge Uni Vert  Aloe Vera x42 lavages - 1.5L","p":5.91,"u":"3,94 €/L","img":"https://fd6-photos.leclercdrive.fr/image.ashx?id=2838954&use=l&cat=p&typeid=i","cat":284640},{"id":166457,"n":"Masque reconstructeur Elsève Full Resist - 680ml","p":11.63,"u":"17,10 €/L","img":"https://fd6-photos.leclercdrive.fr/image.ashx?id=2520491&use=l&cat=p&typeid=i","cat":284608},{"id":166478,"n":"Démaquillant Maybelline  Waterproof biphase 2en1 - 150ml","p":2.35,"u":"15,67 €/L","img":"https://fd6-photos.leclercdrive.fr/image.ashx?id=2278169&use=l&cat=p&typeid=i","cat":284603},{"id":166486,"n":"Nectar Fruits du Verger Jafaden Sans sucre ajouté - 1L","p":1.59,"u":"1,59 €/L","img":"https://fd6-photos.leclercdrive.fr/image.ashx?id=2919658&use=l&cat=p&typeid=i","cat":284521},{"id":166598,"n":"Sauce spaghetti bio Jardin Bio 510g","p":3.4,"u":"6,67 €/KG","img":"https://fd6-photos.leclercdrive.fr/image.ashx?id=2811164&use=l&cat=p&typeid=i","cat":288384},{"id":166601,"n":"Compote bio Jardin Bio Pomme banane - 680g","p":3.48,"u":"5,12 €/KG","img":"https://fd6-photos.leclercdrive.fr/image.ashx?id=2918307&use=l&cat=p&typeid=i","cat":284508},{"id":166602,"n":"Compote bio Jardin Bio Pomme fraise - 680g","p":3.63,"u":"5,34 €/KG","img":"https://fd6-photos.leclercdrive.fr/image.ashx?id=2918835&use=l&cat=p&typeid=i","cat":284508},{"id":166674,"n":"Confiture Douceur du Verger Fraise - 750g","p":2.15,"u":"2,87 €/KG","img":"https://fd6-photos.leclercdrive.fr/image.ashx?id=2965545&use=l&cat=p&typeid=i","cat":284480},{"id":166675,"n":"Confiture Douceur du Verger Abricot - 370g","p":1.27,"u":"3,43 €/KG","img":"https://fd6-photos.leclercdrive.fr/image.ashx?id=2965569&use=l&cat=p&typeid=i","cat":284480},{"id":166687,"n":"Yaourt protéiné Hipro 0%mg  Banane beurre cacahuète -2x160g","p":2.04,"u":"6,38 €/KG","img":"https://fd6-photos.leclercdrive.fr/image.ashx?id=2807426&use=l&cat=p&typeid=i","cat":315000},{"id":166707,"n":"Saumon fumé Delpierre Norvège 10 tranches - 320g","p":11.45,"u":"35,78 €/KG","img":"https://fd6-photos.leclercdrive.fr/image.ashx?id=2961915&use=l&cat=p&typeid=i","cat":285188},{"id":166750,"n":"Lessive concentrée Epsil Printemps x28 - 980ml","p":3.29,"u":"3,36 €/L","img":"https://fd6-photos.leclercdrive.fr/image.ashx?id=2450155&use=l&cat=p&typeid=i","cat":284640},{"id":166751,"n":"Lessive en poudre Epsil 10 lavages - 500g","p":2.69,"u":"5,38 €/KG","img":"https://fd6-photos.leclercdrive.fr/image.ashx?id=2450158&use=l&cat=p&typeid=i","cat":284642},{"id":166752,"n":"Lessive tri-dose Orient Epsil x20 - 490ml","p":4.49,"u":"9,16 €/L","img":"https://fd6-photos.leclercdrive.fr/image.ashx?id=2450116&use=l&cat=p&typeid=i","cat":284641},{"id":166753,"n":"Apéritif Apérol Spritz 12.5% vol - 1L","p":14.43,"u":"14,43 €/L","img":"https://fd6-photos.leclercdrive.fr/image.ashx?id=2957287&use=l&cat=p&typeid=i","cat":286032},{"id":166754,"n":"Spéculoos pocket P'tit Déli 168g","p":0.85,"u":"5,06 €/KG","img":"https://fd6-photos.leclercdrive.fr/image.ashx?id=2245598&use=l&cat=p&typeid=i","cat":284487},{"id":166757,"n":"Filet de poulet rôti Fleury Michon sans nitrite x6 - 160g","p":2.86,"u":"17,88 €/KG","img":"https://fd6-photos.leclercdrive.fr/image.ashx?id=2954830&use=l&cat=p&typeid=i","cat":316010},{"id":166819,"n":"Sucre en poudre Tablier Blanc 1kg","p":1.53,"u":"1,53 €/KG","img":"https://fd6-photos.leclercdrive.fr/image.ashx?id=3010434&use=l&cat=p&typeid=i","cat":284502},{"id":166828,"n":"Blanc de poulet Fleury Michon Sans nitrite x6 - 195g","p":3.03,"u":"15,54 €/KG","img":"https://fd6-photos.leclercdrive.fr/image.ashx?id=2962848&use=l&cat=p&typeid=i","cat":316010},{"id":166876,"n":"Lessive bi-doses Xeor Fraîcheur x30","p":5.24,"u":"7,13 €/L","img":"https://fd6-photos.leclercdrive.fr/image.ashx?id=2838945&use=l&cat=p&typeid=i","cat":284641},{"id":166878,"n":"Lessive bi-doses Xeor Savon de Marseille x30","p":5.24,"u":"7,13 €/L","img":"https://fd6-photos.leclercdrive.fr/image.ashx?id=2838948&use=l&cat=p&typeid=i","cat":284641},{"id":166891,"n":"Cookies crunchy melts Cadbury Oreo 156g","p":2.32,"u":"14,87 €/KG","img":"https://fd6-photos.leclercdrive.fr/image.ashx?id=2328286&use=l&cat=p&typeid=i","cat":325066},{"id":166893,"n":"Bonbons Trolli Pop eye 75g","p":1.88,"u":"25,07 €/KG","img":"https://fd6-photos.leclercdrive.fr/image.ashx?id=2854015&use=l&cat=p&typeid=i","cat":304250},{"id":167011,"n":"Pur jus de clémentine Jafaden 90cl","p":2.15,"u":"2,39 €/L","img":"https://fd6-photos.leclercdrive.fr/image.ashx?id=2723162&use=l&cat=p&typeid=i","cat":285435},{"id":167058,"n":"Savon de Marseille Olive Ecocert - 5x100g","p":5.0,"u":"10,00 €/KG","img":"https://fd6-photos.leclercdrive.fr/image.ashx?id=2214855&use=l&cat=p&typeid=i","cat":325365},{"id":167143,"n":"Nocciolato minis Novi 130g","p":4.48,"u":"34,46 €/KG","img":"https://fd6-photos.leclercdrive.fr/image.ashx?id=2615176&use=l&cat=p&typeid=i","cat":327595},{"id":167171,"n":"Sucette guimauve Xmas Fizzy  Père Noel - 35g","p":1.7,"u":"48,57 €/KG","img":"https://fd6-photos.leclercdrive.fr/image.ashx?id=2305166&use=l&cat=p&typeid=i","cat":327592},{"id":167244,"n":"Papillotes Revillon Lait   Féerique - 360g","p":10.99,"u":"30,53 €/KG","img":"https://fd6-photos.leclercdrive.fr/image.ashx?id=2863269&use=l&cat=p&typeid=i","cat":327597},{"id":167245,"n":"Papillotes Révillon Blanc Féerique - 360g","p":11.38,"u":"31,61 €/KG","img":"https://fd6-photos.leclercdrive.fr/image.ashx?id=2409124&use=l&cat=p&typeid=i","cat":327597},{"id":167306,"n":"Soupe Déshydratée Oignon KNORR 4 portions - 94g","p":1.18,"u":"12,55 €/KG","img":"https://fd6-photos.leclercdrive.fr/image.ashx?id=2780088&use=l&cat=p&typeid=i","cat":284463},{"id":167375,"n":"Pois chiches d'aucy Bien Cultivés - 250g","p":2.05,"u":"8,20 €/KG","img":"https://fd6-photos.leclercdrive.fr/image.ashx?id=2800764&use=l&cat=p&typeid=i","cat":312609},{"id":167378,"n":"Haricots verts d'aucy  Bien Cultivés - 58cl","p":2.32,"u":"4,00 €/L","img":"https://fd6-photos.leclercdrive.fr/image.ashx?id=2800770&use=l&cat=p&typeid=i","cat":312606},{"id":167381,"n":"Petits pois d'aucy  Bien Cultivés - 250g","p":2.04,"u":"8,16 €/KG","img":"https://fd6-photos.leclercdrive.fr/image.ashx?id=2216353&use=l&cat=p&typeid=i","cat":312607},{"id":167389,"n":"Pur jus d'orange Jafaden Sans pulpe - 90cl","p":2.15,"u":"2,39 €/L","img":"https://fd6-photos.leclercdrive.fr/image.ashx?id=2723159&use=l&cat=p&typeid=i","cat":285435},{"id":167390,"n":"Pur jus de pamplemousse Jafaden Avec pulpe - 90cl","p":1.88,"u":"2,09 €/L","img":"https://fd6-photos.leclercdrive.fr/image.ashx?id=2819639&use=l&cat=p&typeid=i","cat":285435},{"id":167391,"n":"Jus de pomme Jafaden 90cl","p":1.91,"u":"2,12 €/L","img":"https://fd6-photos.leclercdrive.fr/image.ashx?id=2723171&use=l&cat=p&typeid=i","cat":285435},{"id":167392,"n":"Jus d'ananas Jafaden 90cl","p":2.21,"u":"2,46 €/L","img":"https://fd6-photos.leclercdrive.fr/image.ashx?id=2819642&use=l&cat=p&typeid=i","cat":285435},{"id":167393,"n":"Boisson au jus de citron Jafaden - 90cl","p":1.87,"u":"2,08 €/L","img":"https://fd6-photos.leclercdrive.fr/image.ashx?id=2723177&use=l&cat=p&typeid=i","cat":285435},{"id":167394,"n":"Pur jus multifruits Jafaden Pomme pêche abricot - 90cl","p":2.09,"u":"2,32 €/L","img":"https://fd6-photos.leclercdrive.fr/image.ashx?id=2723180&use=l&cat=p&typeid=i","cat":285435},{"id":167395,"n":"Pur jus d'orange frais Jafaden Avec pulpe - 1,5L","p":3.66,"u":"2,44 €/L","img":"https://fd6-photos.leclercdrive.fr/image.ashx?id=2916719&use=l&cat=p&typeid=i","cat":285435},{"id":167397,"n":"Pur jus d'orange Jafaden Avec pulpe - 90cl","p":2.21,"u":"2,46 €/L","img":"https://fd6-photos.leclercdrive.fr/image.ashx?id=2723156&use=l&cat=p&typeid=i","cat":285435},{"id":167399,"n":"Mini cheese burgers Côté Croc x10 - 155g","p":6.35,"u":"40,97 €/KG","img":"https://fd6-photos.leclercdrive.fr/image.ashx?id=2898266&use=l&cat=p&typeid=i","cat":319774},{"id":167416,"n":"Gel douche Le Petit Marseillais Noix de coco - 250ml","p":1.49,"u":"5,96 €/L","img":"https://fd6-photos.leclercdrive.fr/image.ashx?id=2681856&use=l&cat=p&typeid=i","cat":284594},{"id":167422,"n":"Petit pot bébé Blédina 6 mois Légume viande poisson - 4x200g","p":4.13,"u":"5,16 €/KG","img":"https://fd6-photos.leclercdrive.fr/image.ashx?id=2908888&use=l&cat=p&typeid=i","cat":312236},{"id":167529,"n":"Lait bébé en poudre Gallia Calisma 1er âge 0-6 mois 830g","p":15.93,"u":"19,19 €/KG","img":"https://fd6-photos.leclercdrive.fr/image.ashx?id=2456201&use=l&cat=p&typeid=i","cat":284726},{"id":167530,"n":"Lait bébé en poudre Gallia Calisma 2e âge 6-12 mois 830g","p":15.36,"u":"18,51 €/KG","img":"https://fd6-photos.leclercdrive.fr/image.ashx?id=2479730&use=l&cat=p&typeid=i","cat":284727},{"id":167531,"n":"Lait bébé poudre Gallia Relais Calisma  1er âge 0-6 mois 830g","p":19.54,"u":"23,54 €/KG","img":"https://fd6-photos.leclercdrive.fr/image.ashx?id=2462460&use=l&cat=p&typeid=i","cat":284726},{"id":167532,"n":"Lait bébé poudre Gallia Relais Calisma 2e âge 6-12 mois 830g","p":18.81,"u":"22,66 €/KG","img":"https://fd6-photos.leclercdrive.fr/image.ashx?id=2911217&use=l&cat=p&typeid=i","cat":284727},{"id":167533,"n":"Tagliatelle Lustucru Selection  360g","p":1.44,"u":"4,00 €/KG","img":"https://fd6-photos.leclercdrive.fr/image.ashx?id=2885351&use=l&cat=p&typeid=i","cat":333682},{"id":167534,"n":"Tagliatelle Lustucru Selection  Maxi 600g","p":2.36,"u":"3,93 €/KG","img":"https://fd6-photos.leclercdrive.fr/image.ashx?id=2792399&use=l&cat=p&typeid=i","cat":333682},{"id":167535,"n":"Fettucini Lustucru Selection  350g","p":1.95,"u":"5,57 €/KG","img":"https://fd6-photos.leclercdrive.fr/image.ashx?id=2792402&use=l&cat=p&typeid=i","cat":333682},{"id":167556,"n":"Galette des rois Pasquier Pommes - 400g","p":4.75,"u":"11,88 €/KG","img":"https://fd6-photos.leclercdrive.fr/image.ashx?id=2895831&use=l&cat=p&typeid=i","cat":293600},{"id":167561,"n":"Brique pur jus Jafaden Multifruits - 1,5L","p":2.82,"u":"1,88 €/L","img":"https://fd6-photos.leclercdrive.fr/image.ashx?id=2916722&use=l&cat=p&typeid=i","cat":285435},{"id":167567,"n":"Galette des rois Pasquier Frangipane - 400g","p":4.75,"u":"11,88 €/KG","img":"https://fd6-photos.leclercdrive.fr/image.ashx?id=2895837&use=l&cat=p&typeid=i","cat":293600},{"id":167577,"n":"Maxi Galette des rois Frangipane - 600g","p":5.79,"u":"9,65 €/KG","img":"https://fd6-photos.leclercdrive.fr/image.ashx?id=2895834&use=l&cat=p&typeid=i","cat":293600},{"id":167612,"n":"Lessive Epsil Perfect Tri Doses Pure fraîcheur x20 - 490ml","p":4.99,"u":"10,18 €/L","img":"https://fd6-photos.leclercdrive.fr/image.ashx?id=2450122&use=l&cat=p&typeid=i","cat":284641},{"id":167656,"n":"Whisky Glenfiddich 43%vol. 14 ans - Etui - 70cl","p":40.56,"u":"57,94 €/L","img":"https://fd6-photos.leclercdrive.fr/image.ashx?id=2491745&use=l&cat=p&typeid=i","cat":284547},{"id":167868,"n":"Couscous parfumé Tipiak Aux épices du monde - 4x65g","p":1.49,"u":"5,73 €/KG","img":"https://fd6-photos.leclercdrive.fr/image.ashx?id=2846694&use=l&cat=p&typeid=i","cat":284429},{"id":167918,"n":"Multipack pikabouuuh 240g","p":2.32,"u":"9,67 €/KG","img":"https://fd6-photos.leclercdrive.fr/image.ashx?id=2913202&use=l&cat=p&typeid=i","cat":304250},{"id":167922,"n":"Sodiafizz Lutti 300g","p":1.69,"u":"5,63 €/KG","img":"https://fd6-photos.leclercdrive.fr/image.ashx?id=2857033&use=l&cat=p&typeid=i","cat":304250},{"id":167954,"n":"Beurre doux Le Campagnou Moulé - 500g","p":4.49,"u":"8,98 €/KG","img":"https://fd6-photos.leclercdrive.fr/image.ashx?id=2223466&use=l&cat=p&typeid=i","cat":284379},{"id":167959,"n":"Tzatziki dégustation Tables du Monde - 175g","p":2.25,"u":"12,86 €/KG","img":"https://fd6-photos.leclercdrive.fr/image.ashx?id=2222528&use=l&cat=p&typeid=i","cat":315999},{"id":168043,"n":"Liqueur de menthe Get Essentiel 17,9° - 70cl","p":13.23,"u":"18,90 €/L","img":"https://fd6-photos.leclercdrive.fr/image.ashx?id=2858267&use=l&cat=p&typeid=i","cat":286032},{"id":168093,"n":"Bière aromatisée GrimbergenRoug Rouge 5,5° - 12x25cl","p":10.04,"u":"3,35 €/L","img":"https://fd6-photos.leclercdrive.fr/image.ashx?id=2873324&use=l&cat=p&typeid=i","cat":334878},{"id":168097,"n":"Purée fruit bébé Blédina 6 mois Pomme pêche fraise - 4x100g","p":1.82,"u":"4,55 €/KG","img":"https://fd6-photos.leclercdrive.fr/image.ashx?id=2983027&use=l&cat=p&typeid=i","cat":312388},{"id":168150,"n":"Burger Géant Nature Jacquet Sans additif - x4 - 350g","p":1.36,"u":"3,89 €/KG","img":"https://fd6-photos.leclercdrive.fr/image.ashx?id=2729824&use=l&cat=p&typeid=i","cat":325067},{"id":168151,"n":"Biscuit bébé Blédina 15 mois  Céréales pépites chocolat -168g","p":2.92,"u":"17,38 €/KG","img":"https://fd6-photos.leclercdrive.fr/image.ashx?id=2892421&use=l&cat=p&typeid=i","cat":312227},{"id":168168,"n":"Huile d'olive Cauvin Vierge Extra - 75cl","p":9.48,"u":"12,64 €/L","img":"https://fd6-photos.leclercdrive.fr/image.ashx?id=2498353&use=l&cat=p&typeid=i","cat":284453},{"id":168169,"n":"Ferments Lactiques Tablier Blanc - 8g","p":2.42,"u":"302,50 €/KG","img":"https://fd6-photos.leclercdrive.fr/image.ashx?id=2900355&use=l&cat=p&typeid=i","cat":284504},{"id":168266,"n":"Rôti de Porc Clermont Façon Orloff - 800g","p":9.75,"u":"12,19 €/KG","img":"https://fd6-photos.leclercdrive.fr/image.ashx?id=2265996&use=l&cat=p&typeid=i","cat":284331},{"id":168301,"n":"Skyr Yoplait  Nature 0%Mg - 850g","p":3.21,"u":"3,78 €/KG","img":"https://fd6-photos.leclercdrive.fr/image.ashx?id=2884444&use=l&cat=p&typeid=i","cat":315000},{"id":168311,"n":"Fondant de faux-filet Charal Pur boeuf - 140g","p":3.95,"u":"28,21 €/KG","img":"https://fd6-photos.leclercdrive.fr/image.ashx?id=2894827&use=l&cat=p&typeid=i","cat":284328},{"id":168316,"n":"Steaks hachés Charal Pur Bœuf 5% MG 4x100g - 400g","p":8.43,"u":"21,08 €/KG","img":"https://fd6-photos.leclercdrive.fr/image.ashx?id=2741994&use=l&cat=p&typeid=i","cat":319778},{"id":168327,"n":"Mini Boulettes Charal Happy Family x50 - 750g","p":8.0,"u":"10,67 €/KG","img":"https://fd6-photos.leclercdrive.fr/image.ashx?id=2956457&use=l&cat=p&typeid=i","cat":319779},{"id":168354,"n":"Mascara Maybelline Sensational  - 1 pièce","p":9.45,"img":"https://fd6-photos.leclercdrive.fr/image.ashx?id=3010792&use=l&cat=p&typeid=i","cat":287029},{"id":168372,"n":"Mascara L'Oréal Paris Volume  Millions de cils baume Noir","p":12.0,"img":"https://fd6-photos.leclercdrive.fr/image.ashx?id=2418420&use=l&cat=p&typeid=i","cat":287029},{"id":168391,"n":"Jus de pomme désucré Jafaden 1L","p":1.39,"u":"1,39 €/L","img":"https://fd6-photos.leclercdrive.fr/image.ashx?id=2227035&use=l&cat=p&typeid=i","cat":284522},{"id":168569,"n":"Boulettes au bœuf Charal x30 - 900g","p":8.49,"u":"9,43 €/KG","img":"https://fd6-photos.leclercdrive.fr/image.ashx?id=2901845&use=l&cat=p&typeid=i","cat":319779},{"id":168656,"n":"Schoko-bons white Kinder Chocolat - 300g","p":6.78,"u":"22,60 €/KG","img":"https://fd6-photos.leclercdrive.fr/image.ashx?id=2918071&use=l&cat=p&typeid=i","cat":327592},{"id":168676,"n":"Compotes Pom'Potes Gourdes  Multivariétés Inédits - 20x90g","p":8.34,"u":"4,63 €/KG","img":"https://fd6-photos.leclercdrive.fr/image.ashx?id=2870179&use=l&cat=p&typeid=i","cat":284508},{"id":168725,"n":"Riz au lait La Laitière Nature - 4x115g","p":1.8,"u":"3,91 €/KG","img":"https://fd6-photos.leclercdrive.fr/image.ashx?id=2642201&use=l&cat=p&typeid=i","cat":284418},{"id":168868,"n":"Essuie-tout Uni Vert 2 = 4 rouleaux","p":2.72,"u":"1,36 €/P","img":"https://fd6-photos.leclercdrive.fr/image.ashx?id=2333715&use=l&cat=p&typeid=i","cat":284635},{"id":168869,"n":"Papier toilette Uni Vert 2 plis 4=12 - x4","p":3.38,"u":"0,85 €/P","img":"https://fd6-photos.leclercdrive.fr/image.ashx?id=2333718&use=l&cat=p&typeid=i","cat":284634},{"id":168871,"n":"Mouchoirs Boîte 3 plis Univert Mouchoir papier non blanchi x80","p":1.26,"u":"0,02 €/P","img":"https://fd6-photos.leclercdrive.fr/image.ashx?id=2571941&use=l&cat=p&typeid=i","cat":284638},{"id":168990,"n":"Burgers Eco+ x10 - 1kg","p":6.53,"u":"6,53 €/KG","img":"https://fd6-photos.leclercdrive.fr/image.ashx?id=2966523&use=l&cat=p&typeid=i","cat":319778},{"id":168992,"n":"Nuggets de volaille Eco+ 500g","p":2.18,"u":"4,36 €/KG","img":"https://fd6-photos.leclercdrive.fr/image.ashx?id=2233397&use=l&cat=p&typeid=i","cat":319780},{"id":168993,"n":"Viande hachée Eco+  800g","p":9.49,"u":"11,86 €/KG","img":"https://fd6-photos.leclercdrive.fr/image.ashx?id=2966526&use=l&cat=p&typeid=i","cat":319779},{"id":168994,"n":"Yaourt Enfant Petits Filous Tubs Aromatisés - x15","p":3.17,"u":"5,71 €/KG","img":"https://fd6-photos.leclercdrive.fr/image.ashx?id=2811038&use=l&cat=p&typeid=i","cat":284415},{"id":168995,"n":"Yaourt brassé Perle de Lait Vanille - 4x125g","p":1.93,"u":"3,86 €/KG","img":"https://fd6-photos.leclercdrive.fr/image.ashx?id=2939715&use=l&cat=p&typeid=i","cat":314999},{"id":168996,"n":"Yaourt brassé Perle de Lait Nature - 6x125g","p":2.46,"u":"3,28 €/KG","img":"https://fd6-photos.leclercdrive.fr/image.ashx?id=2994199&use=l&cat=p&typeid=i","cat":314999},{"id":169006,"n":"Cocktail de fruits de mer Eco+ Précuit - 500g","p":3.77,"u":"7,54 €/KG","img":"https://fd6-photos.leclercdrive.fr/image.ashx?id=2529525&use=l&cat=p&typeid=i","cat":319787},{"id":169026,"n":"Pané de colin d'Alaska Eco+ x5 - 800g","p":4.49,"u":"5,61 €/KG","img":"https://fd6-photos.leclercdrive.fr/image.ashx?id=2804323&use=l&cat=p&typeid=i","cat":319788},{"id":169045,"n":"Falafels de pois chiches Bio Hari&Co Cumin Menthe - 170g","p":4.02,"u":"23,65 €/KG","img":"https://fd6-photos.leclercdrive.fr/image.ashx?id=2903602&use=l&cat=p&typeid=i","cat":316036},{"id":169057,"n":"Pizza Margherita Eco+ x3 - 900g","p":2.62,"u":"2,91 €/KG","img":"https://fd6-photos.leclercdrive.fr/image.ashx?id=2781176&use=l&cat=p&typeid=i","cat":284256},{"id":169085,"n":"Seau boule de graines Pictou x50 - 4.5kg","p":6.99,"u":"1,55 €/KG","img":"https://fd6-photos.leclercdrive.fr/image.ashx?id=2879700&use=l&cat=p&typeid=i","cat":284678},{"id":169118,"n":"Beurre de cacahuète Bio Whole Earth - 340g","p":3.7,"u":"10,88 €/KG","img":"https://fd6-photos.leclercdrive.fr/image.ashx?id=2237313&use=l&cat=p&typeid=i","cat":284481},{"id":169189,"n":"Dessert Materne Gourdes  Végétal Vanille - 4x85g","p":1.64,"u":"4,82 €/KG","img":"https://fd6-photos.leclercdrive.fr/image.ashx?id=2563235&use=l&cat=p&typeid=i","cat":284506},{"id":169190,"n":"Dessert Materne Gourdes  Végétal Chocolat - 4x85g","p":1.64,"u":"4,82 €/KG","img":"https://fd6-photos.leclercdrive.fr/image.ashx?id=2563232&use=l&cat=p&typeid=i","cat":284506},{"id":169298,"n":"Velouté Carottes Française Knorr - 1L","p":2.86,"u":"2,86 €/L","img":"https://fd6-photos.leclercdrive.fr/image.ashx?id=2395811&use=l&cat=p&typeid=i","cat":284463},{"id":169342,"n":"Lardons fumés Herta 200g","p":2.16,"u":"10,80 €/KG","img":"https://fd6-photos.leclercdrive.fr/image.ashx?id=2939307&use=l&cat=p&typeid=i","cat":316011},{"id":169344,"n":"Lardons fumés Herta Sans nitrite - 2x75g","p":1.8,"u":"12,00 €/KG","img":"https://fd6-photos.leclercdrive.fr/image.ashx?id=2731369&use=l&cat=p&typeid=i","cat":316011},{"id":169345,"n":"Lardons nature Herta 200g","p":2.16,"u":"10,80 €/KG","img":"https://fd6-photos.leclercdrive.fr/image.ashx?id=2731357&use=l&cat=p&typeid=i","cat":316011},{"id":169346,"n":"Allumettes fumées Herta Sans nitrite - 2x75g","p":1.88,"u":"12,53 €/KG","img":"https://fd6-photos.leclercdrive.fr/image.ashx?id=2868903&use=l&cat=p&typeid=i","cat":316011},{"id":169347,"n":"Allumettes nature Herta Sans nitrite - 2x75g","p":1.96,"u":"13,07 €/KG","img":"https://fd6-photos.leclercdrive.fr/image.ashx?id=2868906&use=l&cat=p&typeid=i","cat":316011},{"id":169351,"n":"Allumettes fumées Herta 200g","p":2.0,"u":"10,00 €/KG","img":"https://fd6-photos.leclercdrive.fr/image.ashx?id=2817458&use=l&cat=p&typeid=i","cat":316011},{"id":169353,"n":"Pâte feuilletée Herta Tarte en Or - 230g","p":0.94,"u":"4,09 €/KG","img":"https://fd6-photos.leclercdrive.fr/image.ashx?id=2918658&use=l&cat=p&typeid=i","cat":333681},{"id":169354,"n":"Pâte brisée Herta Tarte en Or - 230g","p":1.03,"u":"4,48 €/KG","img":"https://fd6-photos.leclercdrive.fr/image.ashx?id=2739189&use=l&cat=p&typeid=i","cat":333681},{"id":169365,"n":"Pâte feuilletée rectangulaire  Herta Tarte en Or - 230g","p":1.3,"u":"5,65 €/KG","img":"https://fd6-photos.leclercdrive.fr/image.ashx?id=2721697&use=l&cat=p&typeid=i","cat":333681},{"id":169367,"n":"Pâte feuilletée Herta Tarte en Or -30%MG - 230g","p":1.46,"u":"6,35 €/KG","img":"https://fd6-photos.leclercdrive.fr/image.ashx?id=2814524&use=l&cat=p&typeid=i","cat":333681},{"id":169384,"n":"AOC Côtes de Bergerac moelleux Terrasses d'Autan - BIB 3L","p":10.99,"u":"3,66 €/L","img":"https://fd6-photos.leclercdrive.fr/image.ashx?id=2765713&use=l&cat=p&typeid=i","cat":289557},{"id":169429,"n":"Tendres Effilés en Gelée Felix Selection poissons 12x85g","p":4.93,"u":"4,83 €/KG","img":"https://fd6-photos.leclercdrive.fr/image.ashx?id=2995439&use=l&cat=p&typeid=i","cat":285286},{"id":169430,"n":"Tendres Effilés en Gelée Felix Selection campagne 12x85g","p":4.97,"u":"4,87 €/KG","img":"https://fd6-photos.leclercdrive.fr/image.ashx?id=2957668&use=l&cat=p&typeid=i","cat":285286},{"id":169432,"n":"Tendres Effilés en Gelée Felix Selection mixte - 24x85g","p":8.87,"u":"4,35 €/KG","img":"https://fd6-photos.leclercdrive.fr/image.ashx?id=2869651&use=l&cat=p&typeid=i","cat":285286},{"id":169435,"n":"Délicieux Duos en Gelée Felix Selection mixte 24x85g","p":10.03,"u":"4,92 €/KG","img":"https://fd6-photos.leclercdrive.fr/image.ashx?id=2861779&use=l&cat=p&typeid=i","cat":285286},{"id":169436,"n":"Tendres Effilés en Gelée Felix Selection Mixte - 24x85g","p":9.84,"u":"4,82 €/KG","img":"https://fd6-photos.leclercdrive.fr/image.ashx?id=2957677&use=l&cat=p&typeid=i","cat":285286},{"id":169443,"n":"Tendres Effilés Gelée 44x85g","p":17.28,"u":"4,62 €/KG","img":"https://fd6-photos.leclercdrive.fr/image.ashx?id=2957674&use=l&cat=p&typeid=i","cat":285286},{"id":169445,"n":"Duos en gelée Felix Selection campagne - 44x85g","p":16.83,"u":"4,50 €/KG","img":"https://fd6-photos.leclercdrive.fr/image.ashx?id=2976857&use=l&cat=p&typeid=i","cat":285286},{"id":169447,"n":"Emincés En Gelée Felix Selection mixte - 12x85g","p":4.19,"u":"4,11 €/KG","img":"https://fd6-photos.leclercdrive.fr/image.ashx?id=2869657&use=l&cat=p&typeid=i","cat":285286},{"id":169448,"n":"Emincés En Gelée  Felix Volaille légumes - 12x85g","p":4.19,"u":"4,11 €/KG","img":"https://fd6-photos.leclercdrive.fr/image.ashx?id=2909212&use=l&cat=p&typeid=i","cat":285286},{"id":169454,"n":"FELIX Sensations En Gelée Felix Selection de la campagne 12x85g","p":5.42,"u":"5,31 €/KG","img":"https://fd6-photos.leclercdrive.fr/image.ashx?id=2986909&use=l&cat=p&typeid=i","cat":285286},{"id":169559,"n":"Père Noël Smarties Bleu - 85g","p":2.98,"u":"35,06 €/KG","img":"https://fd6-photos.leclercdrive.fr/image.ashx?id=2265626&use=l&cat=p&typeid=i","cat":327592},{"id":169730,"n":"Mini farcis de pintade  Maître Coq aux marrons - 440g","p":9.9,"u":"22,50 €/KG","img":"https://fd6-photos.leclercdrive.fr/image.ashx?id=2242125&use=l&cat=p&typeid=i","cat":327289},{"id":169956,"n":"Eau gazeuse Perrier 1L","p":0.64,"u":"0,64 €/L","img":"https://fd6-photos.leclercdrive.fr/image.ashx?id=2672563&use=l&cat=p&typeid=i","cat":284536},{"id":170063,"n":"Saint-Jacques à croquer  Escal x12 - 160g","p":8.79,"u":"54,94 €/KG","img":"https://fd6-photos.leclercdrive.fr/image.ashx?id=2575234&use=l&cat=p&typeid=i","cat":319775},{"id":170205,"n":"Coffret Jägermeister + 2 verres shooter - 35° - 70cl","p":18.49,"u":"26,41 €/L","img":"https://fd6-photos.leclercdrive.fr/image.ashx?id=2317990&use=l&cat=p&typeid=i","cat":286032},{"id":170327,"n":"Mini farcis de pintade aux morilles Maître Coq - 440g","p":9.9,"u":"22,50 €/KG","img":"https://fd6-photos.leclercdrive.fr/image.ashx?id=2245511&use=l&cat=p&typeid=i","cat":327289},{"id":170328,"n":"Cailles farcies Maître Coq Pommes et raisins x2 - 440g","p":9.9,"u":"22,50 €/KG","img":"https://fd6-photos.leclercdrive.fr/image.ashx?id=2245514&use=l&cat=p&typeid=i","cat":327289},{"id":170434,"n":"Matelote de thon D'Aucy Petits légumes 300g","p":2.91,"u":"9,70 €/KG","img":"https://fd6-photos.leclercdrive.fr/image.ashx?id=2247538&use=l&cat=p&typeid=i","cat":284953},{"id":170561,"n":"Friandises chien Tous mes Amis Sticks au Boeuf - 3x11g","p":0.5,"u":"15,15 €/KG","img":"https://fd6-photos.leclercdrive.fr/image.ashx?id=2302265&use=l&cat=p&typeid=i","cat":294527},{"id":170669,"n":"Purée de marrons Florette 2x180g","p":2.9,"u":"8,06 €/KG","img":"https://fd6-photos.leclercdrive.fr/image.ashx?id=2911366&use=l&cat=p&typeid=i","cat":333665},{"id":170929,"n":"Gaufres fines pur beurre Vergeoise - Boîte - 600g","p":9.5,"u":"15,83 €/KG","img":"https://fd6-photos.leclercdrive.fr/image.ashx?id=2939553&use=l&cat=p&typeid=i","cat":294777},{"id":170935,"n":"Rhum Havana Club 3 ans 37,5% vol - 1L","p":21.52,"u":"21,52 €/L","img":"https://fd6-photos.leclercdrive.fr/image.ashx?id=2953992&use=l&cat=p&typeid=i","cat":284550},{"id":170937,"n":"Vodka Absolut Lime 40%vol. - 70cl","p":19.26,"u":"27,51 €/L","img":"https://fd6-photos.leclercdrive.fr/image.ashx?id=2868521&use=l&cat=p&typeid=i","cat":284550},{"id":170938,"n":"Havana Club 7 ans 40%vol. - 70cl","p":28.93,"u":"41,33 €/L","img":"https://fd6-photos.leclercdrive.fr/image.ashx?id=2251408&use=l&cat=p&typeid=i","cat":284550},{"id":170942,"n":"Vin effervescent d'Allemagne Pêche de vigne Sans alcool 75cl","p":3.49,"u":"4,65 €/L","img":"https://fd6-photos.leclercdrive.fr/image.ashx?id=2746214&use=l&cat=p&typeid=i","cat":289460},{"id":170957,"n":"Confiture Douceur du Verger Abricot - 750g","p":2.31,"u":"3,08 €/KG","img":"https://fd6-photos.leclercdrive.fr/image.ashx?id=2965581&use=l&cat=p&typeid=i","cat":284480},{"id":170958,"n":"Huîtres de Normandie Nos  Régions ont du Talent x24 - 2kg","p":17.75,"u":"8,88 €/KG","img":"https://fd6-photos.leclercdrive.fr/image.ashx?id=2837202&use=l&cat=p&typeid=i","cat":327284},{"id":170959,"n":"Huîtres de Bretagne  Nos Régions ont du Talent - 2kg","p":17.5,"u":"8,75 €/KG","img":"https://fd6-photos.leclercdrive.fr/image.ashx?id=2749305&use=l&cat=p&typeid=i","cat":284343},{"id":171004,"n":"Ramen nouilles Tanoshi Soja Caramel - 360g","p":2.98,"u":"8,28 €/KG","img":"https://fd6-photos.leclercdrive.fr/image.ashx?id=2922971&use=l&cat=p&typeid=i","cat":288992},{"id":171012,"n":"Café Moulu San Marco Intenso n°9 - 2x250g","p":10.49,"u":"20,98 €/KG","img":"https://fd6-photos.leclercdrive.fr/image.ashx?id=2646044&use=l&cat=p&typeid=i","cat":284750},{"id":171070,"n":"Gel douche So Bio Etic Abricot bio - 450ml","p":5.11,"u":"11,36 €/L","img":"https://fd6-photos.leclercdrive.fr/image.ashx?id=2793629&use=l&cat=p&typeid=i","cat":284594},{"id":171072,"n":"Gel douche So Bio Etic Verveine Citron bio - 450ml","p":5.1,"u":"11,33 €/L","img":"https://fd6-photos.leclercdrive.fr/image.ashx?id=2813468&use=l&cat=p&typeid=i","cat":284594},{"id":171073,"n":"Papier toilette Le Trèfle Douceur Fleur de coton - x4 = 6","p":3.7,"u":"0,93 €/P","img":"https://fd6-photos.leclercdrive.fr/image.ashx?id=2918080&use=l&cat=p&typeid=i","cat":284634},{"id":171089,"n":"IGP Bloc de foie gras   Jean Larnaudie  - 400g","p":38.5,"pp":25.41,"u":"63,52 €/KG","img":"https://fd6-photos.leclercdrive.fr/image.ashx?id=2915790&use=l&cat=p&typeid=i","cat":316008},{"id":171105,"n":"Foie gras de canard Delpeyrat Barquette 360g","p":46.15,"u":"128,19 €/KG","img":"https://fd6-photos.leclercdrive.fr/image.ashx?id=2901710&use=l&cat=p&typeid=i","cat":316008},{"id":171131,"n":"Pétillant D'artigny Sans Alcool - 75cl","p":5.72,"u":"7,63 €/L","img":"https://fd6-photos.leclercdrive.fr/image.ashx?id=2854312&use=l&cat=p&typeid=i","cat":289460},{"id":171187,"n":"Barres glacées Snickers  Caramel & Cacahuètes x12 - 547g","p":5.19,"u":"9,49 €/KG","img":"https://fd6-photos.leclercdrive.fr/image.ashx?id=2295505&use=l&cat=p&typeid=i","cat":284264},{"id":171188,"n":"Glace Barre Glacée Snickers  Caramel & Cacahuètes x6 - 274g","p":3.55,"u":"12,96 €/KG","img":"https://fd6-photos.leclercdrive.fr/image.ashx?id=2295508&use=l&cat=p&typeid=i","cat":284264},{"id":171191,"n":"Barre glacée Mars  Caramel x6 - 240g","p":3.16,"img":"https://fd6-photos.leclercdrive.fr/image.ashx?id=2295924&use=l&cat=p&typeid=i","cat":284264},{"id":171409,"n":"Sac poubelle Elembal 50L - x40","p":5.99,"u":"0,15 €/P","img":"https://fd6-photos.leclercdrive.fr/image.ashx?id=2793311&use=l&cat=p&typeid=i","cat":285168},{"id":171421,"n":"Pile lithium Duracell Haute puissance CR2 3V - x1","p":5.78,"img":"https://fd6-photos.leclercdrive.fr/image.ashx?id=2676813&use=l&cat=p&typeid=i","cat":300572},{"id":171645,"n":"Lentilles corail La ferme Parthiot - 400g","p":2.62,"u":"6,55 €/KG","img":"https://fd6-photos.leclercdrive.fr/image.ashx?id=2255676&use=l&cat=p&typeid=i","cat":284430},{"id":171708,"n":"Tagliatelle Lustucru 2x600g","p":2.89,"u":"2,41 €/KG","img":"https://fd6-photos.leclercdrive.fr/image.ashx?id=2271168&use=l&cat=p&typeid=i","cat":333682},{"id":171719,"n":"Lessive Epsil Perfect Tri-Doses Fleurie x20 - 490ml","p":4.49,"u":"9,16 €/L","img":"https://fd6-photos.leclercdrive.fr/image.ashx?id=2450119&use=l&cat=p&typeid=i","cat":284641},{"id":171836,"n":"Céréales Trésor Kellogg's Chocolat au lait - 620g","p":4.39,"u":"7,08 €/KG","img":"https://fd6-photos.leclercdrive.fr/image.ashx?id=2598334&use=l&cat=p&typeid=i","cat":309513},{"id":171839,"n":"Yaourts Light & Free Aux fruits rouges 0% - 8x125g","p":3.29,"u":"3,29 €/KG","img":"https://fd6-photos.leclercdrive.fr/image.ashx?id=3008014&use=l&cat=p&typeid=i","cat":315000},{"id":171846,"n":"Skyr vanille Délisse 450g","p":1.98,"u":"4,40 €/KG","img":"https://fd6-photos.leclercdrive.fr/image.ashx?id=2992585&use=l&cat=p&typeid=i","cat":315000},{"id":172584,"n":"Fromage blanc 0%MG Light & Free Fraise - 4x120g","p":2.19,"u":"4,56 €/KG","img":"https://fd6-photos.leclercdrive.fr/image.ashx?id=3007999&use=l&cat=p&typeid=i","cat":315000},{"id":172585,"n":"Fromage blanc 0%MG Light & Free Pêche - 4x120g","p":2.36,"u":"4,92 €/KG","img":"https://fd6-photos.leclercdrive.fr/image.ashx?id=3008002&use=l&cat=p&typeid=i","cat":315000},{"id":172588,"n":"Fromage blanc 0%MG Light & Free Nature - 8x100g","p":2.98,"u":"3,73 €/KG","img":"https://fd6-photos.leclercdrive.fr/image.ashx?id=3008008&use=l&cat=p&typeid=i","cat":315000},{"id":172592,"n":"Fromage blanc 0%MG Light & Free Vanille - 4x120g","p":2.21,"u":"4,60 €/KG","img":"https://fd6-photos.leclercdrive.fr/image.ashx?id=3008005&use=l&cat=p&typeid=i","cat":315000},{"id":172595,"n":"Mousse fromage blanc Light&Free Fraise et pêche 0%mg - 4x120g","p":2.21,"u":"4,80 €/KG","img":"https://fd6-photos.leclercdrive.fr/image.ashx?id=3008020&use=l&cat=p&typeid=i","cat":315000},{"id":172649,"n":"Papier toilette Renova Progress - x40","p":9.97,"u":"0,25 €/P","img":"https://fd6-photos.leclercdrive.fr/image.ashx?id=2279894&use=l&cat=p&typeid=i","cat":284634},{"id":172651,"n":"Essuie-tout Renova Active Absorption - x16","p":9.52,"u":"0,60 €/P","img":"https://fd6-photos.leclercdrive.fr/image.ashx?id=2260120&use=l&cat=p&typeid=i","cat":284635},{"id":172718,"n":"Lessive en poudre Xeor Savon de Marseille x50 - 2.5kg","p":5.99,"u":"2,40 €/KG","img":"https://fd6-photos.leclercdrive.fr/image.ashx?id=2450161&use=l&cat=p&typeid=i","cat":284642},{"id":172723,"n":"Eau aromatisée San Pellegrino Aranciata rossa - 6x33cl","p":3.89,"u":"1,96 €/L","img":"https://fd6-photos.leclercdrive.fr/image.ashx?id=2866109&use=l&cat=p&typeid=i","cat":284536},{"id":172725,"n":"Eau aromatisée San Pellegrino Limonata - 6x33cl","p":3.83,"u":"1,93 €/L","img":"https://fd6-photos.leclercdrive.fr/image.ashx?id=2525816&use=l&cat=p&typeid=i","cat":284536},{"id":172727,"n":"Eau aromatisée San Pellegrino Melograno e arancia - 6x33cl","p":4.21,"u":"2,13 €/L","img":"https://fd6-photos.leclercdrive.fr/image.ashx?id=2551555&use=l&cat=p&typeid=i","cat":284536},{"id":172740,"n":"Farine à Pizza Mon Fournil T00 - 1kg","p":1.84,"u":"1,84 €/KG","img":"https://fd6-photos.leclercdrive.fr/image.ashx?id=2341660&use=l&cat=p&typeid=i","cat":284503},{"id":172794,"n":"Kinder Mix peluche Kinder Chien - 133g","p":13.92,"u":"104,66 €/KG","img":"https://fd6-photos.leclercdrive.fr/image.ashx?id=2261034&use=l&cat=p&typeid=i","cat":327789},{"id":172977,"n":"Serviettes Hygiéniques Always Platinum Secure Night T4 - x14","p":3.74,"u":"0,27 €/P","img":"https://fd6-photos.leclercdrive.fr/image.ashx?id=2884111&use=l&cat=p&typeid=i","cat":284624},{"id":173332,"n":"Soupe liquide Liebig poireaux Saint jacques - Brique 1L","p":4.72,"u":"4,72 €/L","img":"https://fd6-photos.leclercdrive.fr/image.ashx?id=2472195&use=l&cat=p&typeid=i","cat":284462},{"id":173333,"n":"Soupe liquide Liebig  Poireaux saint jacques - 2x30cl","p":4.25,"u":"7,08 €/L","img":"https://fd6-photos.leclercdrive.fr/image.ashx?id=2472198&use=l&cat=p&typeid=i","cat":284462},{"id":173381,"n":"Cubis vin Rosé Le Tonnelier Origine U.E - 10L","p":17.22,"u":"1,72 €/L","img":"https://fd6-photos.leclercdrive.fr/image.ashx?id=2266002&use=l&cat=p&typeid=i","cat":289558},{"id":173443,"n":"Beurre demi-sel Tendrissime Président - 225g","p":2.78,"u":"12,36 €/KG","img":"https://fd6-photos.leclercdrive.fr/image.ashx?id=2887677&use=l&cat=p&typeid=i","cat":284379},{"id":173587,"n":"Bloc Cuvette WC Multiblocs Flex Lavande x3","p":2.72,"u":"0,91 €/P","img":"https://fd6-photos.leclercdrive.fr/image.ashx?id=2269919&use=l&cat=p&typeid=i","cat":284662},{"id":173588,"n":"Bloc Cuvette WC Multiblocs Flex Floral x3","p":2.3,"u":"0,77 €/P","img":"https://fd6-photos.leclercdrive.fr/image.ashx?id=2269922&use=l&cat=p&typeid=i","cat":284662},{"id":173589,"n":"Bloc Cuvette WC Multiblocs Flex Océan x3","p":2.84,"u":"0,95 €/P","img":"https://fd6-photos.leclercdrive.fr/image.ashx?id=2269925&use=l&cat=p&typeid=i","cat":284662},{"id":173989,"n":"Porc au caramel Paul et Louise Et son riz - 300g","p":2.93,"u":"9,77 €/KG","img":"https://fd6-photos.leclercdrive.fr/image.ashx?id=3008464&use=l&cat=p&typeid=i","cat":284953},{"id":173991,"n":"Poulet Korma Paul et Louise Et son riz - 300g","p":2.78,"u":"9,27 €/KG","img":"https://fd6-photos.leclercdrive.fr/image.ashx?id=3008467&use=l&cat=p&typeid=i","cat":284953},{"id":173995,"n":"Miel de fleurs Lune de Miel 500g dont 30% offert","p":3.19,"u":"6,38 €/KG","img":"https://fd6-photos.leclercdrive.fr/image.ashx?id=2513094&use=l&cat=p&typeid=i","cat":287643},{"id":174145,"n":"Confiture Douceur du Verger Cerises - 370 g","p":1.27,"u":"3,43 €/KG","img":"https://fd6-photos.leclercdrive.fr/image.ashx?id=2965599&use=l&cat=p&typeid=i","cat":284480},{"id":174146,"n":"Marmelade oranges Douceur du Verger - 370 g","p":1.17,"u":"3,16 €/KG","img":"https://fd6-photos.leclercdrive.fr/image.ashx?id=2269213&use=l&cat=p&typeid=i","cat":284480},{"id":174147,"n":"Confiture Douceur du Verger Châtaignes/vanille - 370g","p":1.75,"u":"4,73 €/KG","img":"https://fd6-photos.leclercdrive.fr/image.ashx?id=2965593&use=l&cat=p&typeid=i","cat":284480},{"id":174148,"n":"Confiture Douceur du Verger Pêches - 370 g","p":1.6,"u":"4,32 €/KG","img":"https://fd6-photos.leclercdrive.fr/image.ashx?id=2965602&use=l&cat=p&typeid=i","cat":284480},{"id":174149,"n":"Confiture Douceur du Verger Fraises - 370 g","p":1.12,"u":"3,03 €/KG","img":"https://fd6-photos.leclercdrive.fr/image.ashx?id=2965539&use=l&cat=p&typeid=i","cat":284480},{"id":174150,"n":"Confiture Douceur du Verger Framboises - 370 g","p":1.99,"u":"5,38 €/KG","img":"https://fd6-photos.leclercdrive.fr/image.ashx?id=2965575&use=l&cat=p&typeid=i","cat":284480},{"id":174151,"n":"Confiture Douceur du Verger 4 fruits rouges - 370 g","p":1.18,"u":"3,19 €/KG","img":"https://fd6-photos.leclercdrive.fr/image.ashx?id=2965548&use=l&cat=p&typeid=i","cat":284480},{"id":174152,"n":"Sauce Tomate Provençale Panzani - 210G","p":1.27,"u":"6,05 €/KG","img":"https://fd6-photos.leclercdrive.fr/image.ashx?id=2880691&use=l&cat=p&typeid=i","cat":299047},{"id":174153,"n":"Sauce tomates cuisinées Panzani 210g","p":1.2,"u":"5,71 €/KG","img":"https://fd6-photos.leclercdrive.fr/image.ashx?id=2880688&use=l&cat=p&typeid=i","cat":299047},{"id":174154,"n":"Sauce Tomate Basilic Panzani - 210G","p":1.23,"u":"5,86 €/KG","img":"https://fd6-photos.leclercdrive.fr/image.ashx?id=2881290&use=l&cat=p&typeid=i","cat":288384},{"id":174155,"n":"Sauce tomate Panzani Provençale - 425g","p":1.41,"u":"3,32 €/KG","img":"https://fd6-photos.leclercdrive.fr/image.ashx?id=2742866&use=l&cat=p&typeid=i","cat":288384},{"id":174156,"n":"Sauce tomates cuisinées Panzani 425g","p":1.72,"u":"4,05 €/KG","img":"https://fd6-photos.leclercdrive.fr/image.ashx?id=2977276&use=l&cat=p&typeid=i","cat":288384},{"id":174157,"n":"Sauce Tomate Basilic Panzani - 400G","p":2.01,"u":"5,03 €/KG","img":"https://fd6-photos.leclercdrive.fr/image.ashx?id=2968088&use=l&cat=p&typeid=i","cat":288384},{"id":174158,"n":"Sauce Tomate Provençale Panzani - 650G","p":2.09,"u":"3,22 €/KG","img":"https://fd6-photos.leclercdrive.fr/image.ashx?id=2977942&use=l&cat=p&typeid=i","cat":299047},{"id":174159,"n":"Sauce Tomate Basilic Panzani - 650G","p":2.45,"u":"3,77 €/KG","img":"https://fd6-photos.leclercdrive.fr/image.ashx?id=2977945&use=l&cat=p&typeid=i","cat":288384},{"id":174160,"n":"Sauce tomates fraîches Panzani 3x190g","p":2.66,"u":"4,67 €/KG","img":"https://fd6-photos.leclercdrive.fr/image.ashx?id=2835274&use=l&cat=p&typeid=i","cat":288384},{"id":174196,"n":"Viande hachée 15% MG Férial 1kg","p":14.49,"u":"14,49 €/KG","img":"https://fd6-photos.leclercdrive.fr/image.ashx?id=2630094&use=l&cat=p&typeid=i","cat":284332},{"id":174221,"n":"Pur jus d'orange Eco  Avec pulpe - 1L","p":2.07,"u":"2,07 €/L","img":"https://fd6-photos.leclercdrive.fr/image.ashx?id=2843102&use=l&cat=p&typeid=i","cat":285435},{"id":174222,"n":"Pur jus d'orange Eco  Sans pulpe - 1L","p":2.07,"u":"2,07 €/L","img":"https://fd6-photos.leclercdrive.fr/image.ashx?id=2779874&use=l&cat=p&typeid=i","cat":285435},{"id":174223,"n":"Pur jus de pomme Eco  1L","p":1.47,"u":"1,47 €/L","img":"https://fd6-photos.leclercdrive.fr/image.ashx?id=2779877&use=l&cat=p&typeid=i","cat":285435},{"id":174398,"n":"Eponges grattantes Eco + x6","p":0.96,"u":"0,16 €/P","img":"https://fd6-photos.leclercdrive.fr/image.ashx?id=2761295&use=l&cat=p&typeid=i","cat":284667},{"id":174416,"n":"Granulés de bois Pellets 15Kg","p":4.95,"u":"0,33 €/KG","img":"https://fd6-photos.leclercdrive.fr/image.ashx?id=826769&use=l&cat=p&typeid=i","cat":300577},{"id":174489,"n":"Mini saucisson sec Saint Azay 160g","p":2.74,"u":"17,13 €/KG","img":"https://fd6-photos.leclercdrive.fr/image.ashx?id=2922709&use=l&cat=p&typeid=i","cat":316006},{"id":174517,"n":"Pur jus multifruits Jafaden 90cl","p":1.7,"u":"1,89 €/L","img":"https://fd6-photos.leclercdrive.fr/image.ashx?id=2723153&use=l&cat=p&typeid=i","cat":285435},{"id":174565,"n":"Fruits au sirop St Mamet Pêche Poire Ananas - 475g","p":3.47,"u":"7,31 €/KG","img":"https://fd6-photos.leclercdrive.fr/image.ashx?id=2412438&use=l&cat=p&typeid=i","cat":284507},{"id":174569,"n":"Couscous Ferrero Grain moyen - 1kg+500g offert","p":2.28,"u":"1,52 €/KG","img":"https://fd6-photos.leclercdrive.fr/image.ashx?id=2901653&use=l&cat=p&typeid=i","cat":284429},{"id":174586,"n":"IGP Côtes de Gascogne Colombard Petit Manseng - 75 cl","p":4.95,"u":"6,60 €/L","img":"https://fd6-photos.leclercdrive.fr/image.ashx?id=2996842&use=l&cat=p&typeid=i","cat":289557},{"id":174709,"n":"Confiture Douceur du Verger 4 fruits rouges - 750 g","p":2.39,"u":"3,19 €/KG","img":"https://fd6-photos.leclercdrive.fr/image.ashx?id=2965554&use=l&cat=p&typeid=i","cat":284480},{"id":174710,"n":"Confiture Douceur du Verger Mirabelles - 370g","p":1.64,"u":"4,43 €/KG","img":"https://fd6-photos.leclercdrive.fr/image.ashx?id=2965560&use=l&cat=p&typeid=i","cat":284480},{"id":174712,"n":"Confiture Douceur du Verger Figues - 370g","p":1.58,"u":"4,27 €/KG","img":"https://fd6-photos.leclercdrive.fr/image.ashx?id=2965587&use=l&cat=p&typeid=i","cat":284480},{"id":174714,"n":"Confiture Douceur du Verger Mûres - 370g","p":1.99,"u":"5,38 €/KG","img":"https://fd6-photos.leclercdrive.fr/image.ashx?id=2970587&use=l&cat=p&typeid=i","cat":284480},{"id":174739,"n":"Riz au lait vanille Yabon 400g","p":2.49,"u":"6,23 €/KG","img":"https://fd6-photos.leclercdrive.fr/image.ashx?id=2274967&use=l&cat=p&typeid=i","cat":284506},{"id":174815,"n":"Confiture Douceur du Verger Myrtilles - 370g","p":1.72,"u":"4,65 €/KG","img":"https://fd6-photos.leclercdrive.fr/image.ashx?id=2965590&use=l&cat=p&typeid=i","cat":284480},{"id":174816,"n":"Confiture Douceur du Verger Rhubarbe - 370g","p":1.69,"u":"4,57 €/KG","img":"https://fd6-photos.leclercdrive.fr/image.ashx?id=2965584&use=l&cat=p&typeid=i","cat":284480},{"id":174817,"n":"Gelée Douceur du Verger Mûres - 370g","p":1.99,"u":"5,38 €/KG","img":"https://fd6-photos.leclercdrive.fr/image.ashx?id=2965578&use=l&cat=p&typeid=i","cat":284480},{"id":174875,"n":"Gelée douceur du Verger Groseilles - 370g","p":1.29,"u":"3,49 €/KG","img":"https://fd6-photos.leclercdrive.fr/image.ashx?id=2965563&use=l&cat=p&typeid=i","cat":284480},{"id":174876,"n":"Gelée Douceur du Verger Coing - 370g","p":1.29,"u":"3,49 €/KG","img":"https://fd6-photos.leclercdrive.fr/image.ashx?id=2965566&use=l&cat=p&typeid=i","cat":284480},{"id":174881,"n":"Carottes râpées Bonduelle Au Citron de Sicile - 320g","p":1.41,"u":"4,41 €/KG","img":"https://fd6-photos.leclercdrive.fr/image.ashx?id=2894194&use=l&cat=p&typeid=i","cat":333657},{"id":174884,"n":"Céleri remoulade Bonduelle Au Fromage blanc - 320g","p":1.37,"u":"4,28 €/KG","img":"https://fd6-photos.leclercdrive.fr/image.ashx?id=2904709&use=l&cat=p&typeid=i","cat":333657},{"id":174887,"n":"Concombre Bonduelle Au Fromage blanc - 320g","p":2.14,"u":"6,69 €/KG","img":"https://fd6-photos.leclercdrive.fr/image.ashx?id=2905309&use=l&cat=p&typeid=i","cat":333657},{"id":174931,"n":"Steak haché façon bouchère x4 Soutenons Nos Agriculteurs 400g","p":6.39,"u":"15,98 €/KG","img":"https://fd6-photos.leclercdrive.fr/image.ashx?id=2968070&use=l&cat=p&typeid=i","cat":319778},{"id":174939,"n":"Sacs-poubelle recyclés Alfapac à lien large 160L - x10","p":7.15,"u":"0,72 €/P","img":"https://fd6-photos.leclercdrive.fr/image.ashx?id=2509415&use=l&cat=p&typeid=i","cat":285168},{"id":174940,"n":"Dentifrice Sanogyl Soin essentiel gencives - 75ml","p":2.71,"u":"36,13 €/L","img":"https://fd6-photos.leclercdrive.fr/image.ashx?id=2453487&use=l&cat=p&typeid=i","cat":284612},{"id":174941,"n":"Fromage blanc Engagé Soutenons Nos Agriculteurs 1kg","p":2.09,"u":"2,09 €/KG","img":"https://fd6-photos.leclercdrive.fr/image.ashx?id=2297292&use=l&cat=p&typeid=i","cat":284409},{"id":174984,"n":"Miel Soutenons nos agriculteurs Crémeux - 500 g","p":5.59,"u":"11,18 €/KG","img":"https://fd6-photos.leclercdrive.fr/image.ashx?id=2921411&use=l&cat=p&typeid=i","cat":287643},{"id":174998,"n":"Jambon supérieur 6 tranches Soutenons Nos Agriculteurs 210g","p":3.89,"u":"18,52 €/KG","img":"https://fd6-photos.leclercdrive.fr/image.ashx?id=2943710&use=l&cat=p&typeid=i","cat":316009},{"id":174999,"n":"Jambon superieur 4 tranches Soutenons Nos Agriculteurs 140g","p":2.66,"u":"19,00 €/KG","img":"https://fd6-photos.leclercdrive.fr/image.ashx?id=2943707&use=l&cat=p&typeid=i","cat":316009},{"id":175006,"n":"Emmental râpé Engagé Soutenons Nos Agriculteurs 200g","p":2.19,"u":"10,95 €/KG","img":"https://fd6-photos.leclercdrive.fr/image.ashx?id=2679783&use=l&cat=p&typeid=i","cat":314035},{"id":175036,"n":"Motte Tendre Président Doux - 250g","p":3.42,"u":"13,68 €/KG","img":"https://fd6-photos.leclercdrive.fr/image.ashx?id=2903110&use=l&cat=p&typeid=i","cat":284379},{"id":175058,"n":"Pois chiches Bonduelle Cuits Dans Très Peu De Jus 265g","p":1.26,"u":"4,75 €/KG","img":"https://fd6-photos.leclercdrive.fr/image.ashx?id=2926272&use=l&cat=p&typeid=i","cat":312609},{"id":175098,"n":"Tartines croustillantes Wasa Sésame - 250g","p":2.31,"u":"9,24 €/KG","img":"https://fd6-photos.leclercdrive.fr/image.ashx?id=3011860&use=l&cat=p&typeid=i","cat":284479},{"id":175122,"n":"Crème Douche Nourrissante Cadum Surgras Coco - 750ml","p":4.05,"u":"5,40 €/L","img":"https://fd6-photos.leclercdrive.fr/image.ashx?id=2393284&use=l&cat=p&typeid=i","cat":284594},{"id":175125,"n":"Sauce Deluxe AMORA 250ml","p":2.03,"u":"8,12 €/L","img":"https://fd6-photos.leclercdrive.fr/image.ashx?id=3009266&use=l&cat=p&typeid=i","cat":318431},{"id":175303,"n":"Skyr Siggi's  Citron - 2x140g","p":2.27,"u":"8,11 €/KG","img":"https://fd6-photos.leclercdrive.fr/image.ashx?id=2673082&use=l&cat=p&typeid=i","cat":315000},{"id":175325,"n":"Choux pâtissiers au beurre 3 toques - x8 - 68g","p":3.25,"u":"47,79 €/KG","img":"https://fd6-photos.leclercdrive.fr/image.ashx?id=2283441&use=l&cat=p&typeid=i","cat":284504},{"id":175414,"n":"Oranges non traitées Panier du Primeur Sachet x4","p":2.29,"u":"0,57 €/P","img":"https://fd6-photos.leclercdrive.fr/image.ashx?id=2930909&use=l&cat=p&typeid=i","cat":284356},{"id":175420,"n":"Citron à jus Filière Panier du Primeur Sachet 1kg","p":0.99,"u":"0,99 €/KG","img":"https://fd6-photos.leclercdrive.fr/image.ashx?id=2627667&use=l&cat=p&typeid=i","cat":284356},{"id":175560,"n":"Sérum nutrition Vitanove 100ml","p":3.99,"u":"39,90 €/L","img":"https://fd6-photos.leclercdrive.fr/image.ashx?id=2691441&use=l&cat=p&typeid=i","cat":284608},{"id":175564,"n":"Gel Douche Le Petit Marseillais  Haute tolerance aloevera 400ml","p":2.41,"u":"6,03 €/L","img":"https://fd6-photos.leclercdrive.fr/image.ashx?id=2677429&use=l&cat=p&typeid=i","cat":284594},{"id":175572,"n":"Thé noir Earl Grey Bio Village Bio - x20 - 36g","p":1.09,"u":"30,28 €/KG","img":"https://fd6-photos.leclercdrive.fr/image.ashx?id=2897913&use=l&cat=p&typeid=i","cat":293233},{"id":175574,"n":"Sauce bolognaise Panzani Extra riche - 400g","p":2.74,"u":"6,85 €/KG","img":"https://fd6-photos.leclercdrive.fr/image.ashx?id=2887527&use=l&cat=p&typeid=i","cat":299047},{"id":175579,"n":"Pur jus Bio Village Bio Pomme  - 1L","p":2.14,"u":"2,14 €/L","img":"https://fd6-photos.leclercdrive.fr/image.ashx?id=2285081&use=l&cat=p&typeid=i","cat":284522},{"id":175585,"n":"Sachet fraicheur chat Sheba Soupe filets de thon - 4x40g","p":2.91,"u":"18,19 €/KG","img":"https://fd6-photos.leclercdrive.fr/image.ashx?id=2292593&use=l&cat=p&typeid=i","cat":285286},{"id":175586,"n":"Lentilles vertes Vivien Paille 1kg","p":3.6,"pp":2.38,"u":"2,38 €/KG","img":"https://fd6-photos.leclercdrive.fr/image.ashx?id=2285093&use=l&cat=p&typeid=i","cat":284430},{"id":175603,"n":"Thé vert bio Bio Village Menthe x20 - 36g","p":1.65,"u":"45,83 €/KG","img":"https://fd6-photos.leclercdrive.fr/image.ashx?id=2897907&use=l&cat=p&typeid=i","cat":293233},{"id":175685,"n":"Madeleine longue P'tit Déli Fourrés à la fraise - 240g","p":3.01,"u":"12,54 €/KG","img":"https://fd6-photos.leclercdrive.fr/image.ashx?id=2558386&use=l&cat=p&typeid=i","cat":284492},{"id":175713,"n":"Bière \"La Goudale\" Rubis - 6x25cl","p":4.45,"u":"2,97 €/L","img":"https://fd6-photos.leclercdrive.fr/image.ashx?id=2778245&use=l&cat=p&typeid=i","cat":334878},{"id":175730,"n":"AOP Alsace Gewurtzraminer  Vendanges tardives 75 cl","p":15.82,"u":"21,09 €/L","img":"https://fd6-photos.leclercdrive.fr/image.ashx?id=2583939&use=l&cat=p&typeid=i","cat":289557},{"id":175760,"n":"Biscuit Caprice Chocolat Praliné - 115g","p":2.08,"u":"18,09 €/KG","img":"https://fd6-photos.leclercdrive.fr/image.ashx?id=2484999&use=l&cat=p&typeid=i","cat":284488},{"id":175763,"n":"Chocolat noir Novi Aux noisettes - 130g","p":3.19,"u":"24,54 €/KG","img":"https://fd6-photos.leclercdrive.fr/image.ashx?id=2294516&use=l&cat=p&typeid=i","cat":284956},{"id":175765,"n":"Chocolat au lait Lindt Création Praliné Feuillantine - 110g","p":3.62,"u":"32,91 €/KG","img":"https://fd6-photos.leclercdrive.fr/image.ashx?id=2287394&use=l&cat=p&typeid=i","cat":284497},{"id":175933,"n":"Pain de mie La Boulangère Avoine et graines - 500g","p":2.15,"u":"4,30 €/KG","img":"https://fd6-photos.leclercdrive.fr/image.ashx?id=2912431&use=l&cat=p&typeid=i","cat":325068},{"id":175954,"n":"Sauce Bolognaise Panzani Extra riche - 200g","p":1.69,"u":"8,45 €/KG","img":"https://fd6-photos.leclercdrive.fr/image.ashx?id=2918574&use=l&cat=p&typeid=i","cat":287599},{"id":175956,"n":"Dosettes Café Carte Noire  Arabica Espresso n°8 x48 - 336g","p":7.71,"u":"22,95 €/KG","img":"https://fd6-photos.leclercdrive.fr/image.ashx?id=2909233&use=l&cat=p&typeid=i","cat":293238},{"id":175982,"n":"Huile de Bronzage SPF30 Garnier Protectrice - 150ml","p":10.97,"u":"73,13 €/L","img":"https://fd6-photos.leclercdrive.fr/image.ashx?id=2601121&use=l&cat=p&typeid=i","cat":325355},{"id":175984,"n":"Auto-bronzant Ambre Solaire  Brume corps - 150ml","p":10.24,"u":"68,27 €/L","img":"https://fd6-photos.leclercdrive.fr/image.ashx?id=2530630&use=l&cat=p&typeid=i","cat":325355},{"id":175986,"n":"Crème change bio Love & Green 100ml","p":5.6,"u":"56,00 €/L","img":"https://fd6-photos.leclercdrive.fr/image.ashx?id=2289267&use=l&cat=p&typeid=i","cat":284741},{"id":175990,"n":"Sachets repas Gourmet Purina Perle Duo à la viande - 4x85g","p":2.6,"u":"7,65 €/KG","img":"https://fd6-photos.leclercdrive.fr/image.ashx?id=2901121&use=l&cat=p&typeid=i","cat":285286},{"id":175991,"n":"Culottes Pampers Baby Dry Pants Taille 3 : 6/11kg - x96","p":28.85,"u":"0,30 €/P","img":"https://fd6-photos.leclercdrive.fr/image.ashx?id=2622834&use=l&cat=p&typeid=i","cat":290633},{"id":175999,"n":"Barquette chien Cesar Terrine veau et carottes - 300g","p":1.66,"u":"5,53 €/KG","img":"https://fd6-photos.leclercdrive.fr/image.ashx?id=2289249&use=l&cat=p&typeid=i","cat":284673},{"id":176027,"n":"Frites Classiques McCain Just Au Four - 700g","p":2.52,"u":"3,60 €/KG","img":"https://fd6-photos.leclercdrive.fr/image.ashx?id=2997340&use=l&cat=p&typeid=i","cat":319791},{"id":176029,"n":"Frites Classiques McCain Just Au Four - 1,69kg","p":5.14,"u":"3,04 €/KG","img":"https://fd6-photos.leclercdrive.fr/image.ashx?id=2771319&use=l&cat=p&typeid=i","cat":319791},{"id":176030,"n":"Frites Allumettes McCain Just Au Four - 700g","p":2.64,"u":"3,77 €/KG","img":"https://fd6-photos.leclercdrive.fr/image.ashx?id=2772491&use=l&cat=p&typeid=i","cat":319791},{"id":176031,"n":"Frites Allumettes McCain Just Au Four - 1,69kg","p":5.28,"u":"3,12 €/KG","img":"https://fd6-photos.leclercdrive.fr/image.ashx?id=2997343&use=l&cat=p&typeid=i","cat":319791},{"id":176033,"n":"Frites Steakhouse McCain Just Au Four - 700g","p":2.68,"u":"3,83 €/KG","img":"https://fd6-photos.leclercdrive.fr/image.ashx?id=2737921&use=l&cat=p&typeid=i","cat":319791},{"id":176034,"n":"Frites Express McCain Just Au Four - 600g","p":3.08,"u":"5,13 €/KG","img":"https://fd6-photos.leclercdrive.fr/image.ashx?id=2997337&use=l&cat=p&typeid=i","cat":319791},{"id":176036,"n":"Frites friteuse McCain Tradition - 1,080kg","p":2.54,"u":"2,35 €/KG","img":"https://fd6-photos.leclercdrive.fr/image.ashx?id=2737930&use=l&cat=p&typeid=i","cat":319791},{"id":176040,"n":"Frites friteuse McCain Golden Allumette - 1,080kg","p":2.77,"u":"2,56 €/KG","img":"https://fd6-photos.leclercdrive.fr/image.ashx?id=2737939&use=l&cat=p&typeid=i","cat":319791},{"id":176043,"n":"La Frite Belge McCain 1.080kg","p":3.1,"u":"2,87 €/KG","img":"https://fd6-photos.leclercdrive.fr/image.ashx?id=2737942&use=l&cat=p&typeid=i","cat":319791},{"id":176239,"n":"Gnocchi Lustucru Selection  390g","p":1.72,"u":"4,41 €/KG","img":"https://fd6-photos.leclercdrive.fr/image.ashx?id=2965999&use=l&cat=p&typeid=i","cat":333682},{"id":176254,"n":"Foie de morue fumé MSC Pêche Océan - 121g","p":1.6,"u":"13,22 €/KG","img":"https://fd6-photos.leclercdrive.fr/image.ashx?id=2872457&use=l&cat=p&typeid=i","cat":305147},{"id":176296,"n":"Confiture de lait Lucien Georgelin 320g","p":3.02,"u":"9,44 €/KG","img":"https://fd6-photos.leclercdrive.fr/image.ashx?id=2292105&use=l&cat=p&typeid=i","cat":284481},{"id":176305,"n":"Dinde rotie Cuisine Océane Forestière & duo de riz - 300g","p":3.12,"u":"10,40 €/KG","img":"https://fd6-photos.leclercdrive.fr/image.ashx?id=2962356&use=l&cat=p&typeid=i","cat":284953},{"id":176384,"n":"Soin Cheveux Magique Elsève Dream Long Embellisseur - 200ml","p":7.87,"u":"39,35 €/L","img":"https://fd6-photos.leclercdrive.fr/image.ashx?id=2439308&use=l&cat=p&typeid=i","cat":284608},{"id":176387,"n":"Masque Hydra-Régénérant Elsève Hyaluron Repulp - 310ml","p":5.54,"u":"17,87 €/L","img":"https://fd6-photos.leclercdrive.fr/image.ashx?id=2865878&use=l&cat=p&typeid=i","cat":284608},{"id":176391,"n":"Sérum Hydra-Texturisant Elsève Cheveux Déshydratés - 150ml","p":11.57,"u":"77,13 €/L","img":"https://fd6-photos.leclercdrive.fr/image.ashx?id=2870677&use=l&cat=p&typeid=i","cat":284608},{"id":176400,"n":"Gnocchi à poeler Lustucru  Lot de 2 + 1 offert - 900g","p":3.19,"u":"3,54 €/KG","img":"https://fd6-photos.leclercdrive.fr/image.ashx?id=2446671&use=l&cat=p&typeid=i","cat":333682},{"id":176534,"n":"Beurre bio Bio Village Doux  - 82% MG - 250g","p":2.85,"u":"11,40 €/KG","img":"https://fd6-photos.leclercdrive.fr/image.ashx?id=2294366&use=l&cat=p&typeid=i","cat":284379},{"id":176564,"n":"Emincé de kebab Alsalor Dinde Agneau - 850g","p":10.91,"u":"12,84 €/KG","img":"https://fd6-photos.leclercdrive.fr/image.ashx?id=2296530&use=l&cat=p&typeid=i","cat":null},{"id":176573,"n":"Spray Bicarbonate de soude Maison net - 750ml","p":2.98,"u":"3,97 €/L","img":"https://fd6-photos.leclercdrive.fr/image.ashx?id=2295481&use=l&cat=p&typeid=i","cat":325365},{"id":176595,"n":"Oeufs plein air Flandr'Oeufs  x6","p":2.06,"u":"0,34 €/P","img":"https://fd6-photos.leclercdrive.fr/image.ashx?id=2333303&use=l&cat=p&typeid=i","cat":284378},{"id":176596,"n":"Oeufs plein air Flandr'Oeufs x12","p":3.34,"u":"0,28 €/P","img":"https://fd6-photos.leclercdrive.fr/image.ashx?id=2333297&use=l&cat=p&typeid=i","cat":284378},{"id":176598,"n":"Oeufs Bio Flandr'Oeufs Plein air x6","p":2.61,"u":"0,44 €/P","img":"https://fd6-photos.leclercdrive.fr/image.ashx?id=2988551&use=l&cat=p&typeid=i","cat":284378},{"id":176614,"n":"Compotes Pom'Potes Gourdes  Explorateurs Les Incas - 12x90g","p":5.92,"u":"5,48 €/KG","img":"https://fd6-photos.leclercdrive.fr/image.ashx?id=2900740&use=l&cat=p&typeid=i","cat":284508},{"id":176709,"n":"Palette cuite fumée Stoeffler - 400g","p":4.74,"u":"11,85 €/KG","img":"https://fd6-photos.leclercdrive.fr/image.ashx?id=2574287&use=l&cat=p&typeid=i","cat":316009},{"id":176755,"n":"Lessive en poudre Uni Vert 1,25kg","p":3.89,"u":"3,11 €/KG","img":"https://fd6-photos.leclercdrive.fr/image.ashx?id=2450107&use=l&cat=p&typeid=i","cat":284642},{"id":176846,"n":"Knacki Original Herta x6 - 210g","p":1.61,"u":"7,67 €/KG","img":"https://fd6-photos.leclercdrive.fr/image.ashx?id=2299070&use=l&cat=p&typeid=i","cat":316012},{"id":176847,"n":"Knacki Original Herta x10 - 350g","p":1.75,"u":"5,00 €/KG","img":"https://fd6-photos.leclercdrive.fr/image.ashx?id=2304111&use=l&cat=p&typeid=i","cat":316012},{"id":176848,"n":"Knacki Original Herta Sans nitrite x6 - 210g","p":2.39,"u":"11,38 €/KG","img":"https://fd6-photos.leclercdrive.fr/image.ashx?id=2299073&use=l&cat=p&typeid=i","cat":316012},{"id":176988,"n":"Bonbon à sucer Ricola Menthol Stévia - 50g","p":1.55,"u":"31,00 €/KG","img":"https://fd6-photos.leclercdrive.fr/image.ashx?id=2382201&use=l&cat=p&typeid=i","cat":304252},{"id":176989,"n":"Bonbon à sucer Ricola Sans sucres -50g","p":1.54,"u":"30,80 €/KG","img":"https://fd6-photos.leclercdrive.fr/image.ashx?id=2382204&use=l&cat=p&typeid=i","cat":304252},{"id":176990,"n":"Bonbon à sucer Ricola Citron melisse stévia - 50g","p":1.51,"u":"30,20 €/KG","img":"https://fd6-photos.leclercdrive.fr/image.ashx?id=2382207&use=l&cat=p&typeid=i","cat":304252},{"id":176996,"n":"Soin sans rinçage Elsève Color vive Water Acidic - 200ml","p":8.76,"u":"43,80 €/L","img":"https://fd6-photos.leclercdrive.fr/image.ashx?id=2439317&use=l&cat=p&typeid=i","cat":284608},{"id":177050,"n":"Boudins blancs au foie gras Lartigue & Fils - 250g","p":5.79,"pp":4.05,"u":"16,20 €/KG","img":"https://fd6-photos.leclercdrive.fr/image.ashx?id=2306069&use=l&cat=p&typeid=i","cat":316012},{"id":177051,"n":"Boudin blanc à la Truffe noire Lartigue & fils - 250g","p":5.79,"pp":4.05,"u":"16,20 €/KG","img":"https://fd6-photos.leclercdrive.fr/image.ashx?id=2306063&use=l&cat=p&typeid=i","cat":316012},{"id":177052,"n":"Boudins blancs aux Morilles Lartigue & Fils - 250g","p":5.79,"pp":4.05,"u":"16,20 €/KG","img":"https://fd6-photos.leclercdrive.fr/image.ashx?id=2306066&use=l&cat=p&typeid=i","cat":316012},{"id":177112,"n":"Moulage chocolat Kinder Pain d'épice - 35g","p":1.76,"u":"50,29 €/KG","img":"https://fd6-photos.leclercdrive.fr/image.ashx?id=2619291&use=l&cat=p&typeid=i","cat":327592},{"id":177212,"n":"Sorbet Plein Fruit L'Angélys Pêche de Vigne - 500g","p":5.1,"u":"10,20 €/KG","img":"https://fd6-photos.leclercdrive.fr/image.ashx?id=2963634&use=l&cat=p&typeid=i","cat":284263},{"id":177215,"n":"Sorbet Plein Fruit L'Angélys Cassis - 500g","p":5.15,"u":"10,30 €/KG","img":"https://fd6-photos.leclercdrive.fr/image.ashx?id=2963604&use=l&cat=p&typeid=i","cat":284263},{"id":177216,"n":"Bière blanche sans alcool 1664 0,0° - 6x25cl","p":4.75,"u":"3,17 €/L","img":"https://fd6-photos.leclercdrive.fr/image.ashx?id=2907890&use=l&cat=p&typeid=i","cat":334877},{"id":177218,"n":"Lessive tri-doses couleurs Epsil - x20 capsules","p":4.89,"u":"0,24 €/P","img":"https://fd6-photos.leclercdrive.fr/image.ashx?id=2450113&use=l&cat=p&typeid=i","cat":284641},{"id":177219,"n":"Sorbet Plein Fruit L'Angélys Fraise - 500g","p":5.22,"u":"10,44 €/KG","img":"https://fd6-photos.leclercdrive.fr/image.ashx?id=2963610&use=l&cat=p&typeid=i","cat":284263},{"id":177234,"n":"Sorbet Plein Fruit L'Angélys Mangue - 500g","p":5.45,"u":"10,90 €/KG","img":"https://fd6-photos.leclercdrive.fr/image.ashx?id=2963616&use=l&cat=p&typeid=i","cat":284263},{"id":177237,"n":"Sorbet Plein Fruit L'Angélys Poire - 500g","p":4.84,"u":"9,68 €/KG","img":"https://fd6-photos.leclercdrive.fr/image.ashx?id=2963637&use=l&cat=p&typeid=i","cat":284263},{"id":177262,"n":"Bâtonnets Manger Main Bio Yooji Butternut Quinoa blanc - 225g","p":4.19,"u":"18,62 €/KG","img":"https://fd6-photos.leclercdrive.fr/image.ashx?id=2529036&use=l&cat=p&typeid=i","cat":290631},{"id":177318,"n":"Lingettes Anti-Décoloration  Dr.Beckmann - 3 x 25","p":10.48,"u":"0,42 €/P","img":"https://fd6-photos.leclercdrive.fr/image.ashx?id=2306309&use=l&cat=p&typeid=i","cat":290450},{"id":177319,"n":"Boulgour Tipiak 450g","p":1.89,"u":"4,20 €/KG","img":"https://fd6-photos.leclercdrive.fr/image.ashx?id=2766445&use=l&cat=p&typeid=i","cat":284429},{"id":177326,"n":"Polenta Onctueuse  Tipiak - 400g","p":1.53,"u":"3,83 €/KG","img":"https://fd6-photos.leclercdrive.fr/image.ashx?id=2795818&use=l&cat=p&typeid=i","cat":284431},{"id":177369,"n":"Feuille de chêne rouge Bonduelle - 125g","p":1.65,"u":"13,20 €/KG","img":"https://fd6-photos.leclercdrive.fr/image.ashx?id=2939268&use=l&cat=p&typeid=i","cat":284353},{"id":177381,"n":"Bière blonde Ch'ti 6.8% vol. - 75cl","p":2.69,"u":"3,59 €/L","img":"https://fd6-photos.leclercdrive.fr/image.ashx?id=2840169&use=l&cat=p&typeid=i","cat":334852},{"id":177407,"n":"AOP Corse blanc Terres Ocrees  Corse  - 75cl","p":4.99,"u":"6,65 €/L","img":"https://fd6-photos.leclercdrive.fr/image.ashx?id=2702189&use=l&cat=p&typeid=i","cat":289557},{"id":177431,"n":"Sirop Carambar Caramel - 75cl","p":3.15,"pp":2.08,"u":"2,77 €/L","img":"https://fd6-photos.leclercdrive.fr/image.ashx?id=2388550&use=l&cat=p&typeid=i","cat":295020},{"id":177432,"n":"Sirop Carambar Cola - 75cl","p":3.15,"pp":2.08,"u":"2,77 €/L","img":"https://fd6-photos.leclercdrive.fr/image.ashx?id=2445139&use=l&cat=p&typeid=i","cat":295020},{"id":177458,"n":"Bière blonde La Goudale 0° - 6x25cl","p":2.98,"u":"1,99 €/L","img":"https://fd6-photos.leclercdrive.fr/image.ashx?id=2970963&use=l&cat=p&typeid=i","cat":334877},{"id":177482,"n":"Haché Moelleux nature Férial 500g","p":5.39,"u":"10,78 €/KG","img":"https://fd6-photos.leclercdrive.fr/image.ashx?id=2710888&use=l&cat=p&typeid=i","cat":284332},{"id":177618,"n":"Pulpe de tomate Rochefontaine - Lot 3x400g","p":3.24,"u":"2,70 €/KG","img":"https://fd6-photos.leclercdrive.fr/image.ashx?id=2307823&use=l&cat=p&typeid=i","cat":288384},{"id":177643,"n":"Gnocchi Roll à poêler Lustucru Format maxi - 500g","p":2.92,"u":"5,84 €/KG","img":"https://fd6-photos.leclercdrive.fr/image.ashx?id=2786210&use=l&cat=p&typeid=i","cat":333682},{"id":177655,"n":"Blanc de poulet Fleury Michon Doré au Four x6 - 190g","p":1.86,"u":"9,79 €/KG","img":"https://fd6-photos.leclercdrive.fr/image.ashx?id=3004972&use=l&cat=p&typeid=i","cat":316010},{"id":177670,"n":"Crème fraîche entière Yoplait 30%MG - 450g","p":1.99,"u":"4,42 €/KG","img":"https://fd6-photos.leclercdrive.fr/image.ashx?id=2811044&use=l&cat=p&typeid=i","cat":284381},{"id":177672,"n":"Crème fraîche entière Yoplait 30%MG - 190g","p":0.93,"u":"4,89 €/KG","img":"https://fd6-photos.leclercdrive.fr/image.ashx?id=2811041&use=l&cat=p&typeid=i","cat":284381},{"id":177676,"n":"Skyr Yoplait  Nature 0%MG - 8x100G","p":3.36,"u":"4,20 €/KG","img":"https://fd6-photos.leclercdrive.fr/image.ashx?id=2884450&use=l&cat=p&typeid=i","cat":315000},{"id":177677,"n":"Skyr Yoplait  Lit Fruits Rouges 0%MG - 8x100G","p":3.49,"u":"4,36 €/KG","img":"https://fd6-photos.leclercdrive.fr/image.ashx?id=2884453&use=l&cat=p&typeid=i","cat":315000},{"id":177698,"n":"Knacki Original Herta Sans nitrite x4 - 140g","p":2.03,"u":"14,50 €/KG","img":"https://fd6-photos.leclercdrive.fr/image.ashx?id=2309423&use=l&cat=p&typeid=i","cat":316012},{"id":177704,"n":"Knacki Original Herta 100% Porc - 210g","p":2.28,"u":"10,86 €/KG","img":"https://fd6-photos.leclercdrive.fr/image.ashx?id=2309417&use=l&cat=p&typeid=i","cat":316012},{"id":177717,"n":"Bière blonde Ch'ti  6,8° - 33cl","p":1.51,"u":"4,58 €/L","img":"https://fd6-photos.leclercdrive.fr/image.ashx?id=2309615&use=l&cat=p&typeid=i","cat":334873},{"id":177718,"n":"Bière blonde Ch'Ti Originale 6x25cl","p":6.32,"u":"4,21 €/L","img":"https://fd6-photos.leclercdrive.fr/image.ashx?id=2309612&use=l&cat=p&typeid=i","cat":334852},{"id":177719,"n":"Soin contour des yeux Nivea Cellular Luminous - 15ml","p":16.1,"img":"https://fd6-photos.leclercdrive.fr/image.ashx?id=2839274&use=l&cat=p&typeid=i","cat":325345},{"id":177721,"n":"Crème Visage Nuit Nivea Anti-taches Luminous - 50ml","p":19.47,"u":"389,40 €/L","img":"https://fd6-photos.leclercdrive.fr/image.ashx?id=3000345&use=l&cat=p&typeid=i","cat":325345},{"id":177849,"n":"Lessive Sanytol désinfectante fraicheur florale - 1,70L","p":10.03,"u":"5,90 €/L","img":"https://fd6-photos.leclercdrive.fr/image.ashx?id=2902978&use=l&cat=p&typeid=i","cat":284640},{"id":177914,"n":"Yaourt à boire Actimel Vanille - 8x100g","p":3.45,"u":"4,31 €/KG","img":"https://fd6-photos.leclercdrive.fr/image.ashx?id=2939190&use=l&cat=p&typeid=i","cat":284415},{"id":177919,"n":"Yaourt à boire Actimel Fraise Banane - 8x100g","p":3.57,"u":"4,46 €/KG","img":"https://fd6-photos.leclercdrive.fr/image.ashx?id=2939193&use=l&cat=p&typeid=i","cat":284415},{"id":177941,"n":"Courgettes Bio Bio Village Filet - 750g","p":3.99,"u":"5,32 €/KG","img":"https://fd6-photos.leclercdrive.fr/image.ashx?id=2625698&use=l&cat=p&typeid=i","cat":284352},{"id":177947,"n":"Spirales métal Nicols Métanic x3","p":1.25,"u":"0,42 €/P","img":"https://fd6-photos.leclercdrive.fr/image.ashx?id=2342779&use=l&cat=p&typeid=i","cat":284667},{"id":178074,"n":"Aubergine Bio Bio Village x2","p":2.99,"u":"1,50 €/P","img":"https://fd6-photos.leclercdrive.fr/image.ashx?id=2928333&use=l&cat=p&typeid=i","cat":284352},{"id":178087,"n":"Moulage chocolat Kinder Abeilles - 35g","p":1.76,"u":"50,29 €/KG","img":"https://fd6-photos.leclercdrive.fr/image.ashx?id=2313042&use=l&cat=p&typeid=i","cat":327592},{"id":178108,"n":"Burrata de vache Casa Azzurra 125g","p":2.97,"u":"23,76 €/KG","img":"https://fd6-photos.leclercdrive.fr/image.ashx?id=2927549&use=l&cat=p&typeid=i","cat":314026},{"id":178110,"n":"Pizza Dr.Oetker Ristorante Thon - 355g","p":2.66,"u":"7,49 €/KG","img":"https://fd6-photos.leclercdrive.fr/image.ashx?id=2993056&use=l&cat=p&typeid=i","cat":284256},{"id":178111,"n":"Pizza Dr.Oetker Ristorante 4 fromages - 340g","p":2.47,"u":"7,26 €/KG","img":"https://fd6-photos.leclercdrive.fr/image.ashx?id=2993050&use=l&cat=p&typeid=i","cat":284256},{"id":178112,"n":"Pizza Dr.Oetker Ristorante Mozzarella - 335g","p":2.66,"u":"7,94 €/KG","img":"https://fd6-photos.leclercdrive.fr/image.ashx?id=2993062&use=l&cat=p&typeid=i","cat":284256},{"id":178113,"n":"Pizza Dr.Oetker Ristorante  Vegetale aux légumes - 385g","p":2.82,"u":"7,32 €/KG","img":"https://fd6-photos.leclercdrive.fr/image.ashx?id=2993068&use=l&cat=p&typeid=i","cat":284256},{"id":178114,"n":"Pizza Ristorante Dr Oetker Royale - 350g","p":2.86,"u":"8,17 €/KG","img":"https://fd6-photos.leclercdrive.fr/image.ashx?id=2993044&use=l&cat=p&typeid=i","cat":284256},{"id":178120,"n":"Verrines de Courgettes  Pesto Chèvre Poivrons x4 - 160g","p":3.5,"u":"21,88 €/KG","img":"https://fd6-photos.leclercdrive.fr/image.ashx?id=2560963&use=l&cat=p&typeid=i","cat":316003},{"id":178144,"n":"Thé glacé MayTea Saveur Pêche - 1,2L","p":1.96,"u":"1,63 €/L","img":"https://fd6-photos.leclercdrive.fr/image.ashx?id=2648661&use=l&cat=p&typeid=i","cat":295019},{"id":178147,"n":"Céréales Trésor Kellogg's Chocolat noisettes - 620g","p":4.39,"u":"7,08 €/KG","img":"https://fd6-photos.leclercdrive.fr/image.ashx?id=2598331&use=l&cat=p&typeid=i","cat":309513},{"id":178163,"n":"Thé glacé MayTea Saveur Menthe - 1,2L","p":1.95,"u":"1,63 €/L","img":"https://fd6-photos.leclercdrive.fr/image.ashx?id=2648664&use=l&cat=p&typeid=i","cat":295019},{"id":178186,"n":"Compotes Andros Poire williams 750g","p":2.46,"u":"3,28 €/KG","img":"https://fd6-photos.leclercdrive.fr/image.ashx?id=2313750&use=l&cat=p&typeid=i","cat":284508},{"id":178260,"n":"Truite fumée Eco+ 100g","p":2.33,"u":"23,30 €/KG","img":"https://fd6-photos.leclercdrive.fr/image.ashx?id=2973505&use=l&cat=p&typeid=i","cat":285188},{"id":178343,"n":"Gaufres de liège chocolat Eco + 300g","p":1.37,"u":"4,57 €/KG","img":"https://fd6-photos.leclercdrive.fr/image.ashx?id=2315764&use=l&cat=p&typeid=i","cat":294777},{"id":178346,"n":"Thé glacé MayTea Saveur Framboise - 1,2L","p":1.85,"u":"1,54 €/L","img":"https://fd6-photos.leclercdrive.fr/image.ashx?id=2643863&use=l&cat=p&typeid=i","cat":295019},{"id":178355,"n":"Hachis Parmentier Fleury Michon à l'Emmental - 300g","p":3.22,"u":"10,73 €/KG","img":"https://fd6-photos.leclercdrive.fr/image.ashx?id=3003248&use=l&cat=p&typeid=i","cat":333665},{"id":178359,"n":"Skyr 0%mg  Les 2 Vaches Vanille Bio - 480g","p":3.43,"u":"7,15 €/KG","img":"https://fd6-photos.leclercdrive.fr/image.ashx?id=2787296&use=l&cat=p&typeid=i","cat":315000},{"id":178539,"n":"Gel Lavant Bébé Mots d'Enfants 2en1 Bio 750ml","p":3.95,"u":"5,27 €/L","img":"https://fd6-photos.leclercdrive.fr/image.ashx?id=3014305&use=l&cat=p&typeid=i","cat":284740},{"id":178553,"n":"Eau Cologne Eco + Lavande 1L","p":2.53,"u":"2,53 €/L","img":"https://fd6-photos.leclercdrive.fr/image.ashx?id=2690859&use=l&cat=p&typeid=i","cat":291525},{"id":178554,"n":"Eau de Cologne Eco + Fraîcheur 500ml","p":1.97,"u":"3,94 €/L","img":"https://fd6-photos.leclercdrive.fr/image.ashx?id=3001196&use=l&cat=p&typeid=i","cat":291525},{"id":178564,"n":"Farine de riz complet Bio Bio Village - 500g","p":3.21,"u":"6,42 €/KG","img":"https://fd6-photos.leclercdrive.fr/image.ashx?id=2801798&use=l&cat=p&typeid=i","cat":288382},{"id":178566,"n":"Eau de Cologne Eco + Ambre 500ml","p":1.9,"u":"3,80 €/L","img":"https://fd6-photos.leclercdrive.fr/image.ashx?id=2999562&use=l&cat=p&typeid=i","cat":291525},{"id":178567,"n":"Shampoing Douche Eco + Marine 300ml","p":0.9,"u":"3,00 €/L","img":"https://fd6-photos.leclercdrive.fr/image.ashx?id=2779181&use=l&cat=p&typeid=i","cat":284594},{"id":178571,"n":"Désodorisant Eco + Marine 300ml","p":0.68,"u":"2,27 €/L","img":"https://fd6-photos.leclercdrive.fr/image.ashx?id=2843568&use=l&cat=p&typeid=i","cat":311626},{"id":178572,"n":"Patchs Chauffants Primoplast X2","p":4.99,"u":"2,50 €/P","img":"https://fd6-photos.leclercdrive.fr/image.ashx?id=2856600&use=l&cat=p&typeid=i","cat":284630},{"id":178573,"n":"Crème Lavante Manava  Velours Amande 1L","p":2.55,"u":"2,55 €/L","img":"https://fd6-photos.leclercdrive.fr/image.ashx?id=2935546&use=l&cat=p&typeid=i","cat":284597},{"id":178625,"n":"Recharge gel douche Sanex Zéro% Tous types de peaux - 500ml","p":3.11,"u":"6,22 €/L","img":"https://fd6-photos.leclercdrive.fr/image.ashx?id=2859986&use=l&cat=p&typeid=i","cat":284594},{"id":178632,"n":"Brosses à dents Sensodyne extra souple x3","p":6.36,"u":"2,12 €/P","img":"https://fd6-photos.leclercdrive.fr/image.ashx?id=2318859&use=l&cat=p&typeid=i","cat":284614},{"id":178642,"n":"Culotte Feel Natural menstruelles noires T38/40","p":11.24,"u":"3,75 €/P","img":"https://fd6-photos.leclercdrive.fr/image.ashx?id=2795234&use=l&cat=p&typeid=i","cat":291524},{"id":178645,"n":"Culotte Feel Natural Menstruelles noires T40/42","p":11.14,"u":"3,71 €/P","img":"https://fd6-photos.leclercdrive.fr/image.ashx?id=2795237&use=l&cat=p&typeid=i","cat":291524},{"id":178682,"n":"Bière blonde Grimbergen Cuvé 8.5 6X25cl","p":5.69,"u":"3,79 €/L","img":"https://fd6-photos.leclercdrive.fr/image.ashx?id=2319541&use=l&cat=p&typeid=i","cat":334852},{"id":178685,"n":"Tourtel Twist citron 6X33cl","p":4.41,"u":"2,23 €/L","img":"https://fd6-photos.leclercdrive.fr/image.ashx?id=2864369&use=l&cat=p&typeid=i","cat":334877},{"id":178686,"n":"Tourtel Twist framboise 6X33cl","p":4.36,"u":"2,20 €/L","img":"https://fd6-photos.leclercdrive.fr/image.ashx?id=2864372&use=l&cat=p&typeid=i","cat":334877},{"id":178729,"n":"Liniment Mots d'enfants Bio - 500g","p":4.05,"u":"8,10 €/L","img":"https://fd6-photos.leclercdrive.fr/image.ashx?id=2536742&use=l&cat=p&typeid=i","cat":284741},{"id":178789,"n":"Dentifrice Sanogyl  soin gencives - 2x75ml","p":5.42,"u":"36,13 €/L","img":"https://fd6-photos.leclercdrive.fr/image.ashx?id=2320066&use=l&cat=p&typeid=i","cat":284612},{"id":178791,"n":"Huile d'olive Terra Delyssa Bio - 75cl","p":10.05,"u":"13,40 €/L","img":"https://fd6-photos.leclercdrive.fr/image.ashx?id=2736847&use=l&cat=p&typeid=i","cat":284453},{"id":178811,"n":"Compote Andros Pomme Poire - 8x100g","p":2.51,"u":"3,14 €/KG","img":"https://fd6-photos.leclercdrive.fr/image.ashx?id=2320654&use=l&cat=p&typeid=i","cat":284416},{"id":178813,"n":"Compote Andros Pomme Fraise - 8x100g","p":2.51,"u":"3,14 €/KG","img":"https://fd6-photos.leclercdrive.fr/image.ashx?id=2320660&use=l&cat=p&typeid=i","cat":284416},{"id":178888,"n":"Soin jour anti-âge Nivea FPS15 Peaux matures et sèches - 50ml","p":14.51,"u":"290,20 €/L","img":"https://fd6-photos.leclercdrive.fr/image.ashx?id=2321532&use=l&cat=p&typeid=i","cat":325345},{"id":178890,"n":"Café en grains San Marco n°7 - 1kg","p":15.97,"u":"15,97 €/KG","img":"https://fd6-photos.leclercdrive.fr/image.ashx?id=2322157&use=l&cat=p&typeid=i","cat":293237},{"id":178896,"n":"Gel nettoyant Bioré Au charbon - 200ml","p":4.49,"u":"22,45 €/L","img":"https://fd6-photos.leclercdrive.fr/image.ashx?id=2535598&use=l&cat=p&typeid=i","cat":284603},{"id":178897,"n":"Bière rouge Kwak 8% - 75cl","p":4.6,"u":"6,13 €/L","img":"https://fd6-photos.leclercdrive.fr/image.ashx?id=2548318&use=l&cat=p&typeid=i","cat":334872},{"id":178898,"n":"Bière ambrée Ch'ti  6x25cl","p":6.0,"u":"4,00 €/L","img":"https://fd6-photos.leclercdrive.fr/image.ashx?id=2321292&use=l&cat=p&typeid=i","cat":334852},{"id":178899,"n":"Bière blonde Kwak 7,4% - 75cl","p":4.6,"u":"6,13 €/L","img":"https://fd6-photos.leclercdrive.fr/image.ashx?id=2548321&use=l&cat=p&typeid=i","cat":334872},{"id":178948,"n":"Gâteau Savane Brossard Tout chocolat pocket x7 210g","p":2.51,"u":"11,95 €/KG","img":"https://fd6-photos.leclercdrive.fr/image.ashx?id=2870728&use=l&cat=p&typeid=i","cat":294776},{"id":178949,"n":"Gâteau Savane Brossard Max Barr' Pocket x7 - 210g","p":2.32,"u":"11,05 €/KG","img":"https://fd6-photos.leclercdrive.fr/image.ashx?id=2870731&use=l&cat=p&typeid=i","cat":294776},{"id":178950,"n":"Eponge Spontex  Flash - x2","p":2.4,"u":"80,00 €/KG","img":"https://fd6-photos.leclercdrive.fr/image.ashx?id=2657781&use=l&cat=p&typeid=i","cat":284667},{"id":178951,"n":"Sacs poubelle Handy Bag   Ultra résistant 50L - x10","p":2.91,"u":"0,29 €/P","img":"https://fd6-photos.leclercdrive.fr/image.ashx?id=2918970&use=l&cat=p&typeid=i","cat":285168},{"id":178954,"n":"Mouchoirs Family Kleenex® Boîte x128","p":1.8,"u":"0,01 €/P","img":"https://fd6-photos.leclercdrive.fr/image.ashx?id=3009017&use=l&cat=p&typeid=i","cat":284638},{"id":178974,"n":"Mouchoirs Balsam Kleenex® Boîte x64","p":1.79,"u":"0,03 €/P","img":"https://fd6-photos.leclercdrive.fr/image.ashx?id=2853353&use=l&cat=p&typeid=i","cat":284638},{"id":178977,"n":"Bûche de Chèvre Soignon  120g","p":2.02,"u":"16,83 €/KG","img":"https://fd6-photos.leclercdrive.fr/image.ashx?id=2676717&use=l&cat=p&typeid=i","cat":314031},{"id":179002,"n":"Préservatifs Durex Confort Essential Confiance x24","p":8.87,"u":"0,37 €/P","img":"https://fd6-photos.leclercdrive.fr/image.ashx?id=2962029&use=l&cat=p&typeid=i","cat":284631},{"id":179025,"n":"Sacs poubelle 30L Handy Bag Ultra résistant - x20","p":2.74,"u":"0,14 €/P","img":"https://fd6-photos.leclercdrive.fr/image.ashx?id=2603800&use=l&cat=p&typeid=i","cat":285168},{"id":179026,"n":"Sacs poubelle 50L Handy Bag Ultra résistant - x10","p":2.1,"u":"0,21 €/P","img":"https://fd6-photos.leclercdrive.fr/image.ashx?id=2906730&use=l&cat=p&typeid=i","cat":285168},{"id":179027,"n":"Sacs poubelle 30L Handy Bag Ultra résistant - x15","p":2.82,"u":"0,19 €/P","img":"https://fd6-photos.leclercdrive.fr/image.ashx?id=2992278&use=l&cat=p&typeid=i","cat":285168},{"id":179028,"n":"Gel douche Sanex zéro 0% Peaux normales - 725ml","p":4.52,"u":"6,23 €/L","img":"https://fd6-photos.leclercdrive.fr/image.ashx?id=2685540&use=l&cat=p&typeid=i","cat":284594},{"id":179030,"n":"Sacs poubelle 30L Handy Bag Ultra résistant - x15","p":3.23,"u":"0,22 €/P","img":"https://fd6-photos.leclercdrive.fr/image.ashx?id=2633145&use=l&cat=p&typeid=i","cat":285168},{"id":179031,"n":"Gel douche Sanex zéro 0% Peaux normales - 475ml","p":3.17,"u":"6,67 €/L","img":"https://fd6-photos.leclercdrive.fr/image.ashx?id=2648851&use=l&cat=p&typeid=i","cat":284594},{"id":179032,"n":"Sac poubelle 50L Handy Bag Fixation élastique x10","p":3.78,"u":"0,08 €/L","img":"https://fd6-photos.leclercdrive.fr/image.ashx?id=2906721&use=l&cat=p&typeid=i","cat":285168},{"id":179034,"n":"Sacs poubelle 5L Handy Bag Salle de bain - à liens - x35","p":1.71,"img":"https://fd6-photos.leclercdrive.fr/image.ashx?id=2906733&use=l&cat=p&typeid=i","cat":285168},{"id":179039,"n":"Film fraîcheur Albal 30m","p":2.37,"img":"https://fd6-photos.leclercdrive.fr/image.ashx?id=2929056&use=l&cat=p&typeid=i","cat":334134},{"id":179041,"n":"Ultra ZIP moyen modèle Albal  15 sacs","p":3.01,"img":"https://fd6-photos.leclercdrive.fr/image.ashx?id=2929068&use=l&cat=p&typeid=i","cat":334134},{"id":179056,"n":"Dentifrice Signal Integral 8  Fraîcheur et détox -75ml","p":1.77,"u":"23,60 €/L","img":"https://fd6-photos.leclercdrive.fr/image.ashx?id=2960228&use=l&cat=p&typeid=i","cat":284612},{"id":179058,"n":"Complément alimentaire Zohi Cheveux 30 jours - 180g","p":13.96,"u":"77,56 €/KG","img":"https://fd6-photos.leclercdrive.fr/image.ashx?id=2657541&use=l&cat=p&typeid=i","cat":313217},{"id":179072,"n":"Mascara Maybelline Colossal Very black","p":9.64,"img":"https://fd6-photos.leclercdrive.fr/image.ashx?id=2321959&use=l&cat=p&typeid=i","cat":287029},{"id":179074,"n":"L'esprit Spritz Arthur Metz - 75cl","p":7.85,"u":"10,47 €/L","img":"https://fd6-photos.leclercdrive.fr/image.ashx?id=2770726&use=l&cat=p&typeid=i","cat":284913},{"id":179081,"n":"Le Maïs Bonduelle 3x285g","p":3.09,"u":"3,61 €/KG","img":"https://fd6-photos.leclercdrive.fr/image.ashx?id=2746202&use=l&cat=p&typeid=i","cat":312611},{"id":179084,"n":"Liqueur Isautier  Banane flambée 17° - 50cl","p":19.74,"u":"39,48 €/L","img":"https://fd6-photos.leclercdrive.fr/image.ashx?id=2322679&use=l&cat=p&typeid=i","cat":286032},{"id":179087,"n":"Liquide Vaisselle Paic Citron - 750ml","p":1.7,"u":"2,27 €/L","img":"https://fd6-photos.leclercdrive.fr/image.ashx?id=2322835&use=l&cat=p&typeid=i","cat":284655},{"id":179088,"n":"Liquide Vaisselle Paic Citron Vert - 750ml","p":1.9,"u":"2,53 €/L","img":"https://fd6-photos.leclercdrive.fr/image.ashx?id=2322838&use=l&cat=p&typeid=i","cat":284655},{"id":179184,"n":"Bière Blonde Peroni  Nastro Azzuro - 6x33cl","p":5.95,"u":"3,01 €/L","img":"https://fd6-photos.leclercdrive.fr/image.ashx?id=2339174&use=l&cat=p&typeid=i","cat":334877},{"id":179256,"n":"Jus Ocean Spray Classic  Cranberry - 1L","p":2.05,"u":"2,05 €/L","img":"https://fd6-photos.leclercdrive.fr/image.ashx?id=2324021&use=l&cat=p&typeid=i","cat":284915},{"id":179261,"n":"Crème de nuit L'Oréal Paris  Dermo Revitalift - 50ml","p":25.75,"u":"515,00 €/L","img":"https://fd6-photos.leclercdrive.fr/image.ashx?id=2351849&use=l&cat=p&typeid=i","cat":325345},{"id":179263,"n":"Sérum de nuit L'Oréal Paris Age Perfect anti-âge - 30ml","p":11.97,"pp":7.9,"u":"263,33 €/L","img":"https://fd6-photos.leclercdrive.fr/image.ashx?id=2867536&use=l&cat=p&typeid=i","cat":325345},{"id":179264,"n":"Sérum repulpant L'Oréal Paris Revitalift anti-rides - 20ml","p":14.93,"u":"746,50 €/L","img":"https://fd6-photos.leclercdrive.fr/image.ashx?id=2867539&use=l&cat=p&typeid=i","cat":325345},{"id":179297,"n":"Crème adhésive Fixodent extra forte Fixatifs neutral -47g","p":5.0,"u":"106,38 €/KG","img":"https://fd6-photos.leclercdrive.fr/image.ashx?id=2872201&use=l&cat=p&typeid=i","cat":285158},{"id":179299,"n":"Lait bébé Candia Baby  croissance 3ème âge - 6x1L","p":8.8,"u":"1,47 €/L","img":"https://fd6-photos.leclercdrive.fr/image.ashx?id=2963349&use=l&cat=p&typeid=i","cat":284728},{"id":179300,"n":"Lait bébé Candia Baby 4ème âge - 6x1L","p":10.79,"u":"1,80 €/L","img":"https://fd6-photos.leclercdrive.fr/image.ashx?id=2963358&use=l&cat=p&typeid=i","cat":284728},{"id":179301,"n":"Eau Micellaire Garnier Peaux Sèches, Sensibles - 400ml","p":2.8,"u":"7,00 €/L","img":"https://fd6-photos.leclercdrive.fr/image.ashx?id=2323637&use=l&cat=p&typeid=i","cat":284603},{"id":179326,"n":"Gel douche Sanex Zéro 0% Peaux sèches - 475ml","p":3.17,"u":"6,67 €/L","img":"https://fd6-photos.leclercdrive.fr/image.ashx?id=2692857&use=l&cat=p&typeid=i","cat":284594},{"id":179335,"n":"Choucroute garnie Alsacienne Pierre Schmidt - 400g","p":3.14,"u":"7,85 €/KG","img":"https://fd6-photos.leclercdrive.fr/image.ashx?id=2580711&use=l&cat=p&typeid=i","cat":333665},{"id":179352,"n":"Eco recharge gel douche Sanex 0% Peaux sèches - 500ml","p":3.05,"u":"6,10 €/L","img":"https://fd6-photos.leclercdrive.fr/image.ashx?id=2866199&use=l&cat=p&typeid=i","cat":284594},{"id":179356,"n":"Gel douche Sanex Zéro 0% Peaux sèches - 725ml","p":4.15,"u":"5,72 €/L","img":"https://fd6-photos.leclercdrive.fr/image.ashx?id=2738392&use=l&cat=p&typeid=i","cat":284594},{"id":179374,"n":"Champagne Germain Président Rosé - 75cl","p":28.8,"u":"38,40 €/L","img":"https://fd6-photos.leclercdrive.fr/image.ashx?id=2999255&use=l&cat=p&typeid=i","cat":284542},{"id":179380,"n":"Crème hydratante SO'BiO étic men Guarana - 50ml","p":9.41,"u":"188,20 €/L","img":"https://fd6-photos.leclercdrive.fr/image.ashx?id=2505564&use=l&cat=p&typeid=i","cat":284622},{"id":179382,"n":"Crème nutritive SO'BiO étic bio Argan Peaux matures - 50ml","p":13.99,"u":"279,80 €/L","img":"https://fd6-photos.leclercdrive.fr/image.ashx?id=2775628&use=l&cat=p&typeid=i","cat":325345},{"id":179383,"n":"Sérum SO'BiO étic rose éclat Argan Peaux matures bio - 30ml","p":10.69,"u":"356,33 €/L","img":"https://fd6-photos.leclercdrive.fr/image.ashx?id=2493526&use=l&cat=p&typeid=i","cat":325345},{"id":179384,"n":"Pâte à tartiner Eco+ 750g - aux noissettes","p":2.47,"u":"3,29 €/KG","img":"https://fd6-photos.leclercdrive.fr/image.ashx?id=2841148&use=l&cat=p&typeid=i","cat":284481},{"id":179389,"n":"Gel à raser SO'BiO Men précision - 150ml","p":5.17,"u":"34,47 €/L","img":"https://fd6-photos.leclercdrive.fr/image.ashx?id=2325251&use=l&cat=p&typeid=i","cat":284617},{"id":179390,"n":"Huile barbe SO'BiO étic Men nourrissante - 50ml","p":7.86,"u":"157,20 €/L","img":"https://fd6-photos.leclercdrive.fr/image.ashx?id=2694842&use=l&cat=p&typeid=i","cat":284622},{"id":179407,"n":"Gratte Éponge Fibre recyclée Spontex - x6","p":3.91,"img":"https://fd6-photos.leclercdrive.fr/image.ashx?id=2973075&use=l&cat=p&typeid=i","cat":284667},{"id":179421,"n":"Pain burger Jacquet Nature x6 - 350g","p":1.49,"u":"4,26 €/KG","img":"https://fd6-photos.leclercdrive.fr/image.ashx?id=2729833&use=l&cat=p&typeid=i","cat":325067},{"id":179422,"n":"Spray désodorisant Airwick Neutralisateur Coton - 237ml","p":3.71,"u":"15,65 €/L","img":"https://fd6-photos.leclercdrive.fr/image.ashx?id=2792822&use=l&cat=p&typeid=i","cat":311626},{"id":179431,"n":"Brioche Pitch Chocolat x8 - 300g","p":1.79,"u":"5,97 €/KG","img":"https://fd6-photos.leclercdrive.fr/image.ashx?id=2452119&use=l&cat=p&typeid=i","cat":293505},{"id":179432,"n":"Brioches Pitch Fraise x8 - 300g","p":1.97,"u":"6,57 €/KG","img":"https://fd6-photos.leclercdrive.fr/image.ashx?id=2452116&use=l&cat=p&typeid=i","cat":293505},{"id":179433,"n":"Brioche Pitch Chocolat au lait x8 - 300g","p":2.15,"u":"7,17 €/KG","img":"https://fd6-photos.leclercdrive.fr/image.ashx?id=2452113&use=l&cat=p&typeid=i","cat":293505},{"id":179435,"n":"Brioche Pitch Chocolat x12 - 450g","p":3.1,"u":"6,89 €/KG","img":"https://fd6-photos.leclercdrive.fr/image.ashx?id=2452110&use=l&cat=p&typeid=i","cat":293505},{"id":179437,"n":"Brioches Pitch Pépites chocolat x8 - 300g","p":2.15,"u":"7,17 €/KG","img":"https://fd6-photos.leclercdrive.fr/image.ashx?id=2452107&use=l&cat=p&typeid=i","cat":293505},{"id":179438,"n":"Brioche Pitch Pépites de chocolat x12 - 450g","p":3.23,"u":"7,18 €/KG","img":"https://fd6-photos.leclercdrive.fr/image.ashx?id=2452104&use=l&cat=p&typeid=i","cat":293505},{"id":179439,"n":"Brioches Pitch Choco barre noir x8-  300g","p":2.88,"u":"9,60 €/KG","img":"https://fd6-photos.leclercdrive.fr/image.ashx?id=2452101&use=l&cat=p&typeid=i","cat":293505},{"id":179440,"n":"Brioches Pitch  Choco barre lait x8 - 300g","p":2.32,"u":"7,73 €/KG","img":"https://fd6-photos.leclercdrive.fr/image.ashx?id=2454115&use=l&cat=p&typeid=i","cat":293505},{"id":179442,"n":"Brioches Pitch Choco barre noisette x8 - 300g","p":2.81,"u":"9,37 €/KG","img":"https://fd6-photos.leclercdrive.fr/image.ashx?id=2454112&use=l&cat=p&typeid=i","cat":293505},{"id":179443,"n":"Brioches Pitch Crousti x8 - 300g","p":2.78,"u":"9,27 €/KG","img":"https://fd6-photos.leclercdrive.fr/image.ashx?id=2454109&use=l&cat=p&typeid=i","cat":293505},{"id":179487,"n":"Gel douche Sanex Zéro 0% Peaux sèches - 2x475ml","p":6.3,"u":"6,63 €/L","img":"https://fd6-photos.leclercdrive.fr/image.ashx?id=2676921&use=l&cat=p&typeid=i","cat":284594},{"id":179488,"n":"Gel douche Sanex Zéro 0% Peaux normales - 2x475ml","p":6.3,"u":"6,63 €/L","img":"https://fd6-photos.leclercdrive.fr/image.ashx?id=2676924&use=l&cat=p&typeid=i","cat":284594},{"id":179510,"n":"Rasoirs Gillette jetables Blue x 36","p":29.83,"u":"0,83 €/P","img":"https://fd6-photos.leclercdrive.fr/image.ashx?id=2330182&use=l&cat=p&typeid=i","cat":284616},{"id":179603,"n":"Bonbons Tic Tac  49g - Framboise myrtille","p":1.6,"u":"32,65 €/KG","img":"https://fd6-photos.leclercdrive.fr/image.ashx?id=2479492&use=l&cat=p&typeid=i","cat":304256},{"id":179645,"n":"Limonade double zest Lorina Bouteille - 1,25L","p":1.29,"u":"1,03 €/L","img":"https://fd6-photos.leclercdrive.fr/image.ashx?id=2723836&use=l&cat=p&typeid=i","cat":284531},{"id":179662,"n":"Capsules Café Carte Noire  Arabica Intense n°9 x30 - 165g","p":9.22,"u":"55,88 €/KG","img":"https://fd6-photos.leclercdrive.fr/image.ashx?id=2877148&use=l&cat=p&typeid=i","cat":284749},{"id":179663,"n":"Capsules Café Carte Noire  Arabica Classique n7 x30 - 165g","p":9.22,"u":"55,88 €/KG","img":"https://fd6-photos.leclercdrive.fr/image.ashx?id=2878390&use=l&cat=p&typeid=i","cat":284749},{"id":179664,"n":"Capsules Café Carte Noire  Arabica Lungo n°6 x30 - 168g","p":9.22,"u":"54,88 €/KG","img":"https://fd6-photos.leclercdrive.fr/image.ashx?id=2873441&use=l&cat=p&typeid=i","cat":284749},{"id":179669,"n":"Liquide vaisselle Paic Citron - 1,5L","p":2.81,"u":"1,87 €/L","img":"https://fd6-photos.leclercdrive.fr/image.ashx?id=2328673&use=l&cat=p&typeid=i","cat":284655},{"id":179673,"n":"Blocs WC Ball Syphon Tropical - x2","p":2.32,"u":"1,16 €/P","img":"https://fd6-photos.leclercdrive.fr/image.ashx?id=2925723&use=l&cat=p&typeid=i","cat":284662},{"id":179676,"n":"IGP Sable de Camargue rosé Bio L'Estil - 3L","p":17.16,"u":"5,72 €/L","img":"https://fd6-photos.leclercdrive.fr/image.ashx?id=2753635&use=l&cat=p&typeid=i","cat":289558},{"id":179770,"n":"Bière Rince cochon triple 75cl","p":4.43,"u":"5,91 €/L","img":"https://fd6-photos.leclercdrive.fr/image.ashx?id=2475747&use=l&cat=p&typeid=i","cat":334872},{"id":179771,"n":"La Mauny passion 30° - 70cl","p":20.05,"u":"28,64 €/L","img":"https://fd6-photos.leclercdrive.fr/image.ashx?id=2956337&use=l&cat=p&typeid=i","cat":284550},{"id":179881,"n":"Crème glacée Ben & Jerry's Cookie Vermont-Ster - 324g","p":5.84,"u":"18,02 €/KG","img":"https://fd6-photos.leclercdrive.fr/image.ashx?id=2793044&use=l&cat=p&typeid=i","cat":284725},{"id":179896,"n":"Cône Max Elsa vanille  Reine des neiges x4 - 152g","p":2.72,"u":"17,89 €/KG","img":"https://fd6-photos.leclercdrive.fr/image.ashx?id=2651263&use=l&cat=p&typeid=i","cat":285250},{"id":179934,"n":"Chips bio Jardin Bio Nature - 125g","p":2.62,"u":"20,96 €/KG","img":"https://fd6-photos.leclercdrive.fr/image.ashx?id=2792642&use=l&cat=p&typeid=i","cat":284447},{"id":179940,"n":"Crousti apéro bio Jardin Bio Cacahuètes - 85g","p":1.9,"u":"22,35 €/KG","img":"https://fd6-photos.leclercdrive.fr/image.ashx?id=2329239&use=l&cat=p&typeid=i","cat":284449},{"id":179956,"n":"Crousti apéro bio Jardin Bio Tomates - 85g","p":1.86,"u":"21,88 €/KG","img":"https://fd6-photos.leclercdrive.fr/image.ashx?id=2329301&use=l&cat=p&typeid=i","cat":284449},{"id":179961,"n":"Haricots verts Jardin Bio Etic Bio - sans sel ajouté - 185g","p":2.66,"u":"14,38 €/KG","img":"https://fd6-photos.leclercdrive.fr/image.ashx?id=2835421&use=l&cat=p&typeid=i","cat":312606},{"id":179967,"n":"Beurre de cacahuete Jardin Bio Bio - Creamy - 500g","p":6.25,"u":"12,50 €/KG","img":"https://fd6-photos.leclercdrive.fr/image.ashx?id=2926503&use=l&cat=p&typeid=i","cat":284481},{"id":179970,"n":"Thé noir bio Jardin Bio Etic Fruits rouges x20 - 28g","p":2.67,"u":"95,36 €/KG","img":"https://fd6-photos.leclercdrive.fr/image.ashx?id=2419089&use=l&cat=p&typeid=i","cat":293233},{"id":179973,"n":"Rosso  14,4% - 1L","p":3.47,"u":"3,47 €/L","img":"https://fd6-photos.leclercdrive.fr/image.ashx?id=2800228&use=l&cat=p&typeid=i","cat":284913},{"id":179974,"n":"Bianco 14,4% - 1L","p":3.5,"u":"3,50 €/L","img":"https://fd6-photos.leclercdrive.fr/image.ashx?id=2800231&use=l&cat=p&typeid=i","cat":284913},{"id":179975,"n":"Whisky Monkey Shoulder Smokey 40% - 70cl","p":32.59,"u":"46,56 €/L","img":"https://fd6-photos.leclercdrive.fr/image.ashx?id=2883714&use=l&cat=p&typeid=i","cat":284547},{"id":179979,"n":"AOC Crémant d'Alsace brut 75cl","p":5.35,"u":"7,13 €/L","img":"https://fd6-photos.leclercdrive.fr/image.ashx?id=2888932&use=l&cat=p&typeid=i","cat":284545},{"id":179985,"n":"Bière ambrée Ch'ti   6,2°  -75cl","p":3.13,"u":"4,17 €/L","img":"https://fd6-photos.leclercdrive.fr/image.ashx?id=2329473&use=l&cat=p&typeid=i","cat":334852},{"id":179996,"n":"Boisson arômatisée à base de Vin désacoolisé - 75cl","p":2.99,"u":"3,99 €/L","img":"https://fd6-photos.leclercdrive.fr/image.ashx?id=2825221&use=l&cat=p&typeid=i","cat":284549},{"id":179997,"n":"Vin rosé  Festalie 75cl - sans alcool","p":2.99,"u":"3,99 €/L","img":"https://fd6-photos.leclercdrive.fr/image.ashx?id=2781188&use=l&cat=p&typeid=i","cat":289558},{"id":180012,"n":"Vin rouge sans alcool - 75cl","p":2.99,"u":"3,99 €/L","img":"https://fd6-photos.leclercdrive.fr/image.ashx?id=2825224&use=l&cat=p&typeid=i","cat":289556},{"id":180020,"n":"Vin Nos Régions Ont du Talent 75cl","p":12.99,"u":"17,32 €/L","img":"https://fd6-photos.leclercdrive.fr/image.ashx?id=2449936&use=l&cat=p&typeid=i","cat":289556},{"id":180027,"n":"Vin St Emilion 75cl","p":7.79,"u":"10,39 €/L","img":"https://fd6-photos.leclercdrive.fr/image.ashx?id=2724883&use=l&cat=p&typeid=i","cat":289556},{"id":180029,"n":"Sucre gélifiant Daddy  spécial gelée - 1kg","p":2.32,"u":"2,32 €/KG","img":"https://fd6-photos.leclercdrive.fr/image.ashx?id=2975861&use=l&cat=p&typeid=i","cat":284502},{"id":180030,"n":"Sauce Crudités Bénédicta Nature - 735g","p":3.5,"u":"4,76 €/KG","img":"https://fd6-photos.leclercdrive.fr/image.ashx?id=2549777&use=l&cat=p&typeid=i","cat":284456},{"id":180036,"n":"Vin blanc Saint-Veran Au Mont - 75cl","p":11.5,"u":"15,33 €/L","img":"https://fd6-photos.leclercdrive.fr/image.ashx?id=2329602&use=l&cat=p&typeid=i","cat":289557},{"id":180039,"n":"AOP côte de Provence Vin rosé - 75cl","p":8.9,"u":"11,87 €/L","img":"https://fd6-photos.leclercdrive.fr/image.ashx?id=2711625&use=l&cat=p&typeid=i","cat":289558},{"id":180041,"n":"Chips Tuiles Pringles Paprika - 175g","p":1.78,"u":"10,17 €/KG","img":"https://fd6-photos.leclercdrive.fr/image.ashx?id=2902301&use=l&cat=p&typeid=i","cat":287899},{"id":180044,"n":"Filtres à café brun Melitta FSC 1x4 - 80 filtres","p":1.82,"u":"12,38 €/KG","img":"https://fd6-photos.leclercdrive.fr/image.ashx?id=2908276&use=l&cat=p&typeid=i","cat":284751},{"id":180061,"n":"Thé vert bio Bio village  36g","p":1.33,"u":"36,94 €/KG","img":"https://fd6-photos.leclercdrive.fr/image.ashx?id=2897910&use=l&cat=p&typeid=i","cat":293233},{"id":180065,"n":"Rillettes de thon Petit Navire 125g","p":2.01,"u":"16,08 €/KG","img":"https://fd6-photos.leclercdrive.fr/image.ashx?id=2533388&use=l&cat=p&typeid=i","cat":303867},{"id":180066,"n":"Cidre brut Eco+ 4% - 75cl","p":1.59,"u":"2,12 €/L","img":"https://fd6-photos.leclercdrive.fr/image.ashx?id=2903920&use=l&cat=p&typeid=i","cat":334880},{"id":180069,"n":"Rillettes au saumon  Petit Navire - 125g","p":1.83,"u":"14,64 €/KG","img":"https://fd6-photos.leclercdrive.fr/image.ashx?id=2533391&use=l&cat=p&typeid=i","cat":305147},{"id":180071,"n":"Cidre doux Eco+ 2% - 75cl","p":1.59,"u":"2,12 €/L","img":"https://fd6-photos.leclercdrive.fr/image.ashx?id=2903926&use=l&cat=p&typeid=i","cat":334880},{"id":180074,"n":"Fond de veau Maggi - 240g","p":3.48,"u":"14,50 €/KG","img":"https://fd6-photos.leclercdrive.fr/image.ashx?id=2918047&use=l&cat=p&typeid=i","cat":288379},{"id":180079,"n":"Biscuits chocolats Kinder Duo Chocolat blanc et lait - 150g","p":2.07,"u":"13,80 €/KG","img":"https://fd6-photos.leclercdrive.fr/image.ashx?id=2959127&use=l&cat=p&typeid=i","cat":284488},{"id":180083,"n":"Pastis Eco+ 40% - 1L","p":15.08,"u":"15,08 €/L","img":"https://fd6-photos.leclercdrive.fr/image.ashx?id=2637823&use=l&cat=p&typeid=i","cat":284548},{"id":180118,"n":"Mais d'aucy  Bio - 2x140g","p":2.26,"u":"8,07 €/KG","img":"https://fd6-photos.leclercdrive.fr/image.ashx?id=2651825&use=l&cat=p&typeid=i","cat":312611},{"id":180121,"n":"Riz curry et poulet individuel William Saurin - 300g","p":3.4,"u":"11,33 €/KG","img":"https://fd6-photos.leclercdrive.fr/image.ashx?id=2335184&use=l&cat=p&typeid=i","cat":284953},{"id":180128,"n":"Infusion à froid Tisea  Fruits rouges - 33g","p":1.89,"u":"57,27 €/KG","img":"https://fd6-photos.leclercdrive.fr/image.ashx?id=2897838&use=l&cat=p&typeid=i","cat":293234},{"id":180150,"n":"Crème de coco - brique de 400ml","p":2.7,"u":"6,75 €/L","img":"https://fd6-photos.leclercdrive.fr/image.ashx?id=2906901&use=l&cat=p&typeid=i","cat":288992},{"id":180154,"n":"Chewing-gum Freedent Myrtille sans sucres 5x10 dragées -70g","p":2.74,"u":"39,14 €/KG","img":"https://fd6-photos.leclercdrive.fr/image.ashx?id=2330356&use=l&cat=p&typeid=i","cat":304251},{"id":180155,"n":"Chewing-gum Freedent White Fraise 5x10 dragées - 70g","p":2.9,"u":"41,43 €/KG","img":"https://fd6-photos.leclercdrive.fr/image.ashx?id=2330359&use=l&cat=p&typeid=i","cat":304251},{"id":180157,"n":"Gelée de Groseilles Bonne Maman - 370g","p":1.86,"u":"5,03 €/KG","img":"https://fd6-photos.leclercdrive.fr/image.ashx?id=2482975&use=l&cat=p&typeid=i","cat":284480},{"id":180167,"n":"Complément alimentaire Juvamine magnésium marin + vit B6 x30","p":3.27,"img":"https://fd6-photos.leclercdrive.fr/image.ashx?id=2745643&use=l&cat=p&typeid=i","cat":313217},{"id":180178,"n":"Quenelles de brochet  Petit Jean - 400g","p":2.24,"u":"5,60 €/KG","img":"https://fd6-photos.leclercdrive.fr/image.ashx?id=2677228&use=l&cat=p&typeid=i","cat":284441},{"id":180179,"n":"Sauce tomate aux champignons  Panzani Bolets et cèpes - 210g","p":1.5,"u":"7,14 €/KG","img":"https://fd6-photos.leclercdrive.fr/image.ashx?id=2880676&use=l&cat=p&typeid=i","cat":299047},{"id":180180,"n":"Ramen Tanoshi saveur boeuf nouilles japonaises - 360g","p":3.02,"u":"8,39 €/KG","img":"https://fd6-photos.leclercdrive.fr/image.ashx?id=2922974&use=l&cat=p&typeid=i","cat":288992},{"id":180181,"n":"Sardines à l'huile d'olive Connétable - 135g","p":2.81,"u":"20,81 €/KG","img":"https://fd6-photos.leclercdrive.fr/image.ashx?id=2762115&use=l&cat=p&typeid=i","cat":305146},{"id":180187,"n":"Sauce Pesto Tomates Basilic Panzani - 200G","p":1.79,"u":"8,95 €/KG","img":"https://fd6-photos.leclercdrive.fr/image.ashx?id=2977930&use=l&cat=p&typeid=i","cat":287599},{"id":180191,"n":"Sucre gélifiant Béghin Say spécial gelée - 1kg","p":2.31,"u":"2,31 €/KG","img":"https://fd6-photos.leclercdrive.fr/image.ashx?id=2653441&use=l&cat=p&typeid=i","cat":284502},{"id":180192,"n":"Sucre en grains Béghin Say doypack - 350g","p":2.47,"u":"7,06 €/KG","img":"https://fd6-photos.leclercdrive.fr/image.ashx?id=2866358&use=l&cat=p&typeid=i","cat":284502},{"id":180194,"n":"Tartinades de thon Petit Navire Tomates séchées thym - 125G","p":2.24,"u":"17,92 €/KG","img":"https://fd6-photos.leclercdrive.fr/image.ashx?id=2522566&use=l&cat=p&typeid=i","cat":303867},{"id":180196,"n":"Brioches Pitch  Pomme poire - x8 - 300g","p":2.64,"u":"8,80 €/KG","img":"https://fd6-photos.leclercdrive.fr/image.ashx?id=2454100&use=l&cat=p&typeid=i","cat":293505},{"id":180197,"n":"Langue Pik Haribo Sachet bonbons acidulés - 180g","p":1.64,"u":"9,11 €/KG","img":"https://fd6-photos.leclercdrive.fr/image.ashx?id=2984949&use=l&cat=p&typeid=i","cat":304250},{"id":180199,"n":"Pandawaï Pik Haribo Sachet bonbons acidulés - 200g","p":1.91,"u":"9,55 €/KG","img":"https://fd6-photos.leclercdrive.fr/image.ashx?id=2806120&use=l&cat=p&typeid=i","cat":304250},{"id":180201,"n":"Thé Earl Grey Twinings 50 sachets - 100g","p":4.02,"u":"40,20 €/KG","img":"https://fd6-photos.leclercdrive.fr/image.ashx?id=2893018&use=l&cat=p&typeid=i","cat":293233},{"id":180229,"n":"Miettes de crabe Eco+ - 121g","p":1.63,"u":"13,47 €/KG","img":"https://fd6-photos.leclercdrive.fr/image.ashx?id=2671792&use=l&cat=p&typeid=i","cat":305147},{"id":180233,"n":"Crème de marrons vanille  Douceur du Verger - 500g","p":2.12,"u":"4,24 €/KG","img":"https://fd6-photos.leclercdrive.fr/image.ashx?id=2691471&use=l&cat=p&typeid=i","cat":284506},{"id":180240,"n":"Sucre roux de canne  Blonvilliers - 750g","p":2.84,"u":"3,79 €/KG","img":"https://fd6-photos.leclercdrive.fr/image.ashx?id=2460092&use=l&cat=p&typeid=i","cat":284502},{"id":180247,"n":"Double concentré de tomates  Eco+ - 440g","p":1.31,"u":"2,98 €/KG","img":"https://fd6-photos.leclercdrive.fr/image.ashx?id=2669648&use=l&cat=p&typeid=i","cat":288384},{"id":180291,"n":"Complément alimentaire Juvamine Lutéine myrtille pour yeux -x40","p":6.29,"u":"0,16 €/P","img":"https://fd6-photos.leclercdrive.fr/image.ashx?id=2455918&use=l&cat=p&typeid=i","cat":284632},{"id":180302,"n":"Biscuits Palmier St Michel  au beurre - 87g","p":1.2,"u":"13,79 €/KG","img":"https://fd6-photos.leclercdrive.fr/image.ashx?id=2555379&use=l&cat=p&typeid=i","cat":284487},{"id":180303,"n":"Biscuits galettes St Michel au  beurre 1905 - 150g","p":1.46,"u":"9,73 €/KG","img":"https://fd6-photos.leclercdrive.fr/image.ashx?id=2937766&use=l&cat=p&typeid=i","cat":284487},{"id":180304,"n":"Semoule de couscous moyen Eco+ - 1kg","p":1.05,"u":"1,05 €/KG","img":"https://fd6-photos.leclercdrive.fr/image.ashx?id=2790858&use=l&cat=p&typeid=i","cat":284429},{"id":180305,"n":"Pâté de foie Eco+ x3 - 234g","p":1.33,"u":"5,68 €/KG","img":"https://fd6-photos.leclercdrive.fr/image.ashx?id=2852940&use=l&cat=p&typeid=i","cat":305149},{"id":180307,"n":"Patée pour chat Eco+ boeuf et à la carotte - 410g","p":0.96,"u":"2,34 €/KG","img":"https://fd6-photos.leclercdrive.fr/image.ashx?id=2690844&use=l&cat=p&typeid=i","cat":285601},{"id":180308,"n":"Spray Freeze Raid Essentials Anti Fourmis et Cafards - 350ml","p":4.75,"u":"13,57 €/L","img":"https://fd6-photos.leclercdrive.fr/image.ashx?id=2331020&use=l&cat=p&typeid=i","cat":298368},{"id":180309,"n":"Spray Raid Essentials Anti Moustiques 300ml","p":4.44,"u":"14,80 €/L","img":"https://fd6-photos.leclercdrive.fr/image.ashx?id=2331023&use=l&cat=p&typeid=i","cat":298368},{"id":180311,"n":"Double concentré de tomates  Eco+ - 200g","p":1.22,"u":"6,10 €/KG","img":"https://fd6-photos.leclercdrive.fr/image.ashx?id=3012376&use=l&cat=p&typeid=i","cat":288384},{"id":180313,"n":"Bouchées pour chat Eco+ Truite saumon et légumes - 410g","p":0.65,"u":"1,59 €/KG","img":"https://fd6-photos.leclercdrive.fr/image.ashx?id=2330897&use=l&cat=p&typeid=i","cat":285601},{"id":180317,"n":"Pistaches non salées Tokapi 125g","p":2.33,"u":"18,64 €/KG","img":"https://fd6-photos.leclercdrive.fr/image.ashx?id=2793302&use=l&cat=p&typeid=i","cat":284448},{"id":180321,"n":"Palmiers feuilletés Tokapi olive - 75g","p":1.84,"u":"24,53 €/KG","img":"https://fd6-photos.leclercdrive.fr/image.ashx?id=2331243&use=l&cat=p&typeid=i","cat":297000},{"id":180325,"n":"Palmiers feuilletés Tokapi  tomate épicée - 75g","p":1.85,"u":"24,67 €/KG","img":"https://fd6-photos.leclercdrive.fr/image.ashx?id=2330963&use=l&cat=p&typeid=i","cat":297000},{"id":180327,"n":"Pâtée pour chats Eco+ poisson et à la carotte - 410g","p":0.7,"u":"1,71 €/KG","img":"https://fd6-photos.leclercdrive.fr/image.ashx?id=2690847&use=l&cat=p&typeid=i","cat":285601},{"id":180333,"n":"Grignot' cacahuètes Tokapi - 140g","p":0.99,"u":"7,07 €/KG","img":"https://fd6-photos.leclercdrive.fr/image.ashx?id=2331066&use=l&cat=p&typeid=i","cat":284449},{"id":180335,"n":"Chocolat noir Poulain extra-fin à cuisiner - 2x180g","p":3.91,"u":"10,86 €/KG","img":"https://fd6-photos.leclercdrive.fr/image.ashx?id=2986672&use=l&cat=p&typeid=i","cat":284956},{"id":180336,"n":"Répulsif Corporel Spray Autan Anti Tiques - 100 ml","p":7.75,"u":"77,50 €/L","img":"https://fd6-photos.leclercdrive.fr/image.ashx?id=2791587&use=l&cat=p&typeid=i","cat":298368},{"id":180340,"n":"Lait bébé 1A GUIGOZ OPTIPRO  0-6 mois - 2x600g","p":20.67,"u":"17,23 €/KG","img":"https://fd6-photos.leclercdrive.fr/image.ashx?id=2846147&use=l&cat=p&typeid=i","cat":284726},{"id":180342,"n":"Muesli avoine amande chocolat  bio Terres et Céréales - 500g","p":4.54,"u":"9,08 €/KG","img":"https://fd6-photos.leclercdrive.fr/image.ashx?id=2471877&use=l&cat=p&typeid=i","cat":309512},{"id":180344,"n":"Fromage enfant Mini Babybel 6 portions goûter - 132g","p":2.29,"u":"17,35 €/KG","img":"https://fd6-photos.leclercdrive.fr/image.ashx?id=2970822&use=l&cat=p&typeid=i","cat":314030},{"id":180345,"n":"Fromage enfant Mini Babybel 12 portions goûter - 264g","p":4.32,"u":"16,36 €/KG","img":"https://fd6-photos.leclercdrive.fr/image.ashx?id=2970825&use=l&cat=p&typeid=i","cat":314030},{"id":180347,"n":"Chips Pom'lisse nature sans sel - 125g","p":1.19,"u":"9,52 €/KG","img":"https://fd6-photos.leclercdrive.fr/image.ashx?id=2919661&use=l&cat=p&typeid=i","cat":284447},{"id":180348,"n":"Rondelles de cornichons Rustica aigres doux - 185g","p":1.6,"u":"8,65 €/KG","img":"https://fd6-photos.leclercdrive.fr/image.ashx?id=2916725&use=l&cat=p&typeid=i","cat":284458},{"id":180350,"n":"Vinaigre d'alcool Bio Village  blanc 8% Bio - 1L","p":1.05,"u":"1,05 €/L","img":"https://fd6-photos.leclercdrive.fr/image.ashx?id=2869528&use=l&cat=p&typeid=i","cat":325365},{"id":180351,"n":"Friandises chat Sheba Creamy snacks poulet - 4x12g","p":2.93,"u":"61,04 €/KG","img":"https://fd6-photos.leclercdrive.fr/image.ashx?id=2331147&use=l&cat=p&typeid=i","cat":285285},{"id":180352,"n":"Friandises chat Sheba Creamy snacks saumon - 4x12g","p":2.23,"u":"46,46 €/KG","img":"https://fd6-photos.leclercdrive.fr/image.ashx?id=2331150&use=l&cat=p&typeid=i","cat":285285},{"id":180366,"n":"Pâte à tartiner NRT Noisettes - 400g","p":4.67,"u":"11,68 €/KG","img":"https://fd6-photos.leclercdrive.fr/image.ashx?id=2791123&use=l&cat=p&typeid=i","cat":284481},{"id":180378,"n":"Chocolat au lait Bio Village  Noisettes Bio - 200g","p":3.55,"u":"17,75 €/KG","img":"https://fd6-photos.leclercdrive.fr/image.ashx?id=2649677&use=l&cat=p&typeid=i","cat":284497},{"id":180397,"n":"Barres Chocolatées KINDER BUENO  Chocolat au Lait x3 - 129g","p":2.23,"u":"17,29 €/KG","img":"https://fd6-photos.leclercdrive.fr/image.ashx?id=2762295&use=l&cat=p&typeid=i","cat":284498},{"id":180401,"n":"Mayonnaise Bénédicta Nature - 255g","p":1.81,"u":"7,10 €/KG","img":"https://fd6-photos.leclercdrive.fr/image.ashx?id=2658734&use=l&cat=p&typeid=i","cat":298295},{"id":180405,"n":"Thon au Naturel Petit Navire 2x112g","p":4.1,"u":"18,30 €/KG","img":"https://fd6-photos.leclercdrive.fr/image.ashx?id=2944618&use=l&cat=p&typeid=i","cat":303867},{"id":180418,"n":"Pois chiches Sultanines 530g","p":1.55,"u":"2,92 €/KG","img":"https://fd6-photos.leclercdrive.fr/image.ashx?id=2331363&use=l&cat=p&typeid=i","cat":312609},{"id":180424,"n":"Capsules Café Carte Noire  Arabica Intense n°9 x60 - 330g","p":16.56,"u":"50,18 €/KG","img":"https://fd6-photos.leclercdrive.fr/image.ashx?id=2750648&use=l&cat=p&typeid=i","cat":284749},{"id":180425,"n":"Capsules Café Carte Noire  Arabica Lungo n°6 x60 - 336g","p":16.28,"u":"48,45 €/KG","img":"https://fd6-photos.leclercdrive.fr/image.ashx?id=2750654&use=l&cat=p&typeid=i","cat":284749},{"id":180432,"n":"Thé noir Twinings vanille x20 - 32g","p":2.61,"u":"81,56 €/KG","img":"https://fd6-photos.leclercdrive.fr/image.ashx?id=2893057&use=l&cat=p&typeid=i","cat":293233},{"id":180433,"n":"Sérum Physiologique  Mercurochrome 30x5ml","p":3.79,"u":"25,27 €/L","img":"https://fd6-photos.leclercdrive.fr/image.ashx?id=2731474&use=l&cat=p&typeid=i","cat":284741},{"id":180443,"n":"Isey Skyr Noix de coco - 400g","p":3.14,"u":"7,85 €/KG","img":"https://fd6-photos.leclercdrive.fr/image.ashx?id=2598615&use=l&cat=p&typeid=i","cat":315000},{"id":180453,"n":"Thé glacé Fuze Tea  Pêche Intense - 6x33cl","p":3.78,"u":"1,91 €/L","img":"https://fd6-photos.leclercdrive.fr/image.ashx?id=2940405&use=l&cat=p&typeid=i","cat":295019},{"id":180458,"n":"Amandes en poudre Vahiné 125g","p":2.97,"u":"23,76 €/KG","img":"https://fd6-photos.leclercdrive.fr/image.ashx?id=2785934&use=l&cat=p&typeid=i","cat":284504},{"id":180464,"n":"Caramels tendres Werthers 165g","p":2.43,"u":"14,73 €/KG","img":"https://fd6-photos.leclercdrive.fr/image.ashx?id=2660164&use=l&cat=p&typeid=i","cat":304252},{"id":180466,"n":"Crème glacée Erhard Vanille - 450g","p":4.89,"pp":3.42,"u":"7,60 €/KG","img":"https://fd6-photos.leclercdrive.fr/image.ashx?id=2332420&use=l&cat=p&typeid=i","cat":284263},{"id":180498,"n":"Chips ancienne nature Lay's Sel - 155g","p":1.3,"u":"8,39 €/KG","img":"https://fd6-photos.leclercdrive.fr/image.ashx?id=2996596&use=l&cat=p&typeid=i","cat":284447},{"id":180499,"n":"Muesli bio Chocolat Happy Bio  375g","p":3.28,"u":"8,75 €/KG","img":"https://fd6-photos.leclercdrive.fr/image.ashx?id=2971008&use=l&cat=p&typeid=i","cat":309512},{"id":180512,"n":"IGP Cevennes blanc Bio Solar 6 Sauvignon 12.5% 75cl","p":8.18,"u":"10,91 €/L","img":"https://fd6-photos.leclercdrive.fr/image.ashx?id=2956448&use=l&cat=p&typeid=i","cat":289557},{"id":180543,"n":"Blocs WC Ball Activ'Effect Floral - x1","p":2.36,"img":"https://fd6-photos.leclercdrive.fr/image.ashx?id=2683574&use=l&cat=p&typeid=i","cat":284662},{"id":180545,"n":"Serviettes hygiéniques Nana Ultra - Régulier+ - x14","p":2.04,"u":"0,15 €/P","img":"https://fd6-photos.leclercdrive.fr/image.ashx?id=3011881&use=l&cat=p&typeid=i","cat":284624},{"id":180546,"n":"Serviettes Ultra Régulier+ Nana Deo Ailettes Flux modéré - x14","p":2.15,"u":"0,15 €/P","img":"https://fd6-photos.leclercdrive.fr/image.ashx?id=2767225&use=l&cat=p&typeid=i","cat":284624},{"id":180547,"n":"Serviettes hygiéniques Nana Ultra - Régulier- x16","p":2.05,"u":"0,13 €/P","img":"https://fd6-photos.leclercdrive.fr/image.ashx?id=3000860&use=l&cat=p&typeid=i","cat":284624},{"id":180549,"n":"Serviettes Ultra Régulier Nana Deo Ailettes Flux modéré - x28","p":3.64,"u":"0,13 €/P","img":"https://fd6-photos.leclercdrive.fr/image.ashx?id=3005299&use=l&cat=p&typeid=i","cat":284624},{"id":180550,"n":"Serviettes hygiéniques Nana Ultra - Spécial Nuit - x10","p":1.9,"u":"0,19 €/P","img":"https://fd6-photos.leclercdrive.fr/image.ashx?id=2944990&use=l&cat=p&typeid=i","cat":284624},{"id":180552,"n":"Soda à l'orange Orangina 6x25cl verre","p":5.34,"u":"3,56 €/L","img":"https://fd6-photos.leclercdrive.fr/image.ashx?id=2476431&use=l&cat=p&typeid=i","cat":284532},{"id":180554,"n":"Sirop de cassis Bio Village Bio - 50cl","p":2.98,"u":"5,96 €/L","img":"https://fd6-photos.leclercdrive.fr/image.ashx?id=2873201&use=l&cat=p&typeid=i","cat":295020},{"id":180556,"n":"Sirop de Citron Bio Village Bio - 50cl","p":2.29,"u":"4,58 €/L","img":"https://fd6-photos.leclercdrive.fr/image.ashx?id=2873192&use=l&cat=p&typeid=i","cat":295020},{"id":180558,"n":"Caffè latte Starbucks 220ml","p":2.0,"u":"9,09 €/L","img":"https://fd6-photos.leclercdrive.fr/image.ashx?id=2679353&use=l&cat=p&typeid=i","cat":295246},{"id":180628,"n":"Beurre Bio Le Campagnou  Demi-sel - 500g","p":6.04,"u":"12,08 €/KG","img":"https://fd6-photos.leclercdrive.fr/image.ashx?id=2338417&use=l&cat=p&typeid=i","cat":284379},{"id":180797,"n":"Mouchoirs UltraSoft Kleenex® Boîte x64","p":1.62,"img":"https://fd6-photos.leclercdrive.fr/image.ashx?id=2853350&use=l&cat=p&typeid=i","cat":284638},{"id":180800,"n":"Lait Corps Le Petit Marseillais  Bio miel argan - 250ml","p":5.22,"u":"20,88 €/L","img":"https://fd6-photos.leclercdrive.fr/image.ashx?id=2904856&use=l&cat=p&typeid=i","cat":325349},{"id":180871,"n":"AOP Bourgogne Aligoté BIB 2.25L","p":18.49,"u":"8,22 €/L","img":"https://fd6-photos.leclercdrive.fr/image.ashx?id=2671426&use=l&cat=p&typeid=i","cat":289557},{"id":180872,"n":"Miettes de thon huile d'olive 2x160g","p":6.05,"u":"18,91 €/KG","img":"https://fd6-photos.leclercdrive.fr/image.ashx?id=2340509&use=l&cat=p&typeid=i","cat":303867},{"id":181160,"n":"10 feutres effacables Esquisse Pointes moyennes","p":2.8,"img":"https://fd6-photos.leclercdrive.fr/image.ashx?id=2349418&use=l&cat=p&typeid=i","cat":334133},{"id":181162,"n":"10 stylos à bille Esquisse Pointes moyennes","p":1.75,"img":"https://fd6-photos.leclercdrive.fr/image.ashx?id=2349415&use=l&cat=p&typeid=i","cat":334133},{"id":181192,"n":"Pav protege cahi Esquisse Polypropylène-17x22cm-bleu","p":0.65,"img":"https://fd6-photos.leclercdrive.fr/image.ashx?id=2378744&use=l&cat=p&typeid=i","cat":284697},{"id":181409,"n":"Cahier 21x29,7cm 96p GC PP Esq Polypropylène-Grands carr-rouge","p":0.75,"img":"https://fd6-photos.leclercdrive.fr/image.ashx?id=2544735&use=l&cat=p&typeid=i","cat":284697},{"id":181410,"n":"Cahier 21x29,7cm 96p GC PP Esq Polypropylène-Grands carr-vert","p":0.75,"img":"https://fd6-photos.leclercdrive.fr/image.ashx?id=2544738&use=l&cat=p&typeid=i","cat":284697},{"id":181411,"n":"Cahier 21x29,7cm 96p GC PP Esq Polypropylène-Grands carr-jaune","p":0.75,"img":"https://fd6-photos.leclercdrive.fr/image.ashx?id=2544741&use=l&cat=p&typeid=i","cat":284697},{"id":181425,"n":"Cahier de textes Esquisse Hero - 148 pages - 17x22cm","p":1.69,"img":"https://fd6-photos.leclercdrive.fr/image.ashx?id=2553965&use=l&cat=p&typeid=i","cat":334133},{"id":181436,"n":"Trieur Esquisse A4 Rouge - 12 positions - x1","p":3.89,"img":"https://fd6-photos.leclercdrive.fr/image.ashx?id=2943310&use=l&cat=p&typeid=i","cat":284745},{"id":181437,"n":"Protège-documents Esquisse Gris - 160 vues","p":3.99,"img":"https://fd6-photos.leclercdrive.fr/image.ashx?id=2943313&use=l&cat=p&typeid=i","cat":284745},{"id":181438,"n":"Protège-documents Esquisse Rouge - 160 vues","p":3.99,"img":"https://fd6-photos.leclercdrive.fr/image.ashx?id=2943316&use=l&cat=p&typeid=i","cat":284745},{"id":181506,"n":"Cahier spirale Clairefontaine azur 22x29 5x5 160p pastel","p":3.97,"img":"https://fd6-photos.leclercdrive.fr/image.ashx?id=2357176&use=l&cat=p&typeid=i","cat":284697},{"id":181511,"n":"Cahier spirale Clairefontaine  bleu nuit 22x29 5x5 160p vive","p":3.1,"img":"https://fd6-photos.leclercdrive.fr/image.ashx?id=2357188&use=l&cat=p&typeid=i","cat":284697},{"id":181512,"n":"Cahier spirale Clairefontaine  corail 22x29 5x5 160p vive","p":3.1,"img":"https://fd6-photos.leclercdrive.fr/image.ashx?id=2357191&use=l&cat=p&typeid=i","cat":284697},{"id":181682,"n":"Roller Frixion clicker fin  Pilot + 3 Recharges","p":4.99,"img":"https://fd6-photos.leclercdrive.fr/image.ashx?id=2578028&use=l&cat=p&typeid=i","cat":284696},{"id":181742,"n":"Lait Corps Le Petit Marseillais  Bio fleur d'oranger - 250ml","p":5.08,"u":"20,32 €/L","img":"https://fd6-photos.leclercdrive.fr/image.ashx?id=2341591&use=l&cat=p&typeid=i","cat":null},{"id":181752,"n":"Complément alimentaire Draineur Queues de Cerise - Gelules 17g","p":5.56,"u":"327,06 €/KG","img":"https://fd6-photos.leclercdrive.fr/image.ashx?id=2342343&use=l&cat=p&typeid=i","cat":284632},{"id":181755,"n":"Complément alimentaire  Confort Urinaire  Pépins courge","p":5.71,"u":"150,26 €/KG","img":"https://fd6-photos.leclercdrive.fr/image.ashx?id=2341489&use=l&cat=p&typeid=i","cat":313217},{"id":181756,"n":"Complément alimentaire  Jambes Légères - Vigne Cassis","p":5.56,"u":"0,19 €/P","img":"https://fd6-photos.leclercdrive.fr/image.ashx?id=2341501&use=l&cat=p&typeid=i","cat":284632},{"id":181760,"n":"Shampoing Le Petit Marseillais  Bio citron & aloe vera-250 ml","p":4.34,"u":"18,08 €/L","img":"https://fd6-photos.leclercdrive.fr/image.ashx?id=2685168&use=l&cat=p&typeid=i","cat":284606},{"id":181962,"n":"Lave glace été Eco+ 5 L","p":1.97,"u":"0,39 €/L","img":"https://fd6-photos.leclercdrive.fr/image.ashx?id=2499519&use=l&cat=p&typeid=i","cat":298252},{"id":182013,"n":"Café Moulu  Espresso - Méo - 1kg","p":15.25,"u":"15,25 €/KG","img":"https://fd6-photos.leclercdrive.fr/image.ashx?id=2571293&use=l&cat=p&typeid=i","cat":284750},{"id":182041,"n":"Biscuit Délichoc Chocolat au lait - 3x150g","p":4.33,"u":"9,62 €/KG","img":"https://fd6-photos.leclercdrive.fr/image.ashx?id=2673589&use=l&cat=p&typeid=i","cat":284488},{"id":182071,"n":"Croquettes chien Ultima Mini Adulte poulet - 1.35kg","p":5.56,"u":"4,12 €/KG","img":"https://fd6-photos.leclercdrive.fr/image.ashx?id=2926645&use=l&cat=p&typeid=i","cat":294526},{"id":182107,"n":"DOC Prosecco Perlino vin Pétillant rosé - 75cl","p":6.3,"u":"8,40 €/L","img":"https://fd6-photos.leclercdrive.fr/image.ashx?id=2612784&use=l&cat=p&typeid=i","cat":289461},{"id":182157,"n":"Dentifrice enfants Bionaia Bio - 50ml","p":1.15,"u":"23,00 €/L","img":"https://fd6-photos.leclercdrive.fr/image.ashx?id=2498837&use=l&cat=p&typeid=i","cat":288898},{"id":182158,"n":"Galettes Normandes NRT Caramel - 100g","p":1.69,"u":"16,90 €/KG","img":"https://fd6-photos.leclercdrive.fr/image.ashx?id=2704915&use=l&cat=p&typeid=i","cat":284487},{"id":182159,"n":"Recharge gel lavant Bionaia Bio - abricot - 250ml","p":0.9,"u":"3,60 €/L","img":"https://fd6-photos.leclercdrive.fr/image.ashx?id=2935543&use=l&cat=p&typeid=i","cat":284597},{"id":182179,"n":"Boisson aux fruits Oasis Tropical - 1,5L","p":2.04,"u":"1,36 €/L","img":"https://fd6-photos.leclercdrive.fr/image.ashx?id=2666698&use=l&cat=p&typeid=i","cat":295018},{"id":182195,"n":"AOP Côtes du Rhone Blanc Cellier des Dauphins - 75cl","p":4.51,"u":"6,01 €/L","img":"https://fd6-photos.leclercdrive.fr/image.ashx?id=2831834&use=l&cat=p&typeid=i","cat":289557},{"id":182212,"n":"Semoule moyenne panzani 500g","p":1.34,"u":"2,68 €/KG","img":"https://fd6-photos.leclercdrive.fr/image.ashx?id=2745562&use=l&cat=p&typeid=i","cat":284429},{"id":182213,"n":"Pâtes spaghetti lustucru longues 250g","p":0.94,"u":"3,76 €/KG","img":"https://fd6-photos.leclercdrive.fr/image.ashx?id=2605719&use=l&cat=p&typeid=i","cat":284427},{"id":182218,"n":"Chips paysanne nature Lay's Sel - 155g","p":1.23,"u":"7,94 €/KG","img":"https://fd6-photos.leclercdrive.fr/image.ashx?id=2818602&use=l&cat=p&typeid=i","cat":284447},{"id":182241,"n":"Vin de Tunisie Beni M'Tir Sidi Brahim - Rouge 12% vol - 75cl","p":3.48,"u":"4,64 €/L","img":"https://fd6-photos.leclercdrive.fr/image.ashx?id=2344543&use=l&cat=p&typeid=i","cat":289556},{"id":182259,"n":"Chips ancienne nature Lay's Sel format familial - 295g","p":2.33,"u":"7,90 €/KG","img":"https://fd6-photos.leclercdrive.fr/image.ashx?id=2999243&use=l&cat=p&typeid=i","cat":284447},{"id":182260,"n":"Chips paysanne nature Lay's Sel format familial - 295g","p":2.26,"u":"7,66 €/KG","img":"https://fd6-photos.leclercdrive.fr/image.ashx?id=2848716&use=l&cat=p&typeid=i","cat":284447},{"id":182261,"n":"Lay's  Nature - 6x28g","p":1.89,"u":"11,25 €/KG","img":"https://fd6-photos.leclercdrive.fr/image.ashx?id=2996605&use=l&cat=p&typeid=i","cat":284447},{"id":182266,"n":"Shampooing sec Batiste Original - 200ml","p":3.4,"u":"17,00 €/L","img":"https://fd6-photos.leclercdrive.fr/image.ashx?id=2344046&use=l&cat=p&typeid=i","cat":289143},{"id":182267,"n":"Shampooing sec Batiste Blush - 200ml","p":3.4,"u":"17,00 €/L","img":"https://fd6-photos.leclercdrive.fr/image.ashx?id=2630454&use=l&cat=p&typeid=i","cat":289143},{"id":182322,"n":"Chips paysanne nature Lay's Sel - 6x28g","p":2.08,"u":"12,38 €/KG","img":"https://fd6-photos.leclercdrive.fr/image.ashx?id=2818611&use=l&cat=p&typeid=i","cat":284447},{"id":182340,"n":"Lait en poudre Guigoz Optipro 2ème âge - 6-12 mois - 830g","p":15.33,"u":"18,47 €/KG","img":"https://fd6-photos.leclercdrive.fr/image.ashx?id=2737747&use=l&cat=p&typeid=i","cat":284727},{"id":182342,"n":"Lait bébé en poudre Guigoz Gest 2ème âge - 6-12 mois - 830g","p":17.55,"u":"21,14 €/KG","img":"https://fd6-photos.leclercdrive.fr/image.ashx?id=2469478&use=l&cat=p&typeid=i","cat":284727},{"id":182373,"n":"Skyr Siggi's  Mangue Passion - 2x140g","p":2.19,"u":"7,82 €/KG","img":"https://fd6-photos.leclercdrive.fr/image.ashx?id=2792027&use=l&cat=p&typeid=i","cat":315000},{"id":182392,"n":"Soda Coca-Cola sans sucres Sans caféine - 6x33cl","p":3.72,"u":"1,88 €/L","img":"https://fd6-photos.leclercdrive.fr/image.ashx?id=2997232&use=l&cat=p&typeid=i","cat":284530},{"id":182460,"n":"Pâtes de semoule Rigatoni N°24 - 500g","p":1.7,"u":"3,40 €/KG","img":"https://fd6-photos.leclercdrive.fr/image.ashx?id=2348186&use=l&cat=p&typeid=i","cat":284427},{"id":182465,"n":"Bière sans alcool Tourtel Twist Ananas 0,0° - 6x27,5cl","p":4.75,"u":"2,88 €/L","img":"https://fd6-photos.leclercdrive.fr/image.ashx?id=2684925&use=l&cat=p&typeid=i","cat":334877},{"id":182479,"n":"Huile d'Olive Tramier Vierge  Extra Sans Pesticides 75cl","p":8.79,"u":"11,72 €/L","img":"https://fd6-photos.leclercdrive.fr/image.ashx?id=2647188&use=l&cat=p&typeid=i","cat":284453},{"id":182480,"n":"Lait bébé en poudre Guigoz Gest 1er âge - 0-6 mois - 830g","p":18.43,"u":"22,20 €/KG","img":"https://fd6-photos.leclercdrive.fr/image.ashx?id=2895047&use=l&cat=p&typeid=i","cat":284726},{"id":182481,"n":"Lait bébé Guigoz Pelargon  Poudre- 1er âge- 0-6 mois -780g","p":18.08,"u":"23,18 €/KG","img":"https://fd6-photos.leclercdrive.fr/image.ashx?id=2961308&use=l&cat=p&typeid=i","cat":284726},{"id":182490,"n":"Lait bébé Guigoz Pelargon Poudre- 2e âge- 6-12 mois -780g","p":17.54,"u":"22,49 €/KG","img":"https://fd6-photos.leclercdrive.fr/image.ashx?id=2347386&use=l&cat=p&typeid=i","cat":284727},{"id":182542,"n":"Céréales Oreo 350g","p":3.8,"u":"10,86 €/KG","img":"https://fd6-photos.leclercdrive.fr/image.ashx?id=2764583&use=l&cat=p&typeid=i","cat":309513},{"id":182662,"n":"Boisson Bundaberg Blood Orange 37,5cl","p":1.89,"u":"5,04 €/L","img":"https://fd6-photos.leclercdrive.fr/image.ashx?id=2348625&use=l&cat=p&typeid=i","cat":284532},{"id":182692,"n":"Nappage Caramel Vahiné 200g","p":1.77,"u":"8,85 €/KG","img":"https://fd6-photos.leclercdrive.fr/image.ashx?id=2833336&use=l&cat=p&typeid=i","cat":284504},{"id":182787,"n":"AOP Muscat de Frontignan Sans sulfites -75cl","p":10.82,"u":"14,43 €/L","img":"https://fd6-photos.leclercdrive.fr/image.ashx?id=2348902&use=l&cat=p&typeid=i","cat":284913},{"id":182790,"n":"Bière blonde Leffe sans alcool 0,0% - 12x25cl","p":9.43,"u":"3,14 €/L","img":"https://fd6-photos.leclercdrive.fr/image.ashx?id=2548306&use=l&cat=p&typeid=i","cat":334877},{"id":182791,"n":"Croquettes chiens adultes Poulet - 7kg","p":24.48,"u":"3,50 €/KG","img":"https://fd6-photos.leclercdrive.fr/image.ashx?id=2894968&use=l&cat=p&typeid=i","cat":294526},{"id":182792,"n":"Croquettes Ultima Junior Petit chien - 1.35kg","p":5.23,"u":"3,87 €/KG","img":"https://fd6-photos.leclercdrive.fr/image.ashx?id=2928903&use=l&cat=p&typeid=i","cat":294526},{"id":182799,"n":"Cumin Moulu Ducros 40g","p":2.76,"u":"69,00 €/KG","img":"https://fd6-photos.leclercdrive.fr/image.ashx?id=2983222&use=l&cat=p&typeid=i","cat":298297},{"id":182808,"n":"Croquettes chiens Ultima Mini Senior Agevital - 1.35kg","p":5.55,"u":"4,11 €/KG","img":"https://fd6-photos.leclercdrive.fr/image.ashx?id=2921918&use=l&cat=p&typeid=i","cat":294526},{"id":182814,"n":"Prosecco Perlino Bio Extra Dry - 75cl","p":7.19,"u":"9,59 €/L","img":"https://fd6-photos.leclercdrive.fr/image.ashx?id=2612781&use=l&cat=p&typeid=i","cat":289461},{"id":182820,"n":"Céréales Weetabix original  430g","p":3.0,"u":"6,98 €/KG","img":"https://fd6-photos.leclercdrive.fr/image.ashx?id=2853347&use=l&cat=p&typeid=i","cat":309512},{"id":182833,"n":"Biscuits sablés Guet Apens LU Chocolat noisette - 105g","p":2.0,"u":"19,05 €/KG","img":"https://fd6-photos.leclercdrive.fr/image.ashx?id=3002219&use=l&cat=p&typeid=i","cat":284487},{"id":182856,"n":"Saucisse de Strasbourg Tradilège x6 - 210g","p":1.4,"u":"6,67 €/KG","img":"https://fd6-photos.leclercdrive.fr/image.ashx?id=2349379&use=l&cat=p&typeid=i","cat":316012},{"id":182859,"n":"Muesli protéines chocolat bio  Terres et Céréales -500g","p":4.9,"u":"9,80 €/KG","img":"https://fd6-photos.leclercdrive.fr/image.ashx?id=2349448&use=l&cat=p&typeid=i","cat":309512},{"id":182887,"n":"Fromage à tartiner Boursin Ail & fines herbes - 150g","p":2.29,"u":"15,27 €/KG","img":"https://fd6-photos.leclercdrive.fr/image.ashx?id=2964449&use=l&cat=p&typeid=i","cat":314029},{"id":182888,"n":"Lait bébé poudre Guigoz Optipro 1er âge - 0-6mois - 830g","p":15.15,"u":"18,25 €/KG","img":"https://fd6-photos.leclercdrive.fr/image.ashx?id=2806423&use=l&cat=p&typeid=i","cat":284726},{"id":182910,"n":"Curry thai bio Céréal Bio  Lentilles repas express - 240g","p":2.5,"u":"10,42 €/KG","img":"https://fd6-photos.leclercdrive.fr/image.ashx?id=2664079&use=l&cat=p&typeid=i","cat":287600},{"id":182912,"n":"Yakisoba Céréal Bio   Bio légumes repas express 240g","p":2.89,"u":"12,04 €/KG","img":"https://fd6-photos.leclercdrive.fr/image.ashx?id=2665628&use=l&cat=p&typeid=i","cat":287600},{"id":182920,"n":"Pâtes Al Bronzo Barilla Spaghettoni - 400g","p":2.0,"u":"5,00 €/KG","img":"https://fd6-photos.leclercdrive.fr/image.ashx?id=2414466&use=l&cat=p&typeid=i","cat":284427},{"id":182928,"n":"Papier cuisson Alfapac 15 feuilles","p":2.02,"img":"https://fd6-photos.leclercdrive.fr/image.ashx?id=2887740&use=l&cat=p&typeid=i","cat":334134},{"id":182938,"n":"Sauce crudités Caesar Amora 380ml","p":2.9,"u":"7,63 €/L","img":"https://fd6-photos.leclercdrive.fr/image.ashx?id=2655223&use=l&cat=p&typeid=i","cat":284456},{"id":182939,"n":"Chips Tuiles Pringles Barbecue - 175g","p":2.23,"u":"12,74 €/KG","img":"https://fd6-photos.leclercdrive.fr/image.ashx?id=2662502&use=l&cat=p&typeid=i","cat":287899},{"id":182940,"n":"Café Soluble Carte Noire  Sticks Maxi Format - x80 - 55g","p":8.36,"u":"58,06 €/KG","img":"https://fd6-photos.leclercdrive.fr/image.ashx?id=2866100&use=l&cat=p&typeid=i","cat":284843},{"id":183049,"n":"Masque Tissu Skinactive Garnier Booster d'éclat Vitamine C","p":2.26,"img":"https://fd6-photos.leclercdrive.fr/image.ashx?id=2849100&use=l&cat=p&typeid=i","cat":325346},{"id":183104,"n":"Nutella Biscuit pâte à tartiner Cacao Noisettes - 207g","p":2.49,"u":"12,03 €/KG","img":"https://fd6-photos.leclercdrive.fr/image.ashx?id=2834035&use=l&cat=p&typeid=i","cat":284488},{"id":183105,"n":"Eau gazeuse San Pellegrino Essenza citron - 6x33cL","p":3.62,"u":"1,83 €/L","img":"https://fd6-photos.leclercdrive.fr/image.ashx?id=2864203&use=l&cat=p&typeid=i","cat":284536},{"id":183106,"n":"Eau gazeuse San Pellegrino Essenza sanguine - 6x33cl","p":3.55,"u":"1,79 €/L","img":"https://fd6-photos.leclercdrive.fr/image.ashx?id=2852010&use=l&cat=p&typeid=i","cat":284536},{"id":183107,"n":"Eau gazeuse San Pellegrino Essenza Pêche melon - 6x33cl","p":3.46,"u":"1,75 €/L","img":"https://fd6-photos.leclercdrive.fr/image.ashx?id=2997292&use=l&cat=p&typeid=i","cat":284536},{"id":183117,"n":"Boisson Citronnade Pulco Saveur Citron et Framboise - 1L","p":1.96,"u":"1,96 €/L","img":"https://fd6-photos.leclercdrive.fr/image.ashx?id=2942266&use=l&cat=p&typeid=i","cat":295018},{"id":183128,"n":"Epinards hachés à la crème  Findus légume - 500g","p":2.33,"u":"4,66 €/KG","img":"https://fd6-photos.leclercdrive.fr/image.ashx?id=3008767&use=l&cat=p&typeid=i","cat":319805},{"id":183129,"n":"Epinards Légumes Findus branches à la crème - 480g","p":2.79,"u":"5,81 €/KG","img":"https://fd6-photos.leclercdrive.fr/image.ashx?id=2937349&use=l&cat=p&typeid=i","cat":319805},{"id":183130,"n":"Epinards hachés Findus À la crème fraîche - 900g","p":3.36,"u":"3,73 €/KG","img":"https://fd6-photos.leclercdrive.fr/image.ashx?id=2904245&use=l&cat=p&typeid=i","cat":319805},{"id":183175,"n":"Isey Skyr Framboise Myrtille - 400g","p":2.94,"u":"7,35 €/KG","img":"https://fd6-photos.leclercdrive.fr/image.ashx?id=2598612&use=l&cat=p&typeid=i","cat":315000},{"id":183214,"n":"Bière Blonde Duvel 6x25cl","p":9.48,"u":"6,32 €/L","img":"https://fd6-photos.leclercdrive.fr/image.ashx?id=2675592&use=l&cat=p&typeid=i","cat":334872},{"id":183250,"n":"Sorbet Plein Fruit Erhard Citron Vert - 488g","p":4.89,"pp":3.42,"u":"7,01 €/KG","img":"https://fd6-photos.leclercdrive.fr/image.ashx?id=2359498&use=l&cat=p&typeid=i","cat":284263},{"id":183259,"n":"Crème Corps Avocat Superfood Peaux sèches - 380ml","p":5.89,"u":"15,50 €/L","img":"https://fd6-photos.leclercdrive.fr/image.ashx?id=2867551&use=l&cat=p&typeid=i","cat":325350},{"id":183260,"n":"Crème corps hydratant Superfood Peaux très sèches - 380ml","p":5.62,"u":"14,79 €/L","img":"https://fd6-photos.leclercdrive.fr/image.ashx?id=2360812&use=l&cat=p&typeid=i","cat":325350},{"id":183262,"n":"Sérum Éclat Vitamine C Garnier Anti-taches - 30ml","p":8.74,"u":"291,33 €/L","img":"https://fd6-photos.leclercdrive.fr/image.ashx?id=2908180&use=l&cat=p&typeid=i","cat":325345},{"id":183357,"n":"Cœurs de Palmiers Rochefontaine - 220g","p":3.43,"u":"15,59 €/KG","img":"https://fd6-photos.leclercdrive.fr/image.ashx?id=2650513&use=l&cat=p&typeid=i","cat":312611},{"id":183386,"n":"Lotus Biscoff Glace Bâtonnets Chocolat blanc 284g (4x90ml)","p":4.15,"u":"14,61 €/KG","img":"https://fd6-photos.leclercdrive.fr/image.ashx?id=2682334&use=l&cat=p&typeid=i","cat":284265},{"id":183391,"n":"Fraisoo' bool 200g","p":1.77,"u":"8,85 €/KG","img":"https://fd6-photos.leclercdrive.fr/image.ashx?id=2454172&use=l&cat=p&typeid=i","cat":304250},{"id":183395,"n":"Huile d'olive Puget 75cl","p":8.95,"u":"11,93 €/L","img":"https://fd6-photos.leclercdrive.fr/image.ashx?id=2460925&use=l&cat=p&typeid=i","cat":284453},{"id":183414,"n":"Croquettes Ultima Light Petit chien - 1,35kg","p":5.56,"u":"4,12 €/KG","img":"https://fd6-photos.leclercdrive.fr/image.ashx?id=2921912&use=l&cat=p&typeid=i","cat":294526},{"id":183520,"n":"Déodorant Spray Rexona Anti- Transpirant 72H Invisible 200ml","p":2.94,"u":"14,70 €/L","img":"https://fd6-photos.leclercdrive.fr/image.ashx?id=2850306&use=l&cat=p&typeid=i","cat":284595},{"id":183523,"n":"Rexona Déodorant Femme Spray   72H Musc 200ml","p":2.71,"u":"13,55 €/L","img":"https://fd6-photos.leclercdrive.fr/image.ashx?id=2850312&use=l&cat=p&typeid=i","cat":284595},{"id":183526,"n":"Rexona Déodorant Femme Spray Anti-Transpirant 72H","p":2.64,"u":"13,20 €/L","img":"https://fd6-photos.leclercdrive.fr/image.ashx?id=2850309&use=l&cat=p&typeid=i","cat":284595},{"id":183840,"n":"Curcuma moulu Ducros 45g","p":2.37,"u":"52,67 €/KG","img":"https://fd6-photos.leclercdrive.fr/image.ashx?id=2486644&use=l&cat=p&typeid=i","cat":298297},{"id":183848,"n":"Dissolvant Maybelline New York Express sans acétone - 125ml","p":2.95,"u":"23,60 €/L","img":"https://fd6-photos.leclercdrive.fr/image.ashx?id=2358123&use=l&cat=p&typeid=i","cat":325347},{"id":183849,"n":"Déodorant L'Arbre Vert Argan   Hamamélis - 50ml","p":3.26,"u":"65,20 €/L","img":"https://fd6-photos.leclercdrive.fr/image.ashx?id=2862491&use=l&cat=p&typeid=i","cat":284595},{"id":183854,"n":"Déodorant Rexona Men anti transpirant Cobalt Dry - 200ml","p":2.64,"u":"13,20 €/L","img":"https://fd6-photos.leclercdrive.fr/image.ashx?id=2858711&use=l&cat=p&typeid=i","cat":284618},{"id":183856,"n":"Yaourt Gourmand Mamie Nova Mandarine Citron x2 - 300g","p":1.45,"u":"4,83 €/KG","img":"https://fd6-photos.leclercdrive.fr/image.ashx?id=2879053&use=l&cat=p&typeid=i","cat":284410},{"id":183857,"n":"Gel Douche Le Petit Marseillais  Lait d'amande douce - 650ml","p":3.22,"u":"4,95 €/L","img":"https://fd6-photos.leclercdrive.fr/image.ashx?id=2684197&use=l&cat=p&typeid=i","cat":284594},{"id":183862,"n":"Bloc WC Bref Brilliant Gel Toilettes propres - 42g x1","p":2.27,"u":"54,05 €/KG","img":"https://fd6-photos.leclercdrive.fr/image.ashx?id=2976782&use=l&cat=p&typeid=i","cat":284662},{"id":183864,"n":"Lessive tablettes Le Chat  L'Expert Power Bars x24 - 708g","p":9.72,"u":"13,73 €/KG","img":"https://fd6-photos.leclercdrive.fr/image.ashx?id=2376716&use=l&cat=p&typeid=i","cat":284641},{"id":183866,"n":"Dentifrice blancheur Colgate Max white one - 75ml","p":1.95,"u":"26,00 €/L","img":"https://fd6-photos.leclercdrive.fr/image.ashx?id=2767255&use=l&cat=p&typeid=i","cat":284612},{"id":183873,"n":"Détachant poudre Vanish  Stop Odeurs - 470g","p":5.73,"u":"12,19 €/KG","img":"https://fd6-photos.leclercdrive.fr/image.ashx?id=2679936&use=l&cat=p&typeid=i","cat":284651},{"id":183877,"n":"Désodorisant diffuseur Airwick  Electrique Vanille - 19ml","p":3.6,"u":"189,47 €/L","img":"https://fd6-photos.leclercdrive.fr/image.ashx?id=2768237&use=l&cat=p&typeid=i","cat":311629},{"id":183907,"n":"Dentifrice blancheur Colgate Max white optic - 75ml","p":2.38,"u":"31,73 €/L","img":"https://fd6-photos.leclercdrive.fr/image.ashx?id=2738395&use=l&cat=p&typeid=i","cat":284612},{"id":183910,"n":"Perles de Cire Chaude Expert  Veet A la Cire d'abeille 250ml","p":5.49,"u":"23,87 €/KG","img":"https://fd6-photos.leclercdrive.fr/image.ashx?id=2960678&use=l&cat=p&typeid=i","cat":325351},{"id":183913,"n":"Crème dépilatoire Zones Intimes Veet Men 100+50ml","p":7.42,"u":"49,47 €/L","img":"https://fd6-photos.leclercdrive.fr/image.ashx?id=2964971&use=l&cat=p&typeid=i","cat":284617},{"id":183915,"n":"Shampooing Nat&Nove Bio Nutrition cheveux secs - 250 ml","p":4.34,"u":"17,36 €/L","img":"https://fd6-photos.leclercdrive.fr/image.ashx?id=2583153&use=l&cat=p&typeid=i","cat":284606},{"id":183917,"n":"Huile Miraculeuse Expert Veet Pré et Post Epilation 100ml","p":9.58,"u":"95,80 €/L","img":"https://fd6-photos.leclercdrive.fr/image.ashx?id=2828547&use=l&cat=p&typeid=i","cat":325351},{"id":183930,"n":"Nettoyant Maison Verte  Mutli-usage écologique -750ml","p":3.16,"u":"4,21 €/L","img":"https://fd6-photos.leclercdrive.fr/image.ashx?id=2872934&use=l&cat=p&typeid=i","cat":325357},{"id":183935,"n":"Fond de Teint L'Oréal Paris Infaillible 24H 130 Beige Peau","p":16.13,"img":"https://fd6-photos.leclercdrive.fr/image.ashx?id=2358183&use=l&cat=p&typeid=i","cat":287029},{"id":183937,"n":"Sachets armoire Soupline Grand  air - x3","p":3.27,"u":"1,09 €/P","img":"https://fd6-photos.leclercdrive.fr/image.ashx?id=2944470&use=l&cat=p&typeid=i","cat":325302},{"id":183994,"n":"Masque gel visage N.A.E. bio hydratation éclat - 75ml","p":10.44,"u":"139,20 €/L","img":"https://fd6-photos.leclercdrive.fr/image.ashx?id=2358399&use=l&cat=p&typeid=i","cat":325346},{"id":183997,"n":"Crème gel N.A.E. bio hydratation éclat - 50ml","p":10.59,"u":"211,80 €/L","img":"https://fd6-photos.leclercdrive.fr/image.ashx?id=2358405&use=l&cat=p&typeid=i","cat":325345},{"id":184000,"n":"Déodorant L'Arbre Vert Fleurs de cerisiers, Hamamélis - 50ml","p":3.44,"u":"68,80 €/L","img":"https://fd6-photos.leclercdrive.fr/image.ashx?id=2865824&use=l&cat=p&typeid=i","cat":284595},{"id":184009,"n":"Gel WC Canard Forêt Aquatique - 750ml","p":2.58,"u":"3,44 €/L","img":"https://fd6-photos.leclercdrive.fr/image.ashx?id=2746313&use=l&cat=p&typeid=i","cat":284662},{"id":184056,"n":"Cacahuètes enrobées Salées -  Menguy's - 170g","p":1.41,"u":"8,29 €/KG","img":"https://fd6-photos.leclercdrive.fr/image.ashx?id=2762154&use=l&cat=p&typeid=i","cat":284448},{"id":184096,"n":"Barre de céréales Trésor Stix Chocolat noisettes - 5x20,5g","p":2.54,"u":"24,90 €/KG","img":"https://fd6-photos.leclercdrive.fr/image.ashx?id=2358647&use=l&cat=p&typeid=i","cat":284488},{"id":184140,"n":"Café dosettes Tassimo Café Long Classique x21","p":6.02,"u":"42,70 €/KG","img":"https://fd6-photos.leclercdrive.fr/image.ashx?id=2360242&use=l&cat=p&typeid=i","cat":293240},{"id":184141,"n":"Desserts Lactés P'TIT BRASSE Mangue 6M+ - 4x90g","p":2.09,"u":"5,81 €/KG","img":"https://fd6-photos.leclercdrive.fr/image.ashx?id=2594226&use=l&cat=p&typeid=i","cat":312392},{"id":184142,"n":"Desserts Lactés P'TIT BRASSE Fruits rouges 6M+ - 4x90g","p":2.1,"u":"5,83 €/KG","img":"https://fd6-photos.leclercdrive.fr/image.ashx?id=2599943&use=l&cat=p&typeid=i","cat":312392},{"id":184143,"n":"Desserts Lactés P'TIT BRASSE Fraise banane 6M+ - 4x90g","p":2.16,"u":"6,00 €/KG","img":"https://fd6-photos.leclercdrive.fr/image.ashx?id=2594229&use=l&cat=p&typeid=i","cat":312392},{"id":184145,"n":"Galettes bretonnes sarrasin NRT 100g","p":1.89,"u":"18,90 €/KG","img":"https://fd6-photos.leclercdrive.fr/image.ashx?id=2622356&use=l&cat=p&typeid=i","cat":284487},{"id":184148,"n":"Biscuits croquants Délichoc Chocolat au lait - 150g","p":1.91,"u":"12,73 €/KG","img":"https://fd6-photos.leclercdrive.fr/image.ashx?id=2867365&use=l&cat=p&typeid=i","cat":284488},{"id":184181,"n":"Purée mangue bébé Good Goût bio - 120g - dès 4 mois","p":1.62,"u":"13,50 €/KG","img":"https://fd6-photos.leclercdrive.fr/image.ashx?id=2640707&use=l&cat=p&typeid=i","cat":312387},{"id":184182,"n":"Purée poire bébé Good Goût bio - 120g - dès 4 mois","p":1.54,"u":"12,83 €/L","img":"https://fd6-photos.leclercdrive.fr/image.ashx?id=2640043&use=l&cat=p&typeid=i","cat":312387},{"id":184192,"n":"Purée fraise banane bébé Good Goût bio - 120g - dès 4 mois","p":1.55,"u":"12,92 €/KG","img":"https://fd6-photos.leclercdrive.fr/image.ashx?id=2640046&use=l&cat=p&typeid=i","cat":312387},{"id":184198,"n":"Complément alimentaire Vitea Multi'Vit énergie - x30","p":4.84,"u":"0,16 €/P","img":"https://fd6-photos.leclercdrive.fr/image.ashx?id=2369472&use=l&cat=p&typeid=i","cat":284632},{"id":184201,"n":"Comprimé effervescent Vitea Magnésium vitamines B+ - x24","p":4.88,"u":"0,20 €/P","img":"https://fd6-photos.leclercdrive.fr/image.ashx?id=2802410&use=l&cat=p&typeid=i","cat":313217},{"id":184206,"n":"Mayonnaise Rustica au citron - 235g","p":1.49,"u":"6,34 €/KG","img":"https://fd6-photos.leclercdrive.fr/image.ashx?id=2509116&use=l&cat=p&typeid=i","cat":298295},{"id":184207,"n":"Lait de suite Hipp Biologique  Bio 600g - 10 mois à 3 ans","p":11.12,"u":"18,53 €/KG","img":"https://fd6-photos.leclercdrive.fr/image.ashx?id=2926825&use=l&cat=p&typeid=i","cat":290219},{"id":184208,"n":"Echalote Ducros  1ère Saveur - 10g","p":3.04,"u":"304,00 €/KG","img":"https://fd6-photos.leclercdrive.fr/image.ashx?id=2490506&use=l&cat=p&typeid=i","cat":298297},{"id":184305,"n":"Carré de porc sans os L'Atelier Boucherie x10 - 440g","p":4.94,"u":"11,23 €/KG","img":"https://fd6-photos.leclercdrive.fr/image.ashx?id=2932701&use=l&cat=p&typeid=i","cat":284331},{"id":184321,"n":"Filet mignon de porc L'Atelier Boucherie x2 - 990g","p":13.59,"u":"13,73 €/KG","img":"https://fd6-photos.leclercdrive.fr/image.ashx?id=2932704&use=l&cat=p&typeid=i","cat":284331},{"id":184353,"n":"Soda Coca-Cola Vanille Canette - Pack 6x33CL","p":4.52,"u":"2,28 €/L","img":"https://fd6-photos.leclercdrive.fr/image.ashx?id=2997238&use=l&cat=p&typeid=i","cat":284530},{"id":184354,"n":"Boisson energisante Monster juiced Monarch 50cl","p":1.71,"u":"3,42 €/L","img":"https://fd6-photos.leclercdrive.fr/image.ashx?id=2759041&use=l&cat=p&typeid=i","cat":284533},{"id":184393,"n":"Gousses de vanille Vahiné En poudre sucrées - 8g","p":5.12,"u":"640,00 €/KG","img":"https://fd6-photos.leclercdrive.fr/image.ashx?id=2490587&use=l&cat=p&typeid=i","cat":284504},{"id":184396,"n":"Vanille en poudre Vahiné - 5g","p":7.64,"img":"https://fd6-photos.leclercdrive.fr/image.ashx?id=2559856&use=l&cat=p&typeid=i","cat":284504},{"id":184401,"n":"Bière black 8.6 50cl","p":1.93,"u":"3,86 €/L","img":"https://fd6-photos.leclercdrive.fr/image.ashx?id=2402071&use=l&cat=p&typeid=i","cat":334853},{"id":184411,"n":"Croquettes chiens Ultima mini stérilisé poulet - 1,35kg","p":5.3,"u":"3,93 €/KG","img":"https://fd6-photos.leclercdrive.fr/image.ashx?id=2902184&use=l&cat=p&typeid=i","cat":294526},{"id":184420,"n":"Sirop de citron Eco+ - 1L","p":1.66,"u":"1,66 €/L","img":"https://fd6-photos.leclercdrive.fr/image.ashx?id=2901416&use=l&cat=p&typeid=i","cat":295020},{"id":184424,"n":"Vin pétillant Very Zest rosé pamplemousse - 6x25cl","p":6.52,"u":"4,35 €/L","img":"https://fd6-photos.leclercdrive.fr/image.ashx?id=2362193&use=l&cat=p&typeid=i","cat":304569},{"id":184426,"n":"Bière Desperados Virgin fresh berries - 00%vol - 3x33cl","p":3.91,"u":"3,95 €/L","img":"https://fd6-photos.leclercdrive.fr/image.ashx?id=2935927&use=l&cat=p&typeid=i","cat":334877},{"id":184427,"n":"Thé glacé Oasis Ice Tea Saveur Pêche - 1,5L","p":1.8,"u":"1,20 €/L","img":"https://fd6-photos.leclercdrive.fr/image.ashx?id=2688836&use=l&cat=p&typeid=i","cat":295019},{"id":184429,"n":"Boisson aux fruits Oasis Goût Fraise Framboise - 6x33cl","p":3.59,"u":"1,81 €/L","img":"https://fd6-photos.leclercdrive.fr/image.ashx?id=2681715&use=l&cat=p&typeid=i","cat":295018},{"id":184431,"n":"Boisson aux fruits Oasis Saveur Pomme Poire - 2L","p":2.52,"u":"1,26 €/L","img":"https://fd6-photos.leclercdrive.fr/image.ashx?id=3014455&use=l&cat=p&typeid=i","cat":295018},{"id":184432,"n":"Boisson orange brick Eco+ - 6x20cl","p":1.39,"u":"1,16 €/L","img":"https://fd6-photos.leclercdrive.fr/image.ashx?id=2863096&use=l&cat=p&typeid=i","cat":284521},{"id":184540,"n":"Fromage Fouetté Nature à tartiner Les Croisés - 150g","p":1.41,"u":"9,40 €/KG","img":"https://fd6-photos.leclercdrive.fr/image.ashx?id=2662634&use=l&cat=p&typeid=i","cat":314029},{"id":184551,"n":"Lessive en poudre Xeor fraîcheur x50 - 2.5kg","p":5.99,"u":"2,40 €/KG","img":"https://fd6-photos.leclercdrive.fr/image.ashx?id=2450101&use=l&cat=p&typeid=i","cat":284642},{"id":184553,"n":"Blocs WC Syphon fraîcheur marine x2 - 110g","p":2.0,"u":"18,18 €/KG","img":"https://fd6-photos.leclercdrive.fr/image.ashx?id=2670359&use=l&cat=p&typeid=i","cat":284662},{"id":184555,"n":"Blocs WC Syphon fraîcheur pin - x2","p":2.09,"u":"1,05 €/P","img":"https://fd6-photos.leclercdrive.fr/image.ashx?id=2670362&use=l&cat=p&typeid=i","cat":284662},{"id":184559,"n":"Liquide vaisselle Paic Eucalyptus - 750ml","p":2.27,"u":"3,03 €/L","img":"https://fd6-photos.leclercdrive.fr/image.ashx?id=2363243&use=l&cat=p&typeid=i","cat":284655},{"id":184561,"n":"Glaces Kinder Bueno x4 noisettes chocolat blanc - 248g","p":4.01,"u":"16,17 €/KG","img":"https://fd6-photos.leclercdrive.fr/image.ashx?id=2759071&use=l&cat=p&typeid=i","cat":284264},{"id":184566,"n":"Boisson végétale Bio Village Noisette bio - 1l","p":1.87,"u":"1,87 €/L","img":"https://fd6-photos.leclercdrive.fr/image.ashx?id=2362504&use=l&cat=p&typeid=i","cat":316067},{"id":184568,"n":"Muesli croustillant Bio village Bio Chocolat quinoa - 500g","p":4.2,"u":"8,40 €/KG","img":"https://fd6-photos.leclercdrive.fr/image.ashx?id=2720196&use=l&cat=p&typeid=i","cat":309512},{"id":184569,"n":"Muesli croustillant Bio Village Bio Chocolat - 500g","p":3.72,"u":"7,44 €/KG","img":"https://fd6-photos.leclercdrive.fr/image.ashx?id=2559984&use=l&cat=p&typeid=i","cat":309512},{"id":184570,"n":"Muesli croustillant Bio village 3 noix Bio - 500g","p":3.36,"u":"6,72 €/KG","img":"https://fd6-photos.leclercdrive.fr/image.ashx?id=2591488&use=l&cat=p&typeid=i","cat":309512},{"id":184571,"n":"Sauce barbecue Amora 285g","p":1.75,"u":"6,14 €/KG","img":"https://fd6-photos.leclercdrive.fr/image.ashx?id=3004447&use=l&cat=p&typeid=i","cat":318431},{"id":184583,"n":"Brumisateur Evian - 150ml","p":2.93,"u":"19,53 €/L","img":"https://fd6-photos.leclercdrive.fr/image.ashx?id=2862500&use=l&cat=p&typeid=i","cat":290295},{"id":184584,"n":"Brumisateur Evian - 400ml","p":3.94,"u":"9,85 €/L","img":"https://fd6-photos.leclercdrive.fr/image.ashx?id=2363431&use=l&cat=p&typeid=i","cat":290295},{"id":184677,"n":"Protège-document Esquisse x1 Gris - A4 - 80 vues","p":2.49,"img":"https://fd6-photos.leclercdrive.fr/image.ashx?id=2943319&use=l&cat=p&typeid=i","cat":284745},{"id":184679,"n":"Classeur cahier Esquisse Rouge - Polypro - 21x29.7cm","p":1.89,"img":"https://fd6-photos.leclercdrive.fr/image.ashx?id=2366670&use=l&cat=p&typeid=i","cat":284745},{"id":184680,"n":"Classeur cahier Esquisse Noir - Polypro - 21x29.7cm","p":1.89,"img":"https://fd6-photos.leclercdrive.fr/image.ashx?id=2366673&use=l&cat=p&typeid=i","cat":284745},{"id":184681,"n":"Trieur Esquisse A4 Transparent - 12 positions - x1","p":3.89,"img":"https://fd6-photos.leclercdrive.fr/image.ashx?id=2378847&use=l&cat=p&typeid=i","cat":284745},{"id":184726,"n":"Protège-document Gris - A4 - 120 vues","p":3.49,"img":"https://fd6-photos.leclercdrive.fr/image.ashx?id=2943322&use=l&cat=p&typeid=i","cat":284745},{"id":184828,"n":"Persillade Ducros Première saveur 19g","p":3.91,"u":"205,79 €/KG","img":"https://fd6-photos.leclercdrive.fr/image.ashx?id=2559502&use=l&cat=p&typeid=i","cat":298297},{"id":184829,"n":"Fines herbes Ducros Première saveur - 16g","p":3.24,"u":"202,50 €/KG","img":"https://fd6-photos.leclercdrive.fr/image.ashx?id=2486626&use=l&cat=p&typeid=i","cat":298297},{"id":184833,"n":"Clous de girofle Ducros 29g","p":1.97,"u":"67,93 €/KG","img":"https://fd6-photos.leclercdrive.fr/image.ashx?id=2559514&use=l&cat=p&typeid=i","cat":298297},{"id":184834,"n":"Macédoine fruits confits Vahiné 150g","p":2.67,"u":"17,80 €/KG","img":"https://fd6-photos.leclercdrive.fr/image.ashx?id=2490569&use=l&cat=p&typeid=i","cat":284504},{"id":184835,"n":"Ecorces oranges confites Vahiné 100g","p":3.23,"u":"32,30 €/KG","img":"https://fd6-photos.leclercdrive.fr/image.ashx?id=2490572&use=l&cat=p&typeid=i","cat":284504},{"id":184837,"n":"Compotes Pom'Potes Gourdes  Pomme Banane - 4x90g","p":2.3,"u":"6,39 €/KG","img":"https://fd6-photos.leclercdrive.fr/image.ashx?id=2978637&use=l&cat=p&typeid=i","cat":284508},{"id":184874,"n":"Cahier  Esquisse 96 pages Rouge - 17x22cm","p":0.65,"img":"https://fd6-photos.leclercdrive.fr/image.ashx?id=2544744&use=l&cat=p&typeid=i","cat":284697},{"id":184876,"n":"Cahier  Esquisse 96 pages Jaune - 17x22cm","p":0.65,"img":"https://fd6-photos.leclercdrive.fr/image.ashx?id=2544750&use=l&cat=p&typeid=i","cat":284697},{"id":184877,"n":"Cahier  Esquisse 96 pages Vert - 17x22cm","p":0.65,"img":"https://fd6-photos.leclercdrive.fr/image.ashx?id=2544753&use=l&cat=p&typeid=i","cat":284697},{"id":184926,"n":"Sugo alla bolognese 340g","p":2.75,"u":"8,09 €/KG","img":"https://fd6-photos.leclercdrive.fr/image.ashx?id=2840022&use=l&cat=p&typeid=i","cat":287599},{"id":184927,"n":"Sugo alle olive 340g","p":1.86,"u":"5,47 €/KG","img":"https://fd6-photos.leclercdrive.fr/image.ashx?id=2840028&use=l&cat=p&typeid=i","cat":288384},{"id":184933,"n":"Eau gazeuse minérale Salvetat pauvre en sodium - 1,15L","p":0.49,"u":"0,43 €/L","img":"https://fd6-photos.leclercdrive.fr/image.ashx?id=2503933&use=l&cat=p&typeid=i","cat":284536},{"id":184934,"n":"Eau minérale gazeuse Quézac 1,15L","p":0.54,"u":"0,47 €/L","img":"https://fd6-photos.leclercdrive.fr/image.ashx?id=2884612&use=l&cat=p&typeid=i","cat":284536},{"id":184959,"n":"Moules du Pacifique ASC Costa 800g","p":9.04,"u":"11,30 €/KG","img":"https://fd6-photos.leclercdrive.fr/image.ashx?id=2741135&use=l&cat=p&typeid=i","cat":319787},{"id":184996,"n":"Infusion verveine Elephant Menthe, bio - x20","p":2.13,"u":"81,92 €/KG","img":"https://fd6-photos.leclercdrive.fr/image.ashx?id=2507578&use=l&cat=p&typeid=i","cat":293234},{"id":184997,"n":"Infusion bio Elephant Detox - x20","p":1.89,"u":"55,59 €/KG","img":"https://fd6-photos.leclercdrive.fr/image.ashx?id=2507566&use=l&cat=p&typeid=i","cat":293234},{"id":184998,"n":"Infusion Bio Elephant Gingembre Citron - 20 Sachets","p":1.89,"u":"55,59 €/KG","img":"https://fd6-photos.leclercdrive.fr/image.ashx?id=2507575&use=l&cat=p&typeid=i","cat":293234},{"id":184999,"n":"Infusion bio Elephant Relax - x20","p":2.26,"u":"86,92 €/KG","img":"https://fd6-photos.leclercdrive.fr/image.ashx?id=2507572&use=l&cat=p&typeid=i","cat":293234},{"id":185000,"n":"Infusion Bio Eléphant Menthe Thym - x20 sachets","p":2.29,"u":"88,08 €/KG","img":"https://fd6-photos.leclercdrive.fr/image.ashx?id=2507563&use=l&cat=p&typeid=i","cat":293234},{"id":185003,"n":"Infusion Eléphant Douce Nuit x20- 32g","p":2.63,"u":"82,19 €/KG","img":"https://fd6-photos.leclercdrive.fr/image.ashx?id=2507569&use=l&cat=p&typeid=i","cat":293234},{"id":185004,"n":"Infusion Bio Elephant Verveine - x20 sachets","p":2.52,"u":"96,92 €/KG","img":"https://fd6-photos.leclercdrive.fr/image.ashx?id=2520755&use=l&cat=p&typeid=i","cat":293234},{"id":185165,"n":"Skyr Yoplait  Coco 1%Mg - 4x100g","p":2.15,"u":"5,38 €/KG","img":"https://fd6-photos.leclercdrive.fr/image.ashx?id=2884459&use=l&cat=p&typeid=i","cat":315000},{"id":185166,"n":"Skyr Yoplait  Vanille 0%MG - 4x100G","p":2.27,"u":"5,68 €/KG","img":"https://fd6-photos.leclercdrive.fr/image.ashx?id=2884456&use=l&cat=p&typeid=i","cat":315000},{"id":185244,"n":"Sucre Pure Via roux 220g","p":6.03,"u":"27,41 €/KG","img":"https://fd6-photos.leclercdrive.fr/image.ashx?id=2805384&use=l&cat=p&typeid=i","cat":324846},{"id":185269,"n":"Vin d'Espagne rosé  Cepage Grenache - 5L","p":10.89,"u":"2,18 €/L","img":"https://fd6-photos.leclercdrive.fr/image.ashx?id=2549732&use=l&cat=p&typeid=i","cat":289558},{"id":185334,"n":"Chaussée aux Moines 340g + 30% offert","p":3.19,"u":"7,22 €/KG","img":"https://fd6-photos.leclercdrive.fr/image.ashx?id=2794331&use=l&cat=p&typeid=i","cat":329184},{"id":185443,"n":"Thé vert citron Yate x25 - 37,5g","p":0.79,"u":"20,79 €/KG","img":"https://fd6-photos.leclercdrive.fr/image.ashx?id=2646008&use=l&cat=p&typeid=i","cat":293233},{"id":185459,"n":"Crème dessert La Laitière  Frais Fondant chocolat - 4x115g","p":2.1,"u":"4,57 €/KG","img":"https://fd6-photos.leclercdrive.fr/image.ashx?id=2904062&use=l&cat=p&typeid=i","cat":285041},{"id":185494,"n":"Herbes de provence Ducros 35g","p":3.35,"u":"95,71 €/KG","img":"https://fd6-photos.leclercdrive.fr/image.ashx?id=2559505&use=l&cat=p&typeid=i","cat":298297},{"id":185508,"n":"Biscuits fourrés BN  Vanille - 285g","p":1.59,"u":"5,58 €/KG","img":"https://fd6-photos.leclercdrive.fr/image.ashx?id=2475005&use=l&cat=p&typeid=i","cat":284488},{"id":185567,"n":"Liniment oléo-calcaire Biolane  700 ml","p":7.01,"u":"10,01 €/L","img":"https://fd6-photos.leclercdrive.fr/image.ashx?id=2586864&use=l&cat=p&typeid=i","cat":284741},{"id":185568,"n":"Gel Lavant Biolane Corps et cheveux 750 ml","p":5.65,"u":"7,53 €/L","img":"https://fd6-photos.leclercdrive.fr/image.ashx?id=2586867&use=l&cat=p&typeid=i","cat":284740},{"id":185571,"n":"Eau pure H2O Biolane 750 ml","p":5.42,"u":"7,23 €/L","img":"https://fd6-photos.leclercdrive.fr/image.ashx?id=2733247&use=l&cat=p&typeid=i","cat":284741},{"id":185607,"n":"Vodka premium Grey Goose La Poire 40° - 70cl","p":36.99,"pp":32.99,"u":"47,13 €/L","img":"https://fd6-photos.leclercdrive.fr/image.ashx?id=2848337&use=l&cat=p&typeid=i","cat":284550},{"id":185608,"n":"Vodka premium Grey Goose L'Orange 40° - 70cl","p":36.99,"pp":32.99,"u":"47,13 €/L","img":"https://fd6-photos.leclercdrive.fr/image.ashx?id=2848334&use=l&cat=p&typeid=i","cat":284550},{"id":185609,"n":"Vodka premium Grey Goose Le Citron 40° - 70cl","p":36.99,"pp":32.99,"u":"47,13 €/L","img":"https://fd6-photos.leclercdrive.fr/image.ashx?id=2850695&use=l&cat=p&typeid=i","cat":284550},{"id":185768,"n":"Riz forestière individuel William Saurin - 300g","p":3.18,"u":"10,60 €/KG","img":"https://fd6-photos.leclercdrive.fr/image.ashx?id=2528726&use=l&cat=p&typeid=i","cat":284953},{"id":185775,"n":"AOP Coteaux Varois en Provence Estandon - BIB 3L","p":18.0,"u":"6,00 €/L","img":"https://fd6-photos.leclercdrive.fr/image.ashx?id=2376917&use=l&cat=p&typeid=i","cat":289558},{"id":185831,"n":"Préparation Gâteau alsa Moelleux Marbré - 435g","p":2.19,"u":"5,03 €/KG","img":"https://fd6-photos.leclercdrive.fr/image.ashx?id=2996428&use=l&cat=p&typeid=i","cat":284505},{"id":185835,"n":"Amandes grillées salées Tokapi 150g","p":2.19,"u":"14,60 €/KG","img":"https://fd6-photos.leclercdrive.fr/image.ashx?id=2793308&use=l&cat=p&typeid=i","cat":284448},{"id":185840,"n":"RECH SPRAY AUTO BIEN AIR AGRUMES 250ML","p":2.39,"u":"9,56 €/L","img":"https://fd6-photos.leclercdrive.fr/image.ashx?id=2531104&use=l&cat=p&typeid=i","cat":311629},{"id":185841,"n":"Cornichons extra fins Rustica 6 aromates - 550g","p":3.1,"u":"5,64 €/KG","img":"https://fd6-photos.leclercdrive.fr/image.ashx?id=2916728&use=l&cat=p&typeid=i","cat":284458},{"id":185842,"n":"Soufflés Snack's Tokapi  Cacahuète - 160g","p":0.72,"u":"4,50 €/KG","img":"https://fd6-photos.leclercdrive.fr/image.ashx?id=2864942&use=l&cat=p&typeid=i","cat":284449},{"id":185853,"n":"Bière Kasteel Donker 11° 75cl","p":4.99,"u":"6,65 €/L","img":"https://fd6-photos.leclercdrive.fr/image.ashx?id=3000839&use=l&cat=p&typeid=i","cat":334872},{"id":185854,"n":"Bière blonde Tripel Karmeliet 8,4% - 12x25cl","p":16.94,"u":"5,65 €/L","img":"https://fd6-photos.leclercdrive.fr/image.ashx?id=2457485&use=l&cat=p&typeid=i","cat":334872},{"id":185858,"n":"Bière blonde de Garde  La Ducasse 6,5° - 75cl","p":4.02,"u":"5,36 €/L","img":"https://fd6-photos.leclercdrive.fr/image.ashx?id=2379200&use=l&cat=p&typeid=i","cat":334872},{"id":185950,"n":"Cristaline fontaine 8L","p":2.3,"u":"0,29 €/L","img":"https://fd6-photos.leclercdrive.fr/image.ashx?id=2418891&use=l&cat=p&typeid=i","cat":284535},{"id":185954,"n":"Protège-documents Esquisse Gris - A4 - 40 vues","p":1.79,"img":"https://fd6-photos.leclercdrive.fr/image.ashx?id=2381668&use=l&cat=p&typeid=i","cat":284745},{"id":185999,"n":"Boisson végétale Bio Village Riz nature bio - 1l","p":1.65,"u":"1,65 €/L","img":"https://fd6-photos.leclercdrive.fr/image.ashx?id=2601016&use=l&cat=p&typeid=i","cat":316067},{"id":186002,"n":"Porto blanc Dorrao 18%vol - 75cl","p":6.07,"u":"8,09 €/L","img":"https://fd6-photos.leclercdrive.fr/image.ashx?id=2869880&use=l&cat=p&typeid=i","cat":284913},{"id":186043,"n":"Lardons Nature Herta  Sans nitrite - 2x75g","p":1.91,"u":"12,73 €/KG","img":"https://fd6-photos.leclercdrive.fr/image.ashx?id=2785802&use=l&cat=p&typeid=i","cat":316011},{"id":186055,"n":"Boisson énergisante Red Bull Goût Pastèque, 250ml","p":1.22,"u":"4,88 €/L","img":"https://fd6-photos.leclercdrive.fr/image.ashx?id=2471655&use=l&cat=p&typeid=i","cat":284533},{"id":186056,"n":"Boisson énergisante Red Bull Goût Coco-Acaï, 250ml","p":1.22,"u":"4,88 €/L","img":"https://fd6-photos.leclercdrive.fr/image.ashx?id=2471658&use=l&cat=p&typeid=i","cat":284533},{"id":186108,"n":"Savon solide Bio Mots d'enfants 100g","p":1.29,"u":"12,90 €/KG","img":"https://fd6-photos.leclercdrive.fr/image.ashx?id=3015126&use=l&cat=p&typeid=i","cat":284740},{"id":186121,"n":"Huile moto Tech 9 Semi-synthèse","p":9.99,"img":"https://fd6-photos.leclercdrive.fr/image.ashx?id=2386197&use=l&cat=p&typeid=i","cat":298253},{"id":186128,"n":"Huile moto Tech 9 Semi synthèse","p":9.99,"img":"https://fd6-photos.leclercdrive.fr/image.ashx?id=2386200&use=l&cat=p&typeid=i","cat":298253},{"id":186188,"n":"Bonbons Krema Soda Mania - 580g","p":3.24,"u":"5,59 €/KG","img":"https://fd6-photos.leclercdrive.fr/image.ashx?id=2484969&use=l&cat=p&typeid=i","cat":304250},{"id":186258,"n":"Lessive Capsules Tout-en-1 Skip Fraîcheur Intense x26 Capsules","p":10.9,"u":"19,78 €/KG","img":"https://fd6-photos.leclercdrive.fr/image.ashx?id=2978934&use=l&cat=p&typeid=i","cat":284641},{"id":186263,"n":"Lessive Capsules Tout-en-1 Skip Fraîcheur Intense 38 Lavages","p":13.34,"u":"16,55 €/KG","img":"https://fd6-photos.leclercdrive.fr/image.ashx?id=2929236&use=l&cat=p&typeid=i","cat":284641},{"id":186265,"n":"Lingettes bébé Harmonie Aqua Pampers - 48 lingettes","p":3.45,"u":"0,07 €/P","img":"https://fd6-photos.leclercdrive.fr/image.ashx?id=2805903&use=l&cat=p&typeid=i","cat":284738},{"id":186267,"n":"Lingettes bébé visage et mains Biolane - 64 lingettes","p":2.48,"u":"0,04 €/P","img":"https://fd6-photos.leclercdrive.fr/image.ashx?id=2876539&use=l&cat=p&typeid=i","cat":284738},{"id":186292,"n":"Nettoyant jantes gel Tech9 500ml","p":5.49,"u":"10,98 €/L","img":"https://fd6-photos.leclercdrive.fr/image.ashx?id=2527340&use=l&cat=p&typeid=i","cat":298252},{"id":186293,"n":"Répare crevaison Tech9 400ml","p":5.19,"u":"12,98 €/L","img":"https://fd6-photos.leclercdrive.fr/image.ashx?id=2527337&use=l&cat=p&typeid=i","cat":298252},{"id":186296,"n":"Lessive Capsules Skip Tout-en-1 Active Clean x38","p":13.7,"u":"17,00 €/KG","img":"https://fd6-photos.leclercdrive.fr/image.ashx?id=2757114&use=l&cat=p&typeid=i","cat":284641},{"id":186306,"n":"Liniment oléo-calcaire Biolane 300ml","p":3.35,"u":"11,17 €/L","img":"https://fd6-photos.leclercdrive.fr/image.ashx?id=2586861&use=l&cat=p&typeid=i","cat":284741},{"id":186307,"n":"Shampooing nourissant Energie Fruit - 250ml","p":3.78,"u":"15,12 €/L","img":"https://fd6-photos.leclercdrive.fr/image.ashx?id=2795869&use=l&cat=p&typeid=i","cat":284606},{"id":186308,"n":"Masque 2 en 1 Energie Fruit Sans silicone - 300ml","p":4.76,"u":"15,87 €/L","img":"https://fd6-photos.leclercdrive.fr/image.ashx?id=2795875&use=l&cat=p&typeid=i","cat":284608},{"id":186310,"n":"Gel WC Désinfectant Canard Action Intense Fresh - 750ml","p":1.81,"u":"2,41 €/L","img":"https://fd6-photos.leclercdrive.fr/image.ashx?id=2488013&use=l&cat=p&typeid=i","cat":284662},{"id":186314,"n":"Brosse à dent enfant Dentamyl Bambou - x1","p":0.99,"img":"https://fd6-photos.leclercdrive.fr/image.ashx?id=2384710&use=l&cat=p&typeid=i","cat":288897},{"id":186322,"n":"Lingettes pour bébé Pampers Harmonie Aqua - 3x48","p":6.08,"u":"0,04 €/P","img":"https://fd6-photos.leclercdrive.fr/image.ashx?id=2903809&use=l&cat=p&typeid=i","cat":284738},{"id":186393,"n":"Felix Naturally Delicious Poulet - 100g","p":3.11,"u":"31,10 €/KG","img":"https://fd6-photos.leclercdrive.fr/image.ashx?id=2617477&use=l&cat=p&typeid=i","cat":285285},{"id":186461,"n":"Ail lyophilisé Ducros 19g","p":4.3,"u":"226,32 €/KG","img":"https://fd6-photos.leclercdrive.fr/image.ashx?id=2486617&use=l&cat=p&typeid=i","cat":298297},{"id":186462,"n":"Ciboulette lyophilisée Ducros 3g","p":2.96,"u":"986,67 €/KG","img":"https://fd6-photos.leclercdrive.fr/image.ashx?id=2486620&use=l&cat=p&typeid=i","cat":298297},{"id":186467,"n":"Mayonnaise Comme à la maison Bénédicta - Bocal - 255g","p":2.05,"u":"8,04 €/KG","img":"https://fd6-photos.leclercdrive.fr/image.ashx?id=2629265&use=l&cat=p&typeid=i","cat":298295},{"id":186481,"n":"Sachet repas chat stérilisé  Poulet/Boeuf/Thon/Poiss - 4x85g","p":2.56,"u":"30,12 €/KG","img":"https://fd6-photos.leclercdrive.fr/image.ashx?id=2985636&use=l&cat=p&typeid=i","cat":285286},{"id":186497,"n":"Capsules café L'Or Espresso Saveur Caramel x10","p":3.66,"u":"70,38 €/KG","img":"https://fd6-photos.leclercdrive.fr/image.ashx?id=2387049&use=l&cat=p&typeid=i","cat":293241},{"id":186502,"n":"Sachet Chat Stérilisé Ultima Poulet, Dinde, Saumon - 4x85g","p":2.52,"u":"29,65 €/KG","img":"https://fd6-photos.leclercdrive.fr/image.ashx?id=2985633&use=l&cat=p&typeid=i","cat":285286},{"id":186548,"n":"Bougie Floral 30h Bien Air","p":2.34,"img":"https://fd6-photos.leclercdrive.fr/image.ashx?id=2399767&use=l&cat=p&typeid=i","cat":284666},{"id":186595,"n":"Crème glacée Häagen-Dazs Vanille Caramel Brownie - 541g","p":6.13,"u":"11,33 €/KG","img":"https://fd6-photos.leclercdrive.fr/image.ashx?id=2893426&use=l&cat=p&typeid=i","cat":284725},{"id":186652,"n":"Boisson végétale soja Alpro  macchiato - 1L","p":2.66,"u":"2,66 €/L","img":"https://fd6-photos.leclercdrive.fr/image.ashx?id=2981665&use=l&cat=p&typeid=i","cat":316067},{"id":186653,"n":"Boisson végétale soja Alpro  banane - 1 L","p":2.49,"u":"2,49 €/L","img":"https://fd6-photos.leclercdrive.fr/image.ashx?id=2981668&use=l&cat=p&typeid=i","cat":316067},{"id":186657,"n":"Crème dessert Delisse Chocolat - 6x125g","p":1.42,"u":"1,89 €/KG","img":"https://fd6-photos.leclercdrive.fr/image.ashx?id=2441492&use=l&cat=p&typeid=i","cat":285041},{"id":186659,"n":"Crème dessert Delisse Vanille - 6x125g","p":1.33,"u":"1,77 €/KG","img":"https://fd6-photos.leclercdrive.fr/image.ashx?id=2441498&use=l&cat=p&typeid=i","cat":285041},{"id":186660,"n":"Dessert végétal soja Alpro  Citron et Citron Vert - 500g","p":1.98,"u":"3,96 €/KG","img":"https://fd6-photos.leclercdrive.fr/image.ashx?id=2977678&use=l&cat=p&typeid=i","cat":316071},{"id":186661,"n":"Crème dessert Delisse Caramel - 6x125g","p":1.39,"u":"1,85 €/KG","img":"https://fd6-photos.leclercdrive.fr/image.ashx?id=2441504&use=l&cat=p&typeid=i","cat":285041},{"id":186665,"n":"Coloration permanente Olia 6.0 Châtain très clair - x2","p":15.96,"u":"7,98 €/P","img":"https://fd6-photos.leclercdrive.fr/image.ashx?id=2422902&use=l&cat=p&typeid=i","cat":288899},{"id":186686,"n":"Déodorant stick Homme Mennen Marine Sans Alcool - 60ml","p":3.18,"u":"53,00 €/L","img":"https://fd6-photos.leclercdrive.fr/image.ashx?id=2869107&use=l&cat=p&typeid=i","cat":284618},{"id":186688,"n":"Déodorant stick Homme Mennen Sans Alcool Anti-Traces - 60ml","p":3.18,"u":"53,00 €/L","img":"https://fd6-photos.leclercdrive.fr/image.ashx?id=2869110&use=l&cat=p&typeid=i","cat":284618},{"id":186853,"n":"Lessive Capsules Tout-en-1 Skip Touche de Cajoline 24 Lavages","p":10.18,"u":"20,00 €/KG","img":"https://fd6-photos.leclercdrive.fr/image.ashx?id=2956688&use=l&cat=p&typeid=i","cat":284641},{"id":186856,"n":"Lessive Capsules Skip Tout-en-1 Extra Détachant x24","p":9.7,"u":"19,06 €/KG","img":"https://fd6-photos.leclercdrive.fr/image.ashx?id=2956691&use=l&cat=p&typeid=i","cat":284641},{"id":186857,"n":"Lessive Capsules Skip Tout-en-1 Cajoline 36 Lavages","p":13.23,"u":"17,34 €/KG","img":"https://fd6-photos.leclercdrive.fr/image.ashx?id=2929239&use=l&cat=p&typeid=i","cat":284641},{"id":186870,"n":"Préparation pour moelleux Tablier Blanc citron - 435g","p":1.97,"u":"4,53 €/KG","img":"https://fd6-photos.leclercdrive.fr/image.ashx?id=2982691&use=l&cat=p&typeid=i","cat":284504},{"id":186920,"n":"Tuiles Monster Munch Crazy Original - 150g","p":1.9,"u":"12,67 €/KG","img":"https://fd6-photos.leclercdrive.fr/image.ashx?id=2921735&use=l&cat=p&typeid=i","cat":287899},{"id":186923,"n":"Tuiles Monster Munch  Crazy crème oignon - 150g","p":1.9,"u":"12,67 €/KG","img":"https://fd6-photos.leclercdrive.fr/image.ashx?id=2916881&use=l&cat=p&typeid=i","cat":287899},{"id":186926,"n":"Tuiles Monster Munch Crazy paprika - 150g","p":1.9,"u":"12,67 €/KG","img":"https://fd6-photos.leclercdrive.fr/image.ashx?id=2955339&use=l&cat=p&typeid=i","cat":287899},{"id":186946,"n":"Mouliné Bio Village Bio - légumes variés  - 2x30cl","p":1.69,"u":"5,63 €/L","img":"https://fd6-photos.leclercdrive.fr/image.ashx?id=2404157&use=l&cat=p&typeid=i","cat":284462},{"id":187025,"n":"Lessive Feuilles Magiques Dr Beckmann l'Eclatante x25","p":4.85,"u":"0,19 €/P","img":"https://fd6-photos.leclercdrive.fr/image.ashx?id=3011800&use=l&cat=p&typeid=i","cat":284644},{"id":187028,"n":"Crème de change bébé bio Mots d'enfants - 75ml","p":2.5,"u":"33,33 €/L","img":"https://fd6-photos.leclercdrive.fr/image.ashx?id=3014308&use=l&cat=p&typeid=i","cat":284741},{"id":187029,"n":"Coton-tiges ouatés Inell Boîte - x300 bâtonnets","p":0.73,"img":"https://fd6-photos.leclercdrive.fr/image.ashx?id=2824301&use=l&cat=p&typeid=i","cat":284636},{"id":187059,"n":"Champignon Émincé Bonduelle Sans Sulfite, Sans Additif 230g","p":1.27,"u":"5,52 €/KG","img":"https://fd6-photos.leclercdrive.fr/image.ashx?id=2913118&use=l&cat=p&typeid=i","cat":312610},{"id":187064,"n":"Whisky Japonais Tenjaku 40% vol - 70cl","p":29.22,"u":"41,74 €/L","img":"https://fd6-photos.leclercdrive.fr/image.ashx?id=2393490&use=l&cat=p&typeid=i","cat":284547},{"id":187126,"n":"Crunch Chocolat Noël Moulage Renne - 88g","p":2.98,"u":"33,86 €/KG","img":"https://fd6-photos.leclercdrive.fr/image.ashx?id=2394096&use=l&cat=p&typeid=i","cat":327592},{"id":187127,"n":"Petits Calissons Le Roy René Reglette Noël - 125g","p":4.91,"u":"39,28 €/KG","img":"https://fd6-photos.leclercdrive.fr/image.ashx?id=2456804&use=l&cat=p&typeid=i","cat":327606},{"id":187151,"n":"Tasse Pat Patrouille Chase et Stella Chocolat au lait - 34g","p":5.79,"u":"170,29 €/KG","img":"https://fd6-photos.leclercdrive.fr/image.ashx?id=2964081&use=l&cat=p&typeid=i","cat":327789},{"id":187154,"n":"Tasse Frozen Anna et Elsa Chocolat au lait - 34g","p":5.69,"u":"167,35 €/KG","img":"https://fd6-photos.leclercdrive.fr/image.ashx?id=2394282&use=l&cat=p&typeid=i","cat":327789},{"id":187158,"n":"Tasse céramique Spiderman Chocolat au lait  - 34g","p":5.65,"u":"166,18 €/KG","img":"https://fd6-photos.leclercdrive.fr/image.ashx?id=2394288&use=l&cat=p&typeid=i","cat":327789},{"id":187172,"n":"Bouchées Chocolat Noël Nestlé L'Atelier Lait Noisettes - 262g","p":9.98,"u":"38,09 €/KG","img":"https://fd6-photos.leclercdrive.fr/image.ashx?id=2938244&use=l&cat=p&typeid=i","cat":327595},{"id":187176,"n":"After Eight Chocolat Noël Saveur Cerise - 400g","p":7.3,"u":"18,25 €/KG","img":"https://fd6-photos.leclercdrive.fr/image.ashx?id=2394315&use=l&cat=p&typeid=i","cat":327595},{"id":187180,"n":"AOC Vin d'Alsace Gewurztraminer Cave du Roi d'Agobert - 75 cl","p":7.43,"u":"9,91 €/L","img":"https://fd6-photos.leclercdrive.fr/image.ashx?id=2835995&use=l&cat=p&typeid=i","cat":289557},{"id":187210,"n":"Porto Rose Dorrao 18%vol - 75cl","p":7.05,"u":"9,40 €/L","img":"https://fd6-photos.leclercdrive.fr/image.ashx?id=2869862&use=l&cat=p&typeid=i","cat":284913},{"id":187241,"n":"Savon Le Petit Marseillais  Solide amande douce - 2x100g","p":1.86,"u":"9,30 €/KG","img":"https://fd6-photos.leclercdrive.fr/image.ashx?id=2684203&use=l&cat=p&typeid=i","cat":284597},{"id":187287,"n":"Desserts Lactés P'TIT BRASSE Banane pêche 6M+ - 4x90g","p":2.07,"u":"5,75 €/KG","img":"https://fd6-photos.leclercdrive.fr/image.ashx?id=2616252&use=l&cat=p&typeid=i","cat":312392},{"id":187288,"n":"Desserts Lactés P'TIT BRASSE Poire SSA 6M+ - 4x90g","p":2.11,"u":"5,86 €/KG","img":"https://fd6-photos.leclercdrive.fr/image.ashx?id=2593050&use=l&cat=p&typeid=i","cat":312392},{"id":187293,"n":"Rasoirs jetables Gillette Blue Olympic - Lot 5x4","p":25.44,"u":"1,27 €/P","img":"https://fd6-photos.leclercdrive.fr/image.ashx?id=2497785&use=l&cat=p&typeid=i","cat":284616},{"id":187295,"n":"Rasoirs jetables Gillette Blue II Olympic - Lot 5x10","p":23.11,"u":"0,46 €/P","img":"https://fd6-photos.leclercdrive.fr/image.ashx?id=2400747&use=l&cat=p&typeid=i","cat":284616},{"id":187330,"n":"Porto Tawny Dorrao 18°C - 75cl","p":6.42,"u":"8,56 €/L","img":"https://fd6-photos.leclercdrive.fr/image.ashx?id=2869877&use=l&cat=p&typeid=i","cat":284913},{"id":187342,"n":"Bûche Nestlé 3 Chocolats 540g","p":5.98,"u":"11,07 €/KG","img":"https://fd6-photos.leclercdrive.fr/image.ashx?id=2936713&use=l&cat=p&typeid=i","cat":284266},{"id":187343,"n":"Bûche Pilpa Exquise 3 Chocolats - 535g","p":5.27,"u":"9,85 €/KG","img":"https://fd6-photos.leclercdrive.fr/image.ashx?id=2751027&use=l&cat=p&typeid=i","cat":284266},{"id":187344,"n":"Bûche Pilpa Caramel beurre salé - 535g","p":5.27,"u":"9,85 €/KG","img":"https://fd6-photos.leclercdrive.fr/image.ashx?id=2751036&use=l&cat=p&typeid=i","cat":284266},{"id":187352,"n":"Bûche Pilpa Caprices des Îles - 564g","p":5.27,"u":"9,34 €/KG","img":"https://fd6-photos.leclercdrive.fr/image.ashx?id=2749961&use=l&cat=p&typeid=i","cat":284266},{"id":187353,"n":"Bûchettes Pilpa Les Délices Chocolat x6 - 360g","p":3.24,"u":"9,00 €/KG","img":"https://fd6-photos.leclercdrive.fr/image.ashx?id=2395924&use=l&cat=p&typeid=i","cat":284266},{"id":187355,"n":"Bûche Signature Eskiss Nougat - 487g","p":5.59,"u":"11,48 €/KG","img":"https://fd6-photos.leclercdrive.fr/image.ashx?id=2791365&use=l&cat=p&typeid=i","cat":284266},{"id":187356,"n":"Bûche Signature Eskiss Coco Mangue - 476g","p":5.59,"u":"11,74 €/KG","img":"https://fd6-photos.leclercdrive.fr/image.ashx?id=2791368&use=l&cat=p&typeid=i","cat":284266},{"id":187357,"n":"Bûche Signature Eskiss Vanille Caramel - 490g","p":5.59,"u":"11,41 €/KG","img":"https://fd6-photos.leclercdrive.fr/image.ashx?id=2791371&use=l&cat=p&typeid=i","cat":284266},{"id":187358,"n":"Bûche Signature Eskiss Façon rocher - 501g","p":5.59,"u":"11,16 €/KG","img":"https://fd6-photos.leclercdrive.fr/image.ashx?id=2791374&use=l&cat=p&typeid=i","cat":284266},{"id":187365,"n":"Desserts Lactés P'TIT BRASSE Nature 6M+ - 4x90g","p":1.94,"u":"5,39 €/KG","img":"https://fd6-photos.leclercdrive.fr/image.ashx?id=2594223&use=l&cat=p&typeid=i","cat":312392},{"id":187369,"n":"Escargots de Bourgogne Escal x60 - 336g","p":18.44,"u":"54,88 €/KG","img":"https://fd6-photos.leclercdrive.fr/image.ashx?id=2913241&use=l&cat=p&typeid=i","cat":319775},{"id":187373,"n":"Soda Fanta exotique 1.25L","p":1.85,"u":"1,48 €/L","img":"https://fd6-photos.leclercdrive.fr/image.ashx?id=2678170&use=l&cat=p&typeid=i","cat":284532},{"id":187379,"n":"Bûche glacée Erhard Vanille Caramel - 470g","p":9.97,"pp":6.98,"u":"14,85 €/KG","img":"https://fd6-photos.leclercdrive.fr/image.ashx?id=2395939&use=l&cat=p&typeid=i","cat":284266},{"id":187387,"n":"Truite fumée de France Labeyrie 4 tranches - 120g","p":5.3,"u":"44,17 €/KG","img":"https://fd6-photos.leclercdrive.fr/image.ashx?id=2803535&use=l&cat=p&typeid=i","cat":285188},{"id":187388,"n":"Assortiment chocolats Côte d'Or Collection - 345g","p":11.11,"u":"32,20 €/KG","img":"https://fd6-photos.leclercdrive.fr/image.ashx?id=2494057&use=l&cat=p&typeid=i","cat":327595},{"id":187394,"n":"Assortiment chocolats belges Equador - 390g","p":9.59,"u":"24,59 €/KG","img":"https://fd6-photos.leclercdrive.fr/image.ashx?id=3004118&use=l&cat=p&typeid=i","cat":327595},{"id":187395,"n":"Tortellini Lustucru Selection  Poulet Crème 300g","p":2.34,"u":"7,80 €/KG","img":"https://fd6-photos.leclercdrive.fr/image.ashx?id=2975212&use=l&cat=p&typeid=i","cat":333682},{"id":187403,"n":"Feuilletés Jambon Fromage Eco+ x10 - 650g","p":2.63,"u":"4,05 €/KG","img":"https://fd6-photos.leclercdrive.fr/image.ashx?id=2814851&use=l&cat=p&typeid=i","cat":319776},{"id":187405,"n":"Petits pois très fins Notre Jardin - 1kg","p":1.79,"img":"https://fd6-photos.leclercdrive.fr/image.ashx?id=2900166&use=l&cat=p&typeid=i","cat":319805},{"id":187406,"n":"Saumon fumé Ecosse Delpierre 10 tranches - 300g","p":11.45,"u":"38,17 €/KG","img":"https://fd6-photos.leclercdrive.fr/image.ashx?id=2961918&use=l&cat=p&typeid=i","cat":285188},{"id":187411,"n":"Sélection de gambas sauvages Pescanova - 800g","p":24.9,"pp":16.43,"u":"20,54 €/KG","img":"https://fd6-photos.leclercdrive.fr/image.ashx?id=2395948&use=l&cat=p&typeid=i","cat":319787},{"id":187445,"n":"Sandwich jambon emmental Daunat Le Goûteux - 220g","p":2.64,"u":"12,00 €/KG","img":"https://fd6-photos.leclercdrive.fr/image.ashx?id=2623232&use=l&cat=p&typeid=i","cat":333658},{"id":187448,"n":"Frites ondulées McCain Côté Burger - 650g","p":2.8,"u":"4,31 €/KG","img":"https://fd6-photos.leclercdrive.fr/image.ashx?id=2920027&use=l&cat=p&typeid=i","cat":319791},{"id":187453,"n":"Thé noir Lipton Yellow x100 sachets - 200g","p":3.89,"u":"19,45 €/KG","img":"https://fd6-photos.leclercdrive.fr/image.ashx?id=2517655&use=l&cat=p&typeid=i","cat":293233},{"id":187460,"n":"Sous-vêtements de nuit Ninjamas Fille - T7 - x10","p":6.66,"u":"0,67 €/P","img":"https://fd6-photos.leclercdrive.fr/image.ashx?id=2507212&use=l&cat=p&typeid=i","cat":290633},{"id":187471,"n":"Bûche glacée L'Angélys Chocolat Mandarine - 330g","p":10.38,"u":"31,45 €/KG","img":"https://fd6-photos.leclercdrive.fr/image.ashx?id=2902208&use=l&cat=p&typeid=i","cat":284266},{"id":187478,"n":"Cordon bleu de poulet Eco+ 200g","p":1.45,"u":"7,25 €/KG","img":"https://fd6-photos.leclercdrive.fr/image.ashx?id=2758294&use=l&cat=p&typeid=i","cat":333683},{"id":187501,"n":"Fuet Extra L'Origine du Goût - 155g","p":2.85,"u":"18,39 €/KG","img":"https://fd6-photos.leclercdrive.fr/image.ashx?id=2840431&use=l&cat=p&typeid=i","cat":316006},{"id":187547,"n":"Moutarde Fine & Forte AMORA Flacon Souple - 460g","p":2.38,"u":"5,17 €/KG","img":"https://fd6-photos.leclercdrive.fr/image.ashx?id=2877271&use=l&cat=p&typeid=i","cat":288850},{"id":187602,"n":"Gousses de vanille Vahiné x4 -","p":9.88,"u":"2,47 €/P","img":"https://fd6-photos.leclercdrive.fr/image.ashx?id=2569428&use=l&cat=p&typeid=i","cat":284504},{"id":187603,"n":"Pepites de chocolats Vahiné  3 chocolats - 180g","p":5.13,"u":"28,50 €/KG","img":"https://fd6-photos.leclercdrive.fr/image.ashx?id=2397863&use=l&cat=p&typeid=i","cat":284504},{"id":187613,"n":"Petits pots bébé P'TITE RECETTE Poisson provençal 12M+ - 2x200g","p":2.2,"u":"5,50 €/KG","img":"https://fd6-photos.leclercdrive.fr/image.ashx?id=2737150&use=l&cat=p&typeid=i","cat":312237},{"id":187632,"n":"Boisson aux fruits Jafun Troipical - 1.5L","p":1.4,"u":"0,93 €/L","img":"https://fd6-photos.leclercdrive.fr/image.ashx?id=2956783&use=l&cat=p&typeid=i","cat":284916},{"id":187633,"n":"Boisson aux fruits Jafun Fruits du Verger - 1.5L","p":1.39,"u":"0,93 €/L","img":"https://fd6-photos.leclercdrive.fr/image.ashx?id=2956786&use=l&cat=p&typeid=i","cat":284917},{"id":187651,"n":"Culotte menstruelle Noir Taille haute - L 40/42 Lot de 3","p":47.28,"u":"15,76 €/P","img":"https://fd6-photos.leclercdrive.fr/image.ashx?id=2795267&use=l&cat=p&typeid=i","cat":284624},{"id":187652,"n":"Culotte menstruelle Noir Taille haute XL 42/44 Lot de 3","p":47.28,"u":"15,76 €/P","img":"https://fd6-photos.leclercdrive.fr/image.ashx?id=2795270&use=l&cat=p&typeid=i","cat":284624},{"id":187672,"n":"Gel douche lait Cottage Framboise Bio - 550ml","p":4.11,"u":"7,47 €/L","img":"https://fd6-photos.leclercdrive.fr/image.ashx?id=2398880&use=l&cat=p&typeid=i","cat":284594},{"id":187808,"n":"Haricots rouges D'aucy  2x125g","p":1.87,"u":"7,48 €/KG","img":"https://fd6-photos.leclercdrive.fr/image.ashx?id=2861933&use=l&cat=p&typeid=i","cat":312606},{"id":187926,"n":"Muesli Bio Village Crousti bio - Chocolat","p":2.9,"u":"5,80 €/KG","img":"https://fd6-photos.leclercdrive.fr/image.ashx?id=2598716&use=l&cat=p&typeid=i","cat":309512},{"id":187931,"n":"Nouilles Sautées Yakisoba Curry - 93g","p":2.01,"u":"21,61 €/KG","img":"https://fd6-photos.leclercdrive.fr/image.ashx?id=2536146&use=l&cat=p&typeid=i","cat":288992},{"id":187986,"n":"Déodorant stick Mennen  Homme intraçable 72h - 60ml","p":3.64,"u":"60,67 €/L","img":"https://fd6-photos.leclercdrive.fr/image.ashx?id=2402346&use=l&cat=p&typeid=i","cat":284618},{"id":187987,"n":"Déodorant stick Homme Mennen 24H Musk Sans Alcool - 60ml","p":3.18,"u":"53,00 €/L","img":"https://fd6-photos.leclercdrive.fr/image.ashx?id=2869113&use=l&cat=p&typeid=i","cat":284618},{"id":187989,"n":"Lait corps hydratant Mixa Raffermissant  - 250ml","p":4.4,"u":"17,60 €/L","img":"https://fd6-photos.leclercdrive.fr/image.ashx?id=2402358&use=l&cat=p&typeid=i","cat":325349},{"id":187990,"n":"Lait Corps Réparateur Mixa Peau abîmée desséchée - 300ml","p":3.53,"u":"11,77 €/L","img":"https://fd6-photos.leclercdrive.fr/image.ashx?id=2908186&use=l&cat=p&typeid=i","cat":325349},{"id":187999,"n":"Lait Corps réparateur Mixa Peaux desséchées - 300ml","p":3.58,"u":"11,93 €/L","img":"https://fd6-photos.leclercdrive.fr/image.ashx?id=2402394&use=l&cat=p&typeid=i","cat":325349},{"id":188001,"n":"Gel coiffant Vivelle DOP Fixation Extrême - 190ml","p":3.75,"u":"19,74 €/L","img":"https://fd6-photos.leclercdrive.fr/image.ashx?id=2402403&use=l&cat=p&typeid=i","cat":284609},{"id":188003,"n":"Gel Coiffant Béton Dop Vivelle Fixation 24h - 190ml","p":3.75,"u":"19,74 €/L","img":"https://fd6-photos.leclercdrive.fr/image.ashx?id=2402406&use=l&cat=p&typeid=i","cat":284609},{"id":188013,"n":"Tablette de chocolat Lindt Lait extra fin - 3x100g","p":5.74,"u":"19,13 €/KG","img":"https://fd6-photos.leclercdrive.fr/image.ashx?id=2655853&use=l&cat=p&typeid=i","cat":284497},{"id":188014,"n":"Café en Grains Carte Noire  Arabica Classique - 1kg","p":20.77,"u":"20,77 €/KG","img":"https://fd6-photos.leclercdrive.fr/image.ashx?id=2980130&use=l&cat=p&typeid=i","cat":293237},{"id":188015,"n":"Cœurs de palmier D'aucy  125g","p":4.27,"u":"19,41 €/KG","img":"https://fd6-photos.leclercdrive.fr/image.ashx?id=2401369&use=l&cat=p&typeid=i","cat":312611},{"id":188160,"n":"Whisky Roe & Co  45% vol. - 70cl","p":30.45,"u":"43,50 €/L","img":"https://fd6-photos.leclercdrive.fr/image.ashx?id=2525405&use=l&cat=p&typeid=i","cat":284547},{"id":188168,"n":"Féta AOP Salakis Fromage brebis et chèvre - 150g","p":2.87,"u":"19,13 €/KG","img":"https://fd6-photos.leclercdrive.fr/image.ashx?id=2879128&use=l&cat=p&typeid=i","cat":314026},{"id":188205,"n":"Lait bébé Candia Baby croissance 3ème âge - 1L","p":1.93,"u":"1,93 €/L","img":"https://fd6-photos.leclercdrive.fr/image.ashx?id=2963337&use=l&cat=p&typeid=i","cat":284728},{"id":188271,"n":"Matière grasse doux Astra  À tartiner à cuire 70%MG - 500g","p":2.59,"u":"5,18 €/KG","img":"https://fd6-photos.leclercdrive.fr/image.ashx?id=2406301&use=l&cat=p&typeid=i","cat":315229},{"id":188293,"n":"Moutarde Amora Mi-forte - 260g","p":2.38,"u":"9,15 €/KG","img":"https://fd6-photos.leclercdrive.fr/image.ashx?id=3005398&use=l&cat=p&typeid=i","cat":288850},{"id":188294,"n":"Jambon Le Bon Paris Herta À l'étouffé x2 - 85g","p":1.48,"u":"17,41 €/KG","img":"https://fd6-photos.leclercdrive.fr/image.ashx?id=2566263&use=l&cat=p&typeid=i","cat":316009},{"id":188295,"n":"Jambon Le Bon Paris Herta À l'étouffée x4 - 170g","p":2.1,"u":"12,35 €/KG","img":"https://fd6-photos.leclercdrive.fr/image.ashx?id=2731390&use=l&cat=p&typeid=i","cat":316009},{"id":188296,"n":"Jambon Le Bon Paris Herta À l'étouffée x6 - 255g","p":2.95,"u":"11,57 €/KG","img":"https://fd6-photos.leclercdrive.fr/image.ashx?id=2418720&use=l&cat=p&typeid=i","cat":316009},{"id":188297,"n":"Jambon Le Bon Paris Herta À l'étouffée x8 - 340g","p":3.86,"u":"11,35 €/KG","img":"https://fd6-photos.leclercdrive.fr/image.ashx?id=2921519&use=l&cat=p&typeid=i","cat":316009},{"id":188299,"n":"Jambon Le Bon Paris Herta À l'étouffée x10 - 425g","p":4.77,"u":"11,22 €/KG","img":"https://fd6-photos.leclercdrive.fr/image.ashx?id=2757599&use=l&cat=p&typeid=i","cat":316009},{"id":188383,"n":"Ail blanc bio Bio Village 250g","p":3.79,"u":"15,16 €/KG","img":"https://fd6-photos.leclercdrive.fr/image.ashx?id=2922457&use=l&cat=p&typeid=i","cat":284352},{"id":188703,"n":"Aubergine Eco+ 500g","p":0.99,"u":"1,98 €/KG","img":"https://fd6-photos.leclercdrive.fr/image.ashx?id=2907153&use=l&cat=p&typeid=i","cat":284352},{"id":188718,"n":"Avocat Bio Bio Village En barquette x2","p":3.59,"u":"1,80 €/P","img":"https://fd6-photos.leclercdrive.fr/image.ashx?id=2551984&use=l&cat=p&typeid=i","cat":284352},{"id":188723,"n":"Avocats mûrs à point  Panier du Primeur x2","p":3.39,"u":"1,70 €/P","img":"https://fd6-photos.leclercdrive.fr/image.ashx?id=2373012&use=l&cat=p&typeid=i","cat":284352},{"id":188740,"n":"Avocats Eco+ Filet x3","p":1.99,"u":"0,66 €/P","img":"https://fd6-photos.leclercdrive.fr/image.ashx?id=2373009&use=l&cat=p&typeid=i","cat":284352},{"id":188798,"n":"Bananes Panier du Primeur x5","p":1.69,"u":"0,34 €/P","img":"https://fd6-photos.leclercdrive.fr/image.ashx?id=2302456&use=l&cat=p&typeid=i","cat":284356},{"id":189048,"n":"Carottes filière  Panier du Primeur - 1kg","p":1.49,"u":"1,49 €/KG","img":"https://fd6-photos.leclercdrive.fr/image.ashx?id=2920229&use=l&cat=p&typeid=i","cat":284352},{"id":189070,"n":"Carottes Eco+ Sachet de 2kg","p":1.89,"u":"0,95 €/KG","img":"https://fd6-photos.leclercdrive.fr/image.ashx?id=2922376&use=l&cat=p&typeid=i","cat":284352},{"id":189333,"n":"Champignons de Paris blancs Bio Bio Village - 200g","p":2.39,"u":"11,95 €/KG","img":"https://fd6-photos.leclercdrive.fr/image.ashx?id=2960550&use=l&cat=p&typeid=i","cat":284352},{"id":189375,"n":"Champignons de Paris bruns Panier du Primeur - 250g","p":1.79,"u":"7,16 €/KG","img":"https://fd6-photos.leclercdrive.fr/image.ashx?id=2600255&use=l&cat=p&typeid=i","cat":284352},{"id":189758,"n":"Citrons bio Bio Village Sachet x4","p":1.99,"u":"0,50 €/P","img":"https://fd6-photos.leclercdrive.fr/image.ashx?id=2805063&use=l&cat=p&typeid=i","cat":284356},{"id":189795,"n":"Citrons jaunes non traités Panier du Primeur Sachet x4","p":1.89,"u":"0,47 €/P","img":"https://fd6-photos.leclercdrive.fr/image.ashx?id=2930906&use=l&cat=p&typeid=i","cat":284356},{"id":189904,"n":"Concombre Bio Bio Village x1","p":1.99,"img":"https://fd6-photos.leclercdrive.fr/image.ashx?id=2334257&use=l&cat=p&typeid=i","cat":284352},{"id":190200,"n":"Butternut 1p","p":1.99,"img":"https://fd6-photos.leclercdrive.fr/image.ashx?id=1631577&use=l&cat=p&typeid=i","cat":284352},{"id":190437,"n":"Echalote traditionnelle filière Panier du Primeur Filet 250g","p":0.99,"u":"3,96 €/KG","img":"https://fd6-photos.leclercdrive.fr/image.ashx?id=2965500&use=l&cat=p&typeid=i","cat":284352},{"id":190458,"n":"Échalotes traditionnelles bio  Bio Village - 250g","p":1.99,"u":"7,96 €/KG","img":"https://fd6-photos.leclercdrive.fr/image.ashx?id=2922454&use=l&cat=p&typeid=i","cat":284352},{"id":190686,"n":"Framboises Panier du Primeur 125g","p":2.59,"u":"20,72 €/KG","img":"https://fd6-photos.leclercdrive.fr/image.ashx?id=2843800&use=l&cat=p&typeid=i","cat":284356},{"id":190896,"n":"Tomate ronde  1P","p":0.75,"img":"https://fd6-photos.leclercdrive.fr/image.ashx?id=1633361&use=l&cat=p&typeid=i","cat":284352},{"id":191671,"n":"Pomme de terre de consommation  10kg","p":5.99,"u":"0,60 €/KG","img":"https://fd6-photos.leclercdrive.fr/image.ashx?id=588938&use=l&cat=p&typeid=i","cat":284352},{"id":191748,"n":"Pomme de terre Bio Bio Village Four Potage - 1.5kg","p":2.99,"u":"1,99 €/KG","img":"https://fd6-photos.leclercdrive.fr/image.ashx?id=2959752&use=l&cat=p&typeid=i","cat":284352},{"id":192021,"n":"Pommes de terre pour four purée potage Panier du Primeur - 2kg","p":2.29,"u":"1,15 €/KG","img":"https://fd6-photos.leclercdrive.fr/image.ashx?id=2959641&use=l&cat=p&typeid=i","cat":284352},{"id":192026,"n":"Pomme de terre filière vapeur  sautées Panier du Primeur - 2kg","p":2.29,"u":"1,15 €/KG","img":"https://fd6-photos.leclercdrive.fr/image.ashx?id=2959644&use=l&cat=p&typeid=i","cat":284352},{"id":192031,"n":"Pomme de terre pour frites Panier du Primeur - 2kg","p":2.29,"u":"1,15 €/KG","img":"https://fd6-photos.leclercdrive.fr/image.ashx?id=2959737&use=l&cat=p&typeid=i","cat":284352},{"id":192060,"n":"Pommes de terre Grenailles  Panier du Primeur - 1kg","p":1.99,"u":"1,99 €/KG","img":"https://fd6-photos.leclercdrive.fr/image.ashx?id=2233214&use=l&cat=p&typeid=i","cat":284352},{"id":192070,"n":"Pomme de terre grenailles bio Bio Village - 750g","p":1.99,"u":"2,65 €/KG","img":"https://fd6-photos.leclercdrive.fr/image.ashx?id=2960574&use=l&cat=p&typeid=i","cat":284352},{"id":192159,"n":"Pommes de terre Eco+ 1.5kg","p":0.99,"u":"0,66 €/KG","img":"https://fd6-photos.leclercdrive.fr/image.ashx?id=2282349&use=l&cat=p&typeid=i","cat":284352},{"id":192543,"n":"Pomme jaune bio Bio Village x4","p":1.99,"u":"0,50 €/P","img":"https://fd6-photos.leclercdrive.fr/image.ashx?id=2556544&use=l&cat=p&typeid=i","cat":284356},{"id":192639,"n":"Pommes bicolores Panier du Primeur Barquette x6","p":2.49,"u":"0,42 €/P","img":"https://fd6-photos.leclercdrive.fr/image.ashx?id=2553920&use=l&cat=p&typeid=i","cat":284356},{"id":192643,"n":"Pommes vertes Panier du Primeur Barquette x6","p":2.49,"u":"0,42 €/P","img":"https://fd6-photos.leclercdrive.fr/image.ashx?id=2338703&use=l&cat=p&typeid=i","cat":284356},{"id":192750,"n":"Pommes jaunes Eco+ Sachet 2kg","p":2.99,"u":"1,50 €/KG","img":"https://fd6-photos.leclercdrive.fr/image.ashx?id=2441890&use=l&cat=p&typeid=i","cat":284356},{"id":193081,"n":"Poivrons bicolores Eco+ x2","p":0.99,"u":"0,50 €/P","img":"https://fd6-photos.leclercdrive.fr/image.ashx?id=2709716&use=l&cat=p&typeid=i","cat":284352},{"id":193248,"n":"Poire bio Bio Village Barquette x4","p":2.99,"u":"0,75 €/P","img":"https://fd6-photos.leclercdrive.fr/image.ashx?id=2552002&use=l&cat=p&typeid=i","cat":284356},{"id":193281,"n":"Poires Panier du Primeur Mûre à point Filière x4","p":3.49,"u":"0,87 €/P","img":"https://fd6-photos.leclercdrive.fr/image.ashx?id=2955038&use=l&cat=p&typeid=i","cat":284356},{"id":193533,"n":"Kiwis Bio Bio Village x6","p":3.49,"u":"0,58 €/P","img":"https://fd6-photos.leclercdrive.fr/image.ashx?id=2556443&use=l&cat=p&typeid=i","cat":284356},{"id":193554,"n":"Kiwi Panier du Primeur Filière Mûrs à point - x6","p":3.99,"u":"0,67 €/P","img":"https://fd6-photos.leclercdrive.fr/image.ashx?id=2955047&use=l&cat=p&typeid=i","cat":284356},{"id":193605,"n":"Kiwi jaune 1p","p":0.69,"img":"https://fd6-photos.leclercdrive.fr/image.ashx?id=1633952&use=l&cat=p&typeid=i","cat":284356},{"id":193824,"n":"Mandarines Panier du Primeur Filet 1.5kg","p":3.99,"u":"2,66 €/KG","img":"https://fd6-photos.leclercdrive.fr/image.ashx?id=2922433&use=l&cat=p&typeid=i","cat":284356},{"id":194064,"n":"Jambon Le Bon Paris Herta  sans nitrite x6 - 210g","p":3.46,"u":"16,48 €/KG","img":"https://fd6-photos.leclercdrive.fr/image.ashx?id=2731396&use=l&cat=p&typeid=i","cat":316009},{"id":194066,"n":"Jambon Le Bon Paris Herta  Torchon sans nitrite x4 - 140g","p":3.2,"u":"22,86 €/KG","img":"https://fd6-photos.leclercdrive.fr/image.ashx?id=2995070&use=l&cat=p&typeid=i","cat":316009},{"id":194071,"n":"Jambon Le Bon Paris Herta -25% de sel x2 - 70g","p":1.48,"u":"21,14 €/KG","img":"https://fd6-photos.leclercdrive.fr/image.ashx?id=2405899&use=l&cat=p&typeid=i","cat":316009},{"id":194073,"n":"Jambon Le Bon Paris Herta -25% de sel x4 - 140g","p":2.39,"u":"17,07 €/KG","img":"https://fd6-photos.leclercdrive.fr/image.ashx?id=2995067&use=l&cat=p&typeid=i","cat":316009},{"id":194075,"n":"Jambon Le Bon Paris Herta -25%  de sel sans nitrite x4 - 140g","p":2.61,"u":"18,64 €/KG","img":"https://fd6-photos.leclercdrive.fr/image.ashx?id=2910124&use=l&cat=p&typeid=i","cat":316009},{"id":194078,"n":"Jambon Le Bon Paris Herta Fumé x4 - 140g","p":2.47,"u":"17,64 €/KG","img":"https://fd6-photos.leclercdrive.fr/image.ashx?id=2918664&use=l&cat=p&typeid=i","cat":316009},{"id":194080,"n":"Jambon Le Bon Paris Herta  broche sans nitrite x4 - 140g","p":3.17,"u":"22,64 €/KG","img":"https://fd6-photos.leclercdrive.fr/image.ashx?id=2881804&use=l&cat=p&typeid=i","cat":316009},{"id":194081,"n":"Jambon Le Bon Paris Fumé Herta sans nitrite x4 - 140g","p":2.77,"u":"19,79 €/KG","img":"https://fd6-photos.leclercdrive.fr/image.ashx?id=2881807&use=l&cat=p&typeid=i","cat":316009},{"id":194293,"n":"Croquette chiot poulet Edgard et Cooper - 1kg","p":8.8,"u":"8,80 €/KG","img":"https://fd6-photos.leclercdrive.fr/image.ashx?id=2407967&use=l&cat=p&typeid=i","cat":284672},{"id":194296,"n":"Bloc de fromage Leerdammer Le Moelleux - 250g","p":3.7,"u":"14,80 €/KG","img":"https://fd6-photos.leclercdrive.fr/image.ashx?id=2421606&use=l&cat=p&typeid=i","cat":314034},{"id":194297,"n":"Tranches de fromage Leerdammer L'Original - 8 Tranches - 200g","p":2.44,"u":"12,20 €/KG","img":"https://fd6-photos.leclercdrive.fr/image.ashx?id=2489199&use=l&cat=p&typeid=i","cat":314028},{"id":194298,"n":"Tranches de fromage Leerdammer L'Original - 16 Tranches - 400g","p":4.61,"u":"11,53 €/KG","img":"https://fd6-photos.leclercdrive.fr/image.ashx?id=2489196&use=l&cat=p&typeid=i","cat":314028},{"id":194299,"n":"Tranches de fromage Leerdammer Le Moelleux-10 Tranches-250g","p":3.85,"u":"15,40 €/KG","img":"https://fd6-photos.leclercdrive.fr/image.ashx?id=2507599&use=l&cat=p&typeid=i","cat":314028},{"id":194310,"n":"Bonbons KINDER Schoko-Bons Chocolat blanc - 200G","p":3.85,"u":"19,25 €/KG","img":"https://fd6-photos.leclercdrive.fr/image.ashx?id=2406265&use=l&cat=p&typeid=i","cat":304238},{"id":194699,"n":"Lait Corps Nourissant Mixa Effet Soleil - 250ml","p":4.59,"u":"18,36 €/L","img":"https://fd6-photos.leclercdrive.fr/image.ashx?id=2409379&use=l&cat=p&typeid=i","cat":325349},{"id":194730,"n":"Aura Diffuseur sticks Fleur de coton - 50ml","p":4.4,"u":"88,00 €/L","img":"https://fd6-photos.leclercdrive.fr/image.ashx?id=2411486&use=l&cat=p&typeid=i","cat":311627},{"id":194731,"n":"Aura diffuseur sticks  Cerise - Grands espaces - 50ml","p":4.3,"u":"86,00 €/L","img":"https://fd6-photos.leclercdrive.fr/image.ashx?id=2411483&use=l&cat=p&typeid=i","cat":311627},{"id":194732,"n":"Aura diffuseur sticks Coco - Grands espaces - 50 ml","p":4.3,"u":"86,00 €/L","img":"https://fd6-photos.leclercdrive.fr/image.ashx?id=2411489&use=l&cat=p&typeid=i","cat":311627},{"id":194733,"n":"Aura diffuseurs sticks Fruits des bois - 50ml","p":4.3,"u":"86,00 €/L","img":"https://fd6-photos.leclercdrive.fr/image.ashx?id=2411480&use=l&cat=p&typeid=i","cat":311627},{"id":195919,"n":"Jambon Le Bon Paris Herta  sans nitrite x2 - 70g","p":1.82,"u":"26,00 €/KG","img":"https://fd6-photos.leclercdrive.fr/image.ashx?id=2413531&use=l&cat=p&typeid=i","cat":316009},{"id":195922,"n":"Jambon Le Bon Paris Herta sans nitrite  x4 - 140g","p":2.28,"u":"16,29 €/KG","img":"https://fd6-photos.leclercdrive.fr/image.ashx?id=2535135&use=l&cat=p&typeid=i","cat":316009},{"id":195960,"n":"Coton-tiges bébé Mots d'Enfants Bio - x60","p":0.65,"u":"0,01 €/P","img":"https://fd6-photos.leclercdrive.fr/image.ashx?id=3015129&use=l&cat=p&typeid=i","cat":284739},{"id":195965,"n":"Mascara waterproof Maybelline Sky High volume & longueur Noir","p":10.93,"img":"https://fd6-photos.leclercdrive.fr/image.ashx?id=2833153&use=l&cat=p&typeid=i","cat":287029},{"id":195972,"n":"Mascara L'Oréal Paris  Pro XXL effet rehaussement cils","p":15.33,"img":"https://fd6-photos.leclercdrive.fr/image.ashx?id=2412837&use=l&cat=p&typeid=i","cat":287029},{"id":195981,"n":"Liquide vaisselle Excel Paic Anti-odeur actif à froid -500ml","p":2.18,"u":"4,36 €/L","img":"https://fd6-photos.leclercdrive.fr/image.ashx?id=2413176&use=l&cat=p&typeid=i","cat":284655},{"id":195983,"n":"Liquide vaisselle Excel Paic Dégraissant actif à froid 500ml","p":1.92,"u":"3,84 €/L","img":"https://fd6-photos.leclercdrive.fr/image.ashx?id=2413182&use=l&cat=p&typeid=i","cat":284655},{"id":195985,"n":"Mascara Volume L'Oréal Paris Pro Xxl Effet Faux Cils","p":12.79,"img":"https://fd6-photos.leclercdrive.fr/image.ashx?id=2412840&use=l&cat=p&typeid=i","cat":287029},{"id":196116,"n":"Jambon Le Bon Paris Herta  -25% Sel x6 - 210g","p":2.76,"u":"13,14 €/KG","img":"https://fd6-photos.leclercdrive.fr/image.ashx?id=2707750&use=l&cat=p&typeid=i","cat":316009},{"id":196122,"n":"Jambon Le Bon Paris Herta Fumé x6 - 210g","p":3.65,"u":"17,38 €/KG","img":"https://fd6-photos.leclercdrive.fr/image.ashx?id=2970870&use=l&cat=p&typeid=i","cat":316009},{"id":196123,"n":"Eyeliner L'Oréal Paris  Infaillible Waterproof Noir","p":10.69,"img":"https://fd6-photos.leclercdrive.fr/image.ashx?id=2419179&use=l&cat=p&typeid=i","cat":287029},{"id":196175,"n":"Capsules Starbucks by Nespresso  House Blend Int 8 - x18","p":6.05,"u":"58,74 €/KG","img":"https://fd6-photos.leclercdrive.fr/image.ashx?id=3009113&use=l&cat=p&typeid=i","cat":284749},{"id":196176,"n":"Capsules Starbucks by Nespresso  Espresso Roast Int 11 - x18","p":6.05,"u":"58,74 €/KG","img":"https://fd6-photos.leclercdrive.fr/image.ashx?id=2737144&use=l&cat=p&typeid=i","cat":284749},{"id":196241,"n":"Jambon supérieur Eco+ Sans couenne 4 tranches - 160g","p":1.4,"u":"8,75 €/KG","img":"https://fd6-photos.leclercdrive.fr/image.ashx?id=2744407&use=l&cat=p&typeid=i","cat":316009},{"id":196266,"n":"Mousse à Raser 0% Alcool Mennen Peaux sensibles - 250ml","p":2.25,"u":"9,00 €/L","img":"https://fd6-photos.leclercdrive.fr/image.ashx?id=2661733&use=l&cat=p&typeid=i","cat":284617},{"id":196267,"n":"Mousse à Raser 0% Alcool Mennen Hypoallergénique - 250ml","p":2.25,"u":"9,00 €/L","img":"https://fd6-photos.leclercdrive.fr/image.ashx?id=2661736&use=l&cat=p&typeid=i","cat":284617},{"id":196278,"n":"Crème à récurer CIF Citron CleanBoost 101 Usages 750ml","p":2.66,"u":"3,55 €/L","img":"https://fd6-photos.leclercdrive.fr/image.ashx?id=2948540&use=l&cat=p&typeid=i","cat":325357},{"id":196280,"n":"Couches Jumbo Biolane Taille 5 - x40","p":17.5,"u":"0,44 €/P","img":"https://fd6-photos.leclercdrive.fr/image.ashx?id=2876527&use=l&cat=p&typeid=i","cat":284737},{"id":196321,"n":"Jambon supérieur Eco+ Sans couenne 6 tranches - 240g","p":2.09,"u":"8,71 €/KG","img":"https://fd6-photos.leclercdrive.fr/image.ashx?id=2706556&use=l&cat=p&typeid=i","cat":316009},{"id":196353,"n":"Chardons liqueurs  jacquot x4 - 300g","p":8.39,"u":"27,97 €/KG","img":"https://fd6-photos.leclercdrive.fr/image.ashx?id=2416685&use=l&cat=p&typeid=i","cat":327601},{"id":196377,"n":"Mix sélection white Kinder Chocolat - 137g","p":7.95,"u":"58,03 €/KG","img":"https://fd6-photos.leclercdrive.fr/image.ashx?id=2689091&use=l&cat=p&typeid=i","cat":327592},{"id":196379,"n":"Boîte chocolats Ferrero Rocher x30 pralines - 375g","p":8.76,"u":"23,36 €/KG","img":"https://fd6-photos.leclercdrive.fr/image.ashx?id=2938091&use=l&cat=p&typeid=i","cat":327600},{"id":196380,"n":"Pralines Raffaello Noix de coco amandes x40- 400g","p":11.17,"u":"27,93 €/KG","img":"https://fd6-photos.leclercdrive.fr/image.ashx?id=2945005&use=l&cat=p&typeid=i","cat":327595},{"id":196383,"n":"Assortiment Etoile Delacre Biscuits - 454g","p":11.48,"u":"25,29 €/KG","img":"https://fd6-photos.leclercdrive.fr/image.ashx?id=2946919&use=l&cat=p&typeid=i","cat":284490},{"id":196422,"n":"Mini roc  Côte d'Or Mix - 279g","p":10.78,"u":"38,64 €/KG","img":"https://fd6-photos.leclercdrive.fr/image.ashx?id=2792945&use=l&cat=p&typeid=i","cat":327595},{"id":196423,"n":"Mini roc Côte d'Or Mix - 195g","p":7.49,"u":"38,41 €/KG","img":"https://fd6-photos.leclercdrive.fr/image.ashx?id=2427491&use=l&cat=p&typeid=i","cat":327595},{"id":196431,"n":"Beurre Nature de Breton  Demi-sel - 80% MG - 250g","p":2.65,"u":"10,60 €/KG","img":"https://fd6-photos.leclercdrive.fr/image.ashx?id=2872042&use=l&cat=p&typeid=i","cat":284379},{"id":196439,"n":"Beurre Nature de Breton Doux - 82% MG - 250g","p":2.64,"u":"10,56 €/KG","img":"https://fd6-photos.leclercdrive.fr/image.ashx?id=2872039&use=l&cat=p&typeid=i","cat":284379},{"id":196452,"n":"Authentique Revillon  Pralinés - 360g","p":9.58,"u":"26,61 €/KG","img":"https://fd6-photos.leclercdrive.fr/image.ashx?id=2662000&use=l&cat=p&typeid=i","cat":327597},{"id":196488,"n":"Authentique Revillon Chocolat  Lait Voie Lactée - 360g","p":7.67,"u":"21,31 €/KG","img":"https://fd6-photos.leclercdrive.fr/image.ashx?id=2662116&use=l&cat=p&typeid=i","cat":327597},{"id":196566,"n":"Fromage de Chèvre Chavroux Frais Nature - 150g","p":2.07,"u":"13,80 €/KG","img":"https://fd6-photos.leclercdrive.fr/image.ashx?id=2912161&use=l&cat=p&typeid=i","cat":314031},{"id":196647,"n":"Spray dégraissant Chanteclair Universel Marseille - 600ml","p":2.33,"u":"3,88 €/L","img":"https://fd6-photos.leclercdrive.fr/image.ashx?id=2419743&use=l&cat=p&typeid=i","cat":325357},{"id":196663,"n":"Boisson énergisante Monster Nitro Superdry - 50cl","p":1.67,"u":"3,34 €/L","img":"https://fd6-photos.leclercdrive.fr/image.ashx?id=2419395&use=l&cat=p&typeid=i","cat":284533},{"id":196687,"n":"Pizza Numero Uno Italpizza 5 Fromaggi - 410g","p":3.59,"u":"8,76 €/KG","img":"https://fd6-photos.leclercdrive.fr/image.ashx?id=2419761&use=l&cat=p&typeid=i","cat":284256},{"id":196798,"n":"Lait en poudre Picot  1er âge - 850g","p":18.39,"u":"21,64 €/KG","img":"https://fd6-photos.leclercdrive.fr/image.ashx?id=2925421&use=l&cat=p&typeid=i","cat":284726},{"id":196799,"n":"Lait en poudre Picot 2ème âge - 850g","p":14.96,"u":"17,60 €/KG","img":"https://fd6-photos.leclercdrive.fr/image.ashx?id=2925424&use=l&cat=p&typeid=i","cat":284727},{"id":196800,"n":"Lait de croissance Picot 3ème âge - 850g","p":12.03,"u":"14,15 €/KG","img":"https://fd6-photos.leclercdrive.fr/image.ashx?id=2925427&use=l&cat=p&typeid=i","cat":290219},{"id":196806,"n":"Gâteau de semoule Yabon Nappage chocolat - 420g","p":2.44,"u":"5,81 €/KG","img":"https://fd6-photos.leclercdrive.fr/image.ashx?id=2644818&use=l&cat=p&typeid=i","cat":284506},{"id":196837,"n":"Velouté 8 légumes du potager Florette - 1L","p":3.88,"u":"3,88 €/L","img":"https://fd6-photos.leclercdrive.fr/image.ashx?id=2840223&use=l&cat=p&typeid=i","cat":284355},{"id":196839,"n":"Velouté potiron carotte Florette - 1L","p":2.98,"u":"2,98 €/L","img":"https://fd6-photos.leclercdrive.fr/image.ashx?id=2840235&use=l&cat=p&typeid=i","cat":284355},{"id":196856,"n":"Croquettes chat Purina One Chat stérilisé sensible - 1.5kg","p":7.79,"u":"5,19 €/KG","img":"https://fd6-photos.leclercdrive.fr/image.ashx?id=2488085&use=l&cat=p&typeid=i","cat":284680},{"id":196892,"n":"Café en Grains Carte Noire  Secrets de Nature Congusta  1kg","p":21.78,"u":"21,78 €/KG","img":"https://fd6-photos.leclercdrive.fr/image.ashx?id=2863869&use=l&cat=p&typeid=i","cat":293237},{"id":196965,"n":"Liqueur de menthe Get 27 17,9° - 70cl","p":12.38,"u":"17,69 €/L","img":"https://fd6-photos.leclercdrive.fr/image.ashx?id=2835565&use=l&cat=p&typeid=i","cat":286032},{"id":196989,"n":"Assortiment compotes x Materne  Pomme Poire banane mangue 100g","p":6.19,"u":"3,87 €/KG","img":"https://fd6-photos.leclercdrive.fr/image.ashx?id=2721595&use=l&cat=p&typeid=i","cat":284508},{"id":197161,"n":"Traîneau chocolat oeuf Kinder Jaune - 75g","p":3.48,"u":"46,40 €/KG","img":"https://fd6-photos.leclercdrive.fr/image.ashx?id=2426809&use=l&cat=p&typeid=i","cat":327592},{"id":197163,"n":"Traîneau chocolat œuf Kinder Blanc - 75g","p":3.48,"u":"46,40 €/KG","img":"https://fd6-photos.leclercdrive.fr/image.ashx?id=2426812&use=l&cat=p&typeid=i","cat":327592},{"id":197164,"n":"Traîneau chocolat œuf Kinder Vert - 75g","p":3.48,"u":"46,40 €/KG","img":"https://fd6-photos.leclercdrive.fr/image.ashx?id=2426815&use=l&cat=p&typeid=i","cat":327592},{"id":197174,"n":"Colle Super glue 3 Loctite Power gel - 3x1g","p":4.3,"u":"1,43 €/P","img":"https://fd6-photos.leclercdrive.fr/image.ashx?id=2425682&use=l&cat=p&typeid=i","cat":300576},{"id":197175,"n":"Tube mastic Re-New Rubson Blanc - 5m de joint","p":8.84,"u":"110,50 €/KG","img":"https://fd6-photos.leclercdrive.fr/image.ashx?id=2425685&use=l&cat=p&typeid=i","cat":300576},{"id":197206,"n":"Oeuf maxi Kinder Surprise Vert Père noel - 100g","p":6.47,"u":"64,70 €/KG","img":"https://fd6-photos.leclercdrive.fr/image.ashx?id=2428935&use=l&cat=p&typeid=i","cat":327592},{"id":197241,"n":"Oranges à jus Panier du Primeur Filet 2kg","p":3.39,"u":"1,70 €/KG","img":"https://fd6-photos.leclercdrive.fr/image.ashx?id=2414570&use=l&cat=p&typeid=i","cat":284356},{"id":197247,"n":"Oranges à déguster Panier du Primeur Filet 2kg","p":3.19,"u":"1,60 €/KG","img":"https://fd6-photos.leclercdrive.fr/image.ashx?id=2414567&use=l&cat=p&typeid=i","cat":284356},{"id":197277,"n":"Orange à déguster bio Bio Village Sachet x4","p":2.79,"u":"0,70 €/P","img":"https://fd6-photos.leclercdrive.fr/image.ashx?id=2801061&use=l&cat=p&typeid=i","cat":284356},{"id":197351,"n":"Yaourt ferments lactiques Alsa Onctueux 4 sachets - 8g","p":2.85,"u":"356,25 €/KG","img":"https://fd6-photos.leclercdrive.fr/image.ashx?id=2999832&use=l&cat=p&typeid=i","cat":284505},{"id":197475,"n":"Effilés Chat Junior Purina One Sauce saumon ou poulet - 8x85g","p":4.66,"u":"6,85 €/KG","img":"https://fd6-photos.leclercdrive.fr/image.ashx?id=2899731&use=l&cat=p&typeid=i","cat":285286},{"id":197486,"n":"Soupe en sachets chat Felix Selection de poissons - 6x48g","p":2.15,"u":"7,47 €/KG","img":"https://fd6-photos.leclercdrive.fr/image.ashx?id=2968553&use=l&cat=p&typeid=i","cat":285286},{"id":197547,"n":"Bâtonnets à mâcher Dentalife ActivFresh - 115g - x7","p":2.21,"u":"19,22 €/KG","img":"https://fd6-photos.leclercdrive.fr/image.ashx?id=2902373&use=l&cat=p&typeid=i","cat":294527},{"id":197561,"n":"Bâtonnet à mâcher Dentalife ActivFresh - 115g - x5","p":2.16,"u":"18,78 €/KG","img":"https://fd6-photos.leclercdrive.fr/image.ashx?id=2427697&use=l&cat=p&typeid=i","cat":294527},{"id":197625,"n":"Tablette de chocolat noir Lindt 3x100g","p":4.62,"u":"15,40 €/KG","img":"https://fd6-photos.leclercdrive.fr/image.ashx?id=2721422&use=l&cat=p&typeid=i","cat":284956},{"id":197658,"n":"Assiettes d'escargots Escal Lot de 3 - 202g","p":12.99,"pp":8.57,"u":"42,43 €/KG","img":"https://fd6-photos.leclercdrive.fr/image.ashx?id=2966686&use=l&cat=p&typeid=i","cat":319775},{"id":197660,"n":"36 Escargots Escal à l'alsacienne - 202g","p":12.99,"pp":8.57,"u":"42,43 €/KG","img":"https://fd6-photos.leclercdrive.fr/image.ashx?id=2966683&use=l&cat=p&typeid=i","cat":319775},{"id":197697,"n":"Crème de nuit L'Oréal Paris Age perfect Anti-âge - 50ml","p":11.97,"pp":7.9,"u":"158,00 €/L","img":"https://fd6-photos.leclercdrive.fr/image.ashx?id=2428441&use=l&cat=p&typeid=i","cat":325345},{"id":197713,"n":"Fromage à Tartiner St Môret  Nature - 500g","p":5.55,"u":"11,10 €/KG","img":"https://fd6-photos.leclercdrive.fr/image.ashx?id=2427991&use=l&cat=p&typeid=i","cat":314029},{"id":197740,"n":"Père Magloire Calvados VSOP - 70cl","p":23.95,"pp":16.76,"u":"23,94 €/L","img":"https://fd6-photos.leclercdrive.fr/image.ashx?id=2429254&use=l&cat=p&typeid=i","cat":284550},{"id":197793,"n":"Mini muffins pizza 9x15g - 135g","p":4.91,"u":"36,37 €/KG","img":"https://fd6-photos.leclercdrive.fr/image.ashx?id=2634016&use=l&cat=p&typeid=i","cat":316003},{"id":197901,"n":"Citron jaune Rustica 500ml","p":1.93,"u":"3,86 €/L","img":"https://fd6-photos.leclercdrive.fr/image.ashx?id=2453947&use=l&cat=p&typeid=i","cat":288383},{"id":197909,"n":"Chocolat Peluche mix Kinder Léopard - 133g","p":13.92,"u":"104,66 €/KG","img":"https://fd6-photos.leclercdrive.fr/image.ashx?id=2447850&use=l&cat=p&typeid=i","cat":327789},{"id":197910,"n":"Chocolat Peluche mix Kinder Tigre - 133g","p":13.92,"u":"104,66 €/KG","img":"https://fd6-photos.leclercdrive.fr/image.ashx?id=2447853&use=l&cat=p&typeid=i","cat":327789},{"id":197916,"n":"Tasse céramique Avengers Captain America - 34g","p":5.65,"u":"166,18 €/KG","img":"https://fd6-photos.leclercdrive.fr/image.ashx?id=2451789&use=l&cat=p&typeid=i","cat":327789},{"id":197930,"n":"Kiwi jaune Panier du Primeur x4","p":3.49,"u":"0,87 €/P","img":"https://fd6-photos.leclercdrive.fr/image.ashx?id=2928303&use=l&cat=p&typeid=i","cat":284356},{"id":197936,"n":"Freixenet sans alcool   0% - 75cl","p":5.45,"u":"7,27 €/L","img":"https://fd6-photos.leclercdrive.fr/image.ashx?id=2429944&use=l&cat=p&typeid=i","cat":289460},{"id":198001,"n":"Tomate cerise Eco+ Barquette 250g","p":0.99,"u":"3,96 €/KG","img":"https://fd6-photos.leclercdrive.fr/image.ashx?id=2968067&use=l&cat=p&typeid=i","cat":284352},{"id":198193,"n":"Bière Lindemans framboise 25cl","p":1.81,"u":"7,24 €/L","img":"https://fd6-photos.leclercdrive.fr/image.ashx?id=2433458&use=l&cat=p&typeid=i","cat":334872},{"id":198195,"n":"Bière Lindemans New Pecheresse 25cl","p":1.98,"u":"7,92 €/L","img":"https://fd6-photos.leclercdrive.fr/image.ashx?id=2433461&use=l&cat=p&typeid=i","cat":334872},{"id":198220,"n":"Colle Répare tout Sader Instantanée Gel - 3x1g","p":7.58,"img":"https://fd6-photos.leclercdrive.fr/image.ashx?id=2435423&use=l&cat=p&typeid=i","cat":300576},{"id":198224,"n":"Colle Répare tout Sader Instantanée Liquide - 3x1g","p":7.41,"img":"https://fd6-photos.leclercdrive.fr/image.ashx?id=2435414&use=l&cat=p&typeid=i","cat":300576},{"id":198231,"n":"Pâte Répare tout Sader Pâte à réparer Epoxy - 57g","p":10.16,"img":"https://fd6-photos.leclercdrive.fr/image.ashx?id=2435429&use=l&cat=p&typeid=i","cat":300576},{"id":198233,"n":"Colle Répare tout  Extreme Gel - 20g","p":9.53,"img":"https://fd6-photos.leclercdrive.fr/image.ashx?id=2435411&use=l&cat=p&typeid=i","cat":300576},{"id":198268,"n":"Gin Bombay Citron Pressé 37,5° - 70cl","p":22.58,"u":"32,26 €/L","img":"https://fd6-photos.leclercdrive.fr/image.ashx?id=2842951&use=l&cat=p&typeid=i","cat":284550},{"id":198289,"n":"Colle Répare tout Sader Extrême Gel - 30g","p":11.76,"img":"https://fd6-photos.leclercdrive.fr/image.ashx?id=2435432&use=l&cat=p&typeid=i","cat":300576},{"id":198319,"n":"Boisson énergisante Monster Mango loco - 4x50cl","p":6.16,"u":"3,08 €/L","img":"https://fd6-photos.leclercdrive.fr/image.ashx?id=2983465&use=l&cat=p&typeid=i","cat":284533},{"id":198338,"n":"Confiture Douceur du Verger Fraise intense - 320 g","p":1.42,"u":"4,44 €/KG","img":"https://fd6-photos.leclercdrive.fr/image.ashx?id=2965605&use=l&cat=p&typeid=i","cat":284480},{"id":198348,"n":"Confiture Douceur du Verger Abricot intense - 320 g","p":1.42,"u":"4,44 €/KG","img":"https://fd6-photos.leclercdrive.fr/image.ashx?id=2965608&use=l&cat=p&typeid=i","cat":284480},{"id":198349,"n":"Confiture Douceur du Verger Myrtille intense - 320g","p":1.99,"u":"6,22 €/KG","img":"https://fd6-photos.leclercdrive.fr/image.ashx?id=2965611&use=l&cat=p&typeid=i","cat":284480},{"id":198355,"n":"Confiture Douceur du Verger Framboise intense - 320g","p":2.1,"u":"6,56 €/KG","img":"https://fd6-photos.leclercdrive.fr/image.ashx?id=2965614&use=l&cat=p&typeid=i","cat":284480},{"id":198356,"n":"Confiture Douceur du Verger 3 agrumes Intense - 320g","p":1.66,"u":"5,19 €/KG","img":"https://fd6-photos.leclercdrive.fr/image.ashx?id=2966376&use=l&cat=p&typeid=i","cat":284480},{"id":198357,"n":"Confiture Douceur du Verger Fruits rouges intense - 320g","p":1.7,"u":"5,31 €/KG","img":"https://fd6-photos.leclercdrive.fr/image.ashx?id=2965617&use=l&cat=p&typeid=i","cat":284480},{"id":198522,"n":"Haricots vert Bio Village Bio - 180g","p":1.99,"u":"11,06 €/KG","img":"https://fd6-photos.leclercdrive.fr/image.ashx?id=3002713&use=l&cat=p&typeid=i","cat":312606},{"id":198523,"n":"Desserts Lactés P'TIT ONCTUEUX Fromage blanc 6M+ - 4x90g","p":2.11,"u":"5,86 €/KG","img":"https://fd6-photos.leclercdrive.fr/image.ashx?id=2435707&use=l&cat=p&typeid=i","cat":312392},{"id":198524,"n":"Desserts Lactés P'TIT ONCTUEUX Banane 6M+ - 4x90g","p":2.05,"u":"5,69 €/KG","img":"https://fd6-photos.leclercdrive.fr/image.ashx?id=2435710&use=l&cat=p&typeid=i","cat":312392},{"id":198528,"n":"Bouillon Cube Bio Maggi Volaille dégraissé - 80g","p":1.8,"u":"22,50 €/KG","img":"https://fd6-photos.leclercdrive.fr/image.ashx?id=2435722&use=l&cat=p&typeid=i","cat":288379},{"id":198535,"n":"Velouté Knorr Légumes français -1L","p":2.94,"u":"2,94 €/L","img":"https://fd6-photos.leclercdrive.fr/image.ashx?id=2435935&use=l&cat=p&typeid=i","cat":284462},{"id":198570,"n":"Vitamine C Vitavea A croquer - 28 comprimés","p":4.19,"u":"0,15 €/P","img":"https://fd6-photos.leclercdrive.fr/image.ashx?id=2850542&use=l&cat=p&typeid=i","cat":313217},{"id":198582,"n":"Desserts Lactés P'TIT ONCTUEUX Mangue ananas 6M+ - 4x90g","p":2.09,"u":"5,81 €/KG","img":"https://fd6-photos.leclercdrive.fr/image.ashx?id=2435932&use=l&cat=p&typeid=i","cat":312392},{"id":198623,"n":"Capsules Nescafé Dolce Gusto  Double Espresso - x16","p":5.01,"u":"36,84 €/KG","img":"https://fd6-photos.leclercdrive.fr/image.ashx?id=2687245&use=l&cat=p&typeid=i","cat":293239},{"id":198693,"n":"AOP Crémant d'Alsace blanc Arthur Metz - 75cl","p":10.58,"u":"14,11 €/L","img":"https://fd6-photos.leclercdrive.fr/image.ashx?id=2436356&use=l&cat=p&typeid=i","cat":284545},{"id":198716,"n":"Mélange grillé Seeberger Non salé  - 150g","p":5.32,"u":"35,47 €/KG","img":"https://fd6-photos.leclercdrive.fr/image.ashx?id=2950612&use=l&cat=p&typeid=i","cat":316002},{"id":198794,"n":"Protège-slips Doulys Ultra-mince Long - x30","p":1.25,"u":"0,04 €/P","img":"https://fd6-photos.leclercdrive.fr/image.ashx?id=2882343&use=l&cat=p&typeid=i","cat":284625},{"id":198835,"n":"Gel à raser Satin Care Gillette Nettoyant 2 en 1 - 190ML","p":13.33,"u":"70,16 €/L","img":"https://fd6-photos.leclercdrive.fr/image.ashx?id=2529132&use=l&cat=p&typeid=i","cat":325352},{"id":198870,"n":"Assortiment mini éclairs  Et choux - Poppies - 345g","p":4.99,"u":"14,46 €/KG","img":"https://fd6-photos.leclercdrive.fr/image.ashx?id=2439689&use=l&cat=p&typeid=i","cat":284267},{"id":198871,"n":"Rasoir Gillette Proglides 2 lames - x1","p":17.99,"img":"https://fd6-photos.leclercdrive.fr/image.ashx?id=2689094&use=l&cat=p&typeid=i","cat":284616},{"id":198877,"n":"Rasoir Mach 3 Gillette 3 lames -x1","p":6.23,"img":"https://fd6-photos.leclercdrive.fr/image.ashx?id=2971416&use=l&cat=p&typeid=i","cat":284616},{"id":198924,"n":"Gel à raser GilletteLabs Skin Care - 198ml","p":6.0,"u":"30,30 €/MT","img":"https://fd6-photos.leclercdrive.fr/image.ashx?id=2955215&use=l&cat=p&typeid=i","cat":284617},{"id":198951,"n":"Rasoir GilletteLabs Barre exfoliante - 3 lames - x1","p":35.8,"img":"https://fd6-photos.leclercdrive.fr/image.ashx?id=2437011&use=l&cat=p&typeid=i","cat":284616},{"id":198959,"n":"Gel désodorisant Uni vert Lavande Eucalyptus","p":1.39,"img":"https://fd6-photos.leclercdrive.fr/image.ashx?id=2478934&use=l&cat=p&typeid=i","cat":311628},{"id":198968,"n":"Bloc wc javel Syphon eau bleue x2 - 100g","p":1.78,"u":"17,80 €/KG","img":"https://fd6-photos.leclercdrive.fr/image.ashx?id=2437005&use=l&cat=p&typeid=i","cat":284662},{"id":198972,"n":"Nettoyant ménager Clair Désinfectant - 5L","p":3.96,"u":"0,79 €/L","img":"https://fd6-photos.leclercdrive.fr/image.ashx?id=2909407&use=l&cat=p&typeid=i","cat":284907},{"id":198974,"n":"Perles désodorisantes Bien Air Agrumes","p":2.39,"img":"https://fd6-photos.leclercdrive.fr/image.ashx?id=2466892&use=l&cat=p&typeid=i","cat":311628},{"id":198977,"n":"Bûche Nestlé Caramel Beurre Salé, 1l","p":5.98,"u":"5,98 €/L","img":"https://fd6-photos.leclercdrive.fr/image.ashx?id=2936701&use=l&cat=p&typeid=i","cat":284266},{"id":199017,"n":"Single Malt Scotch Whisky Glen Moray - 70cl 40% vol.","p":25.4,"pp":21.4,"u":"30,57 €/L","img":"https://fd6-photos.leclercdrive.fr/image.ashx?id=2439611&use=l&cat=p&typeid=i","cat":284547},{"id":199027,"n":"AOP Bordeaux supérieur vin Rouge Château de Goelane - 75cl","p":5.94,"u":"7,92 €/L","img":"https://fd6-photos.leclercdrive.fr/image.ashx?id=2438450&use=l&cat=p&typeid=i","cat":289556},{"id":199066,"n":"Escargots Bourgogne Label Rouge Recette Bourguignone x36 223g","p":18.9,"pp":12.47,"u":"55,92 €/KG","img":"https://fd6-photos.leclercdrive.fr/image.ashx?id=2628776&use=l&cat=p&typeid=i","cat":319775},{"id":199134,"n":"Moulage chocolat Kinder Père Noel - 110g","p":3.7,"u":"33,64 €/KG","img":"https://fd6-photos.leclercdrive.fr/image.ashx?id=2438108&use=l&cat=p&typeid=i","cat":327592},{"id":199267,"n":"Bûche glacée Pilpa Douceur Citron Meringue 464g","p":5.27,"u":"11,36 €/KG","img":"https://fd6-photos.leclercdrive.fr/image.ashx?id=2751030&use=l&cat=p&typeid=i","cat":284266},{"id":199298,"n":"Bûche glacée Eskiss Façon Pêche Melba - 565g","p":3.89,"u":"6,88 €/KG","img":"https://fd6-photos.leclercdrive.fr/image.ashx?id=2791377&use=l&cat=p&typeid=i","cat":284266},{"id":199367,"n":"Pancakes Le Ster  Pépite chocolat - 280g","p":2.32,"u":"8,29 €/KG","img":"https://fd6-photos.leclercdrive.fr/image.ashx?id=2962569&use=l&cat=p&typeid=i","cat":284495},{"id":199530,"n":"Lait corps Mixa Anti-dessèchement - 400ml","p":4.48,"u":"11,20 €/L","img":"https://fd6-photos.leclercdrive.fr/image.ashx?id=2444372&use=l&cat=p&typeid=i","cat":325349},{"id":199552,"n":"Dentifrice Elmex Anti-caries Original - 75ml","p":4.79,"u":"63,87 €/L","img":"https://fd6-photos.leclercdrive.fr/image.ashx?id=2852181&use=l&cat=p&typeid=i","cat":284612},{"id":199553,"n":"Dentifrice Elmex Sensitive Original - 75ml","p":4.46,"u":"59,47 €/L","img":"https://fd6-photos.leclercdrive.fr/image.ashx?id=2738404&use=l&cat=p&typeid=i","cat":284612},{"id":199554,"n":"Dentifrice Elmex Sensitive  Haleine fraîche - 75ml","p":3.9,"u":"52,00 €/L","img":"https://fd6-photos.leclercdrive.fr/image.ashx?id=2738407&use=l&cat=p&typeid=i","cat":284612},{"id":199557,"n":"Dentifrice Elmex Anti-caries Haleine fraîche - 75 ml","p":3.98,"u":"53,07 €/MT","img":"https://fd6-photos.leclercdrive.fr/image.ashx?id=2738419&use=l&cat=p&typeid=i","cat":284612},{"id":199559,"n":"Dentifrice Elmex Sensitive  Blancheur douce - 2x75ml","p":9.23,"u":"61,53 €/MT","img":"https://fd6-photos.leclercdrive.fr/image.ashx?id=2738425&use=l&cat=p&typeid=i","cat":284612},{"id":199598,"n":"Désodorisant diffuseur Airwick  Active Fresh Vanille - 228ml","p":8.47,"u":"37,15 €/L","img":"https://fd6-photos.leclercdrive.fr/image.ashx?id=2864672&use=l&cat=p&typeid=i","cat":311629},{"id":199655,"n":"Bûchettes Délices Pilpa Vanille Fruits  x6 - 351g","p":3.24,"u":"9,23 €/KG","img":"https://fd6-photos.leclercdrive.fr/image.ashx?id=2444060&use=l&cat=p&typeid=i","cat":284266},{"id":200153,"n":"Repas bébé Blédina 15 mois légumes boulghour merlu 200g","p":2.48,"u":"12,40 €/KG","img":"https://fd6-photos.leclercdrive.fr/image.ashx?id=2975101&use=l&cat=p&typeid=i","cat":312238},{"id":200175,"n":"Plat bébé soir Blédiner 15 mois Pâtes légumes - 200g","p":2.36,"u":"11,80 €/KG","img":"https://fd6-photos.leclercdrive.fr/image.ashx?id=2866295&use=l&cat=p&typeid=i","cat":312239},{"id":200188,"n":"Ramen Cup Oyakata Poulet Shio - 63g","p":1.58,"u":"25,08 €/KG","img":"https://fd6-photos.leclercdrive.fr/image.ashx?id=2446128&use=l&cat=p&typeid=i","cat":288992},{"id":200202,"n":"Repas bébé Blédina 15 mois carotte haricot riz bœuf 200g","p":2.36,"u":"11,80 €/KG","img":"https://fd6-photos.leclercdrive.fr/image.ashx?id=2586586&use=l&cat=p&typeid=i","cat":312238},{"id":200218,"n":"Repas bébé Blédina 15 mois carotte pâte épices poulet 200g","p":2.41,"u":"12,05 €/KG","img":"https://fd6-photos.leclercdrive.fr/image.ashx?id=2951632&use=l&cat=p&typeid=i","cat":312238},{"id":200297,"n":"Deuxième Génération 1820 blanc Jeanne & Célerin - 75cl","p":15.9,"u":"21,20 €/L","img":"https://fd6-photos.leclercdrive.fr/image.ashx?id=2447984&use=l&cat=p&typeid=i","cat":289557},{"id":200310,"n":"Champagne Tsarine Demi-sec 75cl","p":34.99,"u":"46,65 €/L","img":"https://fd6-photos.leclercdrive.fr/image.ashx?id=2447957&use=l&cat=p&typeid=i","cat":284542},{"id":200314,"n":"Bières Saveurs de la Brasserie  Goudale - Coffret 8x33cl","p":11.9,"u":"4,51 €/L","img":"https://fd6-photos.leclercdrive.fr/image.ashx?id=2447945&use=l&cat=p&typeid=i","cat":334872},{"id":200316,"n":"Olives Vertes dénoyautées Piment espelette - 170g","p":2.33,"u":"13,71 €/KG","img":"https://fd6-photos.leclercdrive.fr/image.ashx?id=2685913&use=l&cat=p&typeid=i","cat":284450},{"id":200317,"n":"Olives Vertes et noires  Dénoyautées - 170g","p":2.46,"u":"14,47 €/KG","img":"https://fd6-photos.leclercdrive.fr/image.ashx?id=2733511&use=l&cat=p&typeid=i","cat":284450},{"id":200320,"n":"Brossettes Oral-B  Bundle Sensitive 4+4+2","p":62.95,"img":"https://fd6-photos.leclercdrive.fr/image.ashx?id=2454523&use=l&cat=p&typeid=i","cat":297133},{"id":200321,"n":"Brossettes Oral-B Bundle Cross Action 4+4+2","p":61.18,"img":"https://fd6-photos.leclercdrive.fr/image.ashx?id=2454526&use=l&cat=p&typeid=i","cat":297133},{"id":200323,"n":"Cassoulet Castelnaudary NRT 420g","p":2.5,"u":"5,95 €/KG","img":"https://fd6-photos.leclercdrive.fr/image.ashx?id=2805990&use=l&cat=p&typeid=i","cat":284440},{"id":200368,"n":"Tartines croustillantes Wasa Complet - 260g","p":2.49,"u":"9,58 €/KG","img":"https://fd6-photos.leclercdrive.fr/image.ashx?id=2448196&use=l&cat=p&typeid=i","cat":284479},{"id":200377,"n":"Plat bébé soir Blédîner 15 mois Légumes macaroni persil - 200g","p":2.36,"u":"11,80 €/KG","img":"https://fd6-photos.leclercdrive.fr/image.ashx?id=2866292&use=l&cat=p&typeid=i","cat":312239},{"id":200378,"n":"Repas bébé Blédina 15 mois Pâtes brocolis jambon - 200g","p":2.36,"u":"11,80 €/KG","img":"https://fd6-photos.leclercdrive.fr/image.ashx?id=2975104&use=l&cat=p&typeid=i","cat":312238},{"id":200379,"n":"Cassoulet Castelnaud NRT 840g","p":4.3,"u":"5,12 €/KG","img":"https://fd6-photos.leclercdrive.fr/image.ashx?id=2805993&use=l&cat=p&typeid=i","cat":284440},{"id":200384,"n":"Grande flute Eco+ Fromage - 150g","p":1.39,"u":"9,27 €/KG","img":"https://fd6-photos.leclercdrive.fr/image.ashx?id=2681461&use=l&cat=p&typeid=i","cat":297000},{"id":200466,"n":"Gougères L'Atelier Traiteur x16 - 175g","p":4.49,"u":"25,66 €/KG","img":"https://fd6-photos.leclercdrive.fr/image.ashx?id=2815656&use=l&cat=p&typeid=i","cat":316003},{"id":200470,"n":"Brocoli Eco+ 400g","p":0.99,"u":"2,48 €/KG","img":"https://fd6-photos.leclercdrive.fr/image.ashx?id=2953398&use=l&cat=p&typeid=i","cat":284352},{"id":200602,"n":"Verrines aux crevettes L'Atelier Traiteur x4 - 180g","p":3.95,"u":"21,94 €/KG","img":"https://fd6-photos.leclercdrive.fr/image.ashx?id=2449792&use=l&cat=p&typeid=i","cat":316003},{"id":200604,"n":"Verrines au saumon L'Atelier Traiteur x4 - 180g","p":3.95,"u":"21,94 €/KG","img":"https://fd6-photos.leclercdrive.fr/image.ashx?id=2449795&use=l&cat=p&typeid=i","cat":316003},{"id":200638,"n":"Tarama Truffe Ronde des Mers - 100g","p":1.99,"u":"19,90 €/KG","img":"https://fd6-photos.leclercdrive.fr/image.ashx?id=2822761&use=l&cat=p&typeid=i","cat":315999},{"id":200648,"n":"Escargot de Bourgogne surgelé L'origine du goût x12 - 110g","p":6.99,"u":"63,55 €/KG","img":"https://fd6-photos.leclercdrive.fr/image.ashx?id=2809885&use=l&cat=p&typeid=i","cat":319775},{"id":200709,"n":"Soupe liquide brique Liebig  Cèpes & Bolets - 2x30cl","p":2.79,"u":"4,65 €/L","img":"https://fd6-photos.leclercdrive.fr/image.ashx?id=2472204&use=l&cat=p&typeid=i","cat":284462},{"id":200714,"n":"Céréales Lion Nestlé   Triple Crunchy - 550g","p":4.23,"u":"7,69 €/KG","img":"https://fd6-photos.leclercdrive.fr/image.ashx?id=2893538&use=l&cat=p&typeid=i","cat":309513},{"id":200722,"n":"Tasse céramique Captain America Chocolat au lait - 34g","p":5.65,"u":"166,18 €/KG","img":"https://fd6-photos.leclercdrive.fr/image.ashx?id=2451789&use=l&cat=p&typeid=i","cat":327789},{"id":200763,"n":"Gel lavant hydratant Sanytol Aloe vera Bio - 250ml","p":2.7,"u":"10,80 €/L","img":"https://fd6-photos.leclercdrive.fr/image.ashx?id=2905273&use=l&cat=p&typeid=i","cat":284597},{"id":200772,"n":"Lingettes désinfectantes Lysol  Linge Frais - x30","p":2.1,"u":"0,07 €/P","img":"https://fd6-photos.leclercdrive.fr/image.ashx?id=2453580&use=l&cat=p&typeid=i","cat":null},{"id":200774,"n":"AIRWICK Recharge Active Fresh Désodorisant Vanille - 228ml","p":5.97,"u":"26,18 €/L","img":"https://fd6-photos.leclercdrive.fr/image.ashx?id=2864675&use=l&cat=p&typeid=i","cat":311629},{"id":200779,"n":"Nettoyant sol Vigor Désincrustant intense - 1L","p":3.18,"u":"3,18 €/L","img":"https://fd6-photos.leclercdrive.fr/image.ashx?id=2736160&use=l&cat=p&typeid=i","cat":284907},{"id":200781,"n":"Serviettes hygiéniques Nana Maxi régulier+ x16","p":1.96,"u":"0,12 €/P","img":"https://fd6-photos.leclercdrive.fr/image.ashx?id=2454454&use=l&cat=p&typeid=i","cat":284624},{"id":201017,"n":"Crêpes dentelles Bretagne NRT 120g","p":1.72,"u":"14,33 €/KG","img":"https://fd6-photos.leclercdrive.fr/image.ashx?id=2622359&use=l&cat=p&typeid=i","cat":284487},{"id":201107,"n":"Café dosettes Tassimo Café au Lait x21","p":5.43,"u":"22,44 €/KG","img":"https://fd6-photos.leclercdrive.fr/image.ashx?id=2457605&use=l&cat=p&typeid=i","cat":293240},{"id":201136,"n":"Pizza Crust Sodebo Kebab Poulet - 580g","p":6.37,"u":"10,98 €/KG","img":"https://fd6-photos.leclercdrive.fr/image.ashx?id=2645507&use=l&cat=p&typeid=i","cat":333679},{"id":201192,"n":"Boisson fermentée désalcoolisée Rouge - à base de raisin - 75cl","p":2.98,"u":"3,97 €/L","img":"https://fd6-photos.leclercdrive.fr/image.ashx?id=2477664&use=l&cat=p&typeid=i","cat":284549},{"id":201193,"n":"Boisson fermentée désalcoolisée Rosé - à base de raisin - 75cl","p":3.26,"u":"4,35 €/L","img":"https://fd6-photos.leclercdrive.fr/image.ashx?id=2477667&use=l&cat=p&typeid=i","cat":284549},{"id":201194,"n":"Boisson fermentée désalcoolisée Blanc - à base de raisin - 75cl","p":3.29,"u":"4,39 €/L","img":"https://fd6-photos.leclercdrive.fr/image.ashx?id=2477670&use=l&cat=p&typeid=i","cat":284549},{"id":201203,"n":"Préparation Pancakes Mapple Joe - 215g 8à10 pancakes","p":2.63,"u":"12,23 €/KG","img":"https://fd6-photos.leclercdrive.fr/image.ashx?id=2657394&use=l&cat=p&typeid=i","cat":284504},{"id":201227,"n":"Boisson pétillante sans alcool Bio - Listel Pêche - 75cl","p":3.79,"u":"5,05 €/L","img":"https://fd6-photos.leclercdrive.fr/image.ashx?id=2732419&use=l&cat=p&typeid=i","cat":289460},{"id":201228,"n":"Boisson pétillante sans alcool Bio - Listel Raisin - 75cl","p":3.79,"u":"5,05 €/L","img":"https://fd6-photos.leclercdrive.fr/image.ashx?id=2455921&use=l&cat=p&typeid=i","cat":284549},{"id":201229,"n":"Boisson pétillante sans alcool Bio - Listel Framboise - 75cl","p":3.79,"u":"5,05 €/L","img":"https://fd6-photos.leclercdrive.fr/image.ashx?id=2732422&use=l&cat=p&typeid=i","cat":284549},{"id":201243,"n":"AOP Vin blanc Monbazillac 37.5cl","p":3.99,"u":"10,64 €/L","img":"https://fd6-photos.leclercdrive.fr/image.ashx?id=2756894&use=l&cat=p&typeid=i","cat":289557},{"id":201298,"n":"Fromage enfant La Vache qui rit Original 12P à tartiner - 192g","p":2.46,"u":"12,81 €/KG","img":"https://fd6-photos.leclercdrive.fr/image.ashx?id=2945442&use=l&cat=p&typeid=i","cat":314030},{"id":201300,"n":"Fromage enfant La Vache qui rit Original 32P à tartiner - 512g","p":4.8,"u":"9,38 €/KG","img":"https://fd6-photos.leclercdrive.fr/image.ashx?id=2945448&use=l&cat=p&typeid=i","cat":314030},{"id":201351,"n":"Framboises Fresh Cueillette 500g","p":5.19,"u":"10,38 €/KG","img":"https://fd6-photos.leclercdrive.fr/image.ashx?id=2600746&use=l&cat=p&typeid=i","cat":284268},{"id":201455,"n":"Thé vert Boost Yate x20 - 32g","p":1.49,"u":"46,56 €/KG","img":"https://fd6-photos.leclercdrive.fr/image.ashx?id=2897811&use=l&cat=p&typeid=i","cat":293233},{"id":201456,"n":"Maté Yate x20 - 30g","p":1.49,"u":"49,67 €/KG","img":"https://fd6-photos.leclercdrive.fr/image.ashx?id=2854252&use=l&cat=p&typeid=i","cat":293233},{"id":201457,"n":"Infusion détente Tisea x20","p":1.49,"u":"46,56 €/KG","img":"https://fd6-photos.leclercdrive.fr/image.ashx?id=2672948&use=l&cat=p&typeid=i","cat":293234},{"id":201458,"n":"Chips ondulées Pom' Lisse 135g","p":1.29,"u":"9,56 €/KG","img":"https://fd6-photos.leclercdrive.fr/image.ashx?id=2644695&use=l&cat=p&typeid=i","cat":284447},{"id":201459,"n":"Haricot vert Notre Jardin Beurre - 280g","p":2.39,"u":"8,54 €/KG","img":"https://fd6-photos.leclercdrive.fr/image.ashx?id=3002650&use=l&cat=p&typeid=i","cat":312606},{"id":201460,"n":"Terrine de campagne Côté Table Sel de guérande - 180g","p":1.47,"u":"8,17 €/KG","img":"https://fd6-photos.leclercdrive.fr/image.ashx?id=2460418&use=l&cat=p&typeid=i","cat":305149},{"id":201461,"n":"Terrine de campagne bio Piment d’Espelette - 180g","p":2.99,"u":"16,61 €/KG","img":"https://fd6-photos.leclercdrive.fr/image.ashx?id=2460421&use=l&cat=p&typeid=i","cat":305149},{"id":201528,"n":"Porto ruby Dorrao 18%vol - 75cl","p":8.39,"u":"11,19 €/L","img":"https://fd6-photos.leclercdrive.fr/image.ashx?id=2869871&use=l&cat=p&typeid=i","cat":284913},{"id":201607,"n":"Rasoirs jetables Wilkinson Extra 3 Essentials - x4","p":3.64,"u":"0,91 €/P","img":"https://fd6-photos.leclercdrive.fr/image.ashx?id=2462840&use=l&cat=p&typeid=i","cat":325352},{"id":201688,"n":"Beurre plaquette Eco+ Doux - 60% MG  - 200g","p":1.45,"u":"7,25 €/KG","img":"https://fd6-photos.leclercdrive.fr/image.ashx?id=2794187&use=l&cat=p&typeid=i","cat":284379},{"id":201689,"n":"Café capsules Plantation Lungo -","p":5.15,"u":"33,01 €/KG","img":"https://fd6-photos.leclercdrive.fr/image.ashx?id=2860085&use=l&cat=p&typeid=i","cat":284749},{"id":201690,"n":"Beurre plaquette Eco+ Demi-sel - 60% MG - 200g","p":1.47,"u":"7,35 €/KG","img":"https://fd6-photos.leclercdrive.fr/image.ashx?id=2794184&use=l&cat=p&typeid=i","cat":284379},{"id":201692,"n":"Frites Crousti Express Findus Micro-ondes Allumette 2x100g","p":1.71,"u":"8,55 €/KG","img":"https://fd6-photos.leclercdrive.fr/image.ashx?id=2648274&use=l&cat=p&typeid=i","cat":319791},{"id":201693,"n":"Frites Crousti Express Findus Micro-ondes Classique 2x100g","p":1.62,"u":"8,10 €/KG","img":"https://fd6-photos.leclercdrive.fr/image.ashx?id=2648271&use=l&cat=p&typeid=i","cat":319791},{"id":201694,"n":"Frites Crousti Express Findus Micro-ondes Quartiers - 2x100g","p":1.74,"u":"8,70 €/KG","img":"https://fd6-photos.leclercdrive.fr/image.ashx?id=2653789&use=l&cat=p&typeid=i","cat":319791},{"id":201702,"n":"Bière Leffe Ruby 5% - 6x25cl","p":5.29,"u":"3,53 €/L","img":"https://fd6-photos.leclercdrive.fr/image.ashx?id=2811581&use=l&cat=p&typeid=i","cat":334878},{"id":201706,"n":"Bière Leffe Ruby 5% - 12x25cl","p":9.27,"u":"3,09 €/L","img":"https://fd6-photos.leclercdrive.fr/image.ashx?id=2813008&use=l&cat=p&typeid=i","cat":334878},{"id":201708,"n":"Spray Solaire Garnier Hypoallergénique SPF50+ - 150ml","p":9.6,"u":"64,00 €/L","img":"https://fd6-photos.leclercdrive.fr/image.ashx?id=2572272&use=l&cat=p&typeid=i","cat":325355},{"id":201725,"n":"Lait Solaire SPF50+ Garnier Hypoallergénique - 175ml","p":10.97,"u":"62,69 €/L","img":"https://fd6-photos.leclercdrive.fr/image.ashx?id=2569728&use=l&cat=p&typeid=i","cat":325355},{"id":201726,"n":"Spray Solaire Enfants Garnier Hypoallergénique SPF50+ - 150ml","p":11.2,"u":"74,67 €/L","img":"https://fd6-photos.leclercdrive.fr/image.ashx?id=2552847&use=l&cat=p&typeid=i","cat":325355},{"id":201729,"n":"Lait Fluide SPF50+ Garnier Hydratant - 175ml","p":12.39,"u":"70,80 €/L","img":"https://fd6-photos.leclercdrive.fr/image.ashx?id=2464168&use=l&cat=p&typeid=i","cat":325355},{"id":201732,"n":"Brume solaire Ambre Solaire  Brume sèche SPF30 - 200ml","p":12.1,"u":"60,50 €/L","img":"https://fd6-photos.leclercdrive.fr/image.ashx?id=2464171&use=l&cat=p&typeid=i","cat":null},{"id":201762,"n":"Complément alimentaire Vitavea Gummies cheveux sublimes","p":7.5,"u":"0,19 €/P","img":"https://fd6-photos.leclercdrive.fr/image.ashx?id=2695926&use=l&cat=p&typeid=i","cat":313217},{"id":201772,"n":"Dentifrice Elmex Sensitive Blancheur douce - 75ml","p":5.41,"u":"72,13 €/L","img":"https://fd6-photos.leclercdrive.fr/image.ashx?id=2721187&use=l&cat=p&typeid=i","cat":284612},{"id":201774,"n":"Sous-vêtements nuit DryNites® Garçons 4-7 ans (17-30 kg) x16","p":12.76,"u":"0,80 €/P","img":"https://fd6-photos.leclercdrive.fr/image.ashx?id=2844727&use=l&cat=p&typeid=i","cat":290633},{"id":201775,"n":"Sous-vêtements nuit DryNites® Garçons 8-13 ans (30-48 kg) x13","p":11.85,"u":"0,91 €/P","img":"https://fd6-photos.leclercdrive.fr/image.ashx?id=2971314&use=l&cat=p&typeid=i","cat":290633},{"id":201776,"n":"Sous-vêtements nuit DryNites® Filles 8-13 ans (30-48 kg) x13","p":11.85,"u":"0,91 €/P","img":"https://fd6-photos.leclercdrive.fr/image.ashx?id=2844736&use=l&cat=p&typeid=i","cat":290633},{"id":201791,"n":"Soupe en sachets chat Felix Sélection de poissons - 6x48g","p":2.06,"u":"7,15 €/KG","img":"https://fd6-photos.leclercdrive.fr/image.ashx?id=2887251&use=l&cat=p&typeid=i","cat":285286},{"id":201792,"n":"Mousseline Purina Gourmet Thon nappé de sauce - 4x57g","p":3.03,"u":"13,29 €/KG","img":"https://fd6-photos.leclercdrive.fr/image.ashx?id=2899722&use=l&cat=p&typeid=i","cat":285601},{"id":201835,"n":"Pizza Crousti Moelleuse Marie Royale - 500g","p":4.31,"u":"8,62 €/KG","img":"https://fd6-photos.leclercdrive.fr/image.ashx?id=2996704&use=l&cat=p&typeid=i","cat":284256},{"id":201836,"n":"Pizza Crousti Moelleuse Marie 4 fromages - 500g","p":4.29,"u":"8,58 €/KG","img":"https://fd6-photos.leclercdrive.fr/image.ashx?id=2996701&use=l&cat=p&typeid=i","cat":284256},{"id":201837,"n":"Protège-slips Doulys Ultra-mince normal - x45","p":0.87,"u":"0,02 €/P","img":"https://fd6-photos.leclercdrive.fr/image.ashx?id=2849590&use=l&cat=p&typeid=i","cat":284625},{"id":201839,"n":"Sauce arrabbiata Turini 420g","p":1.14,"u":"2,71 €/KG","img":"https://fd6-photos.leclercdrive.fr/image.ashx?id=2465062&use=l&cat=p&typeid=i","cat":287599},{"id":201915,"n":"Protège-slips Doulys Slip ou string - x45","p":1.61,"u":"0,04 €/P","img":"https://fd6-photos.leclercdrive.fr/image.ashx?id=2466919&use=l&cat=p&typeid=i","cat":284625},{"id":201934,"n":"Protège-slips Vania Confort Fresh - x56","p":2.28,"img":"https://fd6-photos.leclercdrive.fr/image.ashx?id=2735227&use=l&cat=p&typeid=i","cat":284625},{"id":201935,"n":"Protège-slips Confort Vania  Sans parfum - x56","p":2.19,"u":"0,04 €/P","img":"https://fd6-photos.leclercdrive.fr/image.ashx?id=2735230&use=l&cat=p&typeid=i","cat":284625},{"id":201942,"n":"Spray désinfectant Clair Multi-surfaces - 400ml","p":3.85,"u":"9,63 €/MT","img":"https://fd6-photos.leclercdrive.fr/image.ashx?id=2467682&use=l&cat=p&typeid=i","cat":325357},{"id":201945,"n":"Gel Douche Le Petit Marseillais  Lait de vanille - 250ml","p":1.56,"u":"6,24 €/L","img":"https://fd6-photos.leclercdrive.fr/image.ashx?id=2676096&use=l&cat=p&typeid=i","cat":284594},{"id":201946,"n":"Gel Douche Le Petit Marseillais Lait de vanille - 650 ml","p":3.22,"u":"4,95 €/L","img":"https://fd6-photos.leclercdrive.fr/image.ashx?id=2674794&use=l&cat=p&typeid=i","cat":284594},{"id":201947,"n":"Gel Douche Le Petit Marseillais Fleur de cerisie - 650ml","p":3.28,"u":"5,05 €/L","img":"https://fd6-photos.leclercdrive.fr/image.ashx?id=2676099&use=l&cat=p&typeid=i","cat":284594},{"id":201949,"n":"Gel Douche Le Petit Marseillais Fleur d'oranger - 250ml","p":1.7,"u":"6,80 €/MT","img":"https://fd6-photos.leclercdrive.fr/image.ashx?id=2963397&use=l&cat=p&typeid=i","cat":284594},{"id":201950,"n":"Gel Douche Le Petit Marseillais Amande douce - 250ml","p":1.58,"u":"6,32 €/MT","img":"https://fd6-photos.leclercdrive.fr/image.ashx?id=2946592&use=l&cat=p&typeid=i","cat":284594},{"id":201951,"n":"Gel Douche Le Petit Marseillais Lait - 250ml","p":1.74,"u":"6,96 €/MT","img":"https://fd6-photos.leclercdrive.fr/image.ashx?id=2676108&use=l&cat=p&typeid=i","cat":284594},{"id":201952,"n":"Gel Douche Le Petit Marseillais Lait - 650ml","p":3.22,"u":"4,95 €/L","img":"https://fd6-photos.leclercdrive.fr/image.ashx?id=2676111&use=l&cat=p&typeid=i","cat":284594},{"id":201953,"n":"Gel Douche Le Petit Marseillais Pêche nectarine - 250ml","p":1.69,"u":"6,76 €/L","img":"https://fd6-photos.leclercdrive.fr/image.ashx?id=2938761&use=l&cat=p&typeid=i","cat":284594},{"id":201954,"n":"Gel Douche Le Petit Marseillais  Peche nectarine - 650ml","p":3.28,"u":"5,05 €/L","img":"https://fd6-photos.leclercdrive.fr/image.ashx?id=2676114&use=l&cat=p&typeid=i","cat":284594},{"id":201956,"n":"Gel Douche Le Petit Marseillais Verveine citron - 250ml","p":1.71,"u":"6,84 €/MT","img":"https://fd6-photos.leclercdrive.fr/image.ashx?id=2941769&use=l&cat=p&typeid=i","cat":284594},{"id":201957,"n":"Gel douche pamplemousse orange  Le Petit marseillais - 650ml","p":3.28,"u":"5,05 €/L","img":"https://fd6-photos.leclercdrive.fr/image.ashx?id=2676123&use=l&cat=p&typeid=i","cat":284594},{"id":201967,"n":"Bière blonde Corona 12x33cl","p":15.15,"u":"3,83 €/L","img":"https://fd6-photos.leclercdrive.fr/image.ashx?id=2544521&use=l&cat=p&typeid=i","cat":334873},{"id":201968,"n":"Bière blonde Corona Extra 4,5% - 6x33cl","p":8.19,"u":"4,14 €/L","img":"https://fd6-photos.leclercdrive.fr/image.ashx?id=2865452&use=l&cat=p&typeid=i","cat":334873},{"id":201970,"n":"Infusion Les 2 Marmottes 1,2,3… Sommeil !  x30 - 36g","p":5.34,"u":"148,33 €/KG","img":"https://fd6-photos.leclercdrive.fr/image.ashx?id=2833606&use=l&cat=p&typeid=i","cat":293234},{"id":202009,"n":"Pur jus matin tonique bio Jardin Bio - 75cl","p":2.99,"u":"3,99 €/L","img":"https://fd6-photos.leclercdrive.fr/image.ashx?id=2469238&use=l&cat=p&typeid=i","cat":284915},{"id":202018,"n":"Préparation au pavot sucre Masa Makowa - 850g","p":3.8,"u":"4,47 €/KG","img":"https://fd6-photos.leclercdrive.fr/image.ashx?id=2468918&use=l&cat=p&typeid=i","cat":284504},{"id":202019,"n":"Confiture de prunes Douceur du verger - 300g","p":2.2,"u":"7,33 €/KG","img":"https://fd6-photos.leclercdrive.fr/image.ashx?id=2468933&use=l&cat=p&typeid=i","cat":284480},{"id":202022,"n":"Sprats fumés à l'huile Wiodaca marka - 170g","p":1.98,"u":"11,65 €/KG","img":"https://fd6-photos.leclercdrive.fr/image.ashx?id=2468894&use=l&cat=p&typeid=i","cat":305147},{"id":202024,"n":"Saindoux à la viande et oignon Wiodaca marka - 250g","p":2.99,"u":"11,96 €/KG","img":"https://fd6-photos.leclercdrive.fr/image.ashx?id=2468900&use=l&cat=p&typeid=i","cat":284379},{"id":202025,"n":"Betteraves râpées Rustica - 480g","p":1.45,"u":"3,02 €/KG","img":"https://fd6-photos.leclercdrive.fr/image.ashx?id=2468903&use=l&cat=p&typeid=i","cat":312611},{"id":202026,"n":"Cornichons au sel  Wiodaca marka - 880g","p":2.7,"u":"3,07 €/KG","img":"https://fd6-photos.leclercdrive.fr/image.ashx?id=2468909&use=l&cat=p&typeid=i","cat":284458},{"id":202028,"n":"Salades légumes au vinaigre Wiodaca marka - 880g","p":1.95,"u":"2,22 €/KG","img":"https://fd6-photos.leclercdrive.fr/image.ashx?id=2468915&use=l&cat=p&typeid=i","cat":284437},{"id":202030,"n":"Raifort betteraves râpées Wiodaca marka - 290g","p":1.1,"u":"3,79 €/KG","img":"https://fd6-photos.leclercdrive.fr/image.ashx?id=2468924&use=l&cat=p&typeid=i","cat":312611},{"id":202032,"n":"Tranches de concombres Wiodaca marka - 660g","p":2.2,"u":"3,33 €/KG","img":"https://fd6-photos.leclercdrive.fr/image.ashx?id=2468930&use=l&cat=p&typeid=i","cat":312611},{"id":202035,"n":"Graines de sarrasin Wiodaca marka - 4x100g","p":2.2,"u":"5,50 €/KG","img":"https://fd6-photos.leclercdrive.fr/image.ashx?id=2468948&use=l&cat=p&typeid=i","cat":284429},{"id":202037,"n":"Mayonnaise Wiodaca Marka Polonaise - 400g","p":2.18,"u":"5,45 €/KG","img":"https://fd6-photos.leclercdrive.fr/image.ashx?id=2468954&use=l&cat=p&typeid=i","cat":298295},{"id":202038,"n":"Champignons marinés  Wiodaca marka - 280g","p":2.18,"u":"7,79 €/KG","img":"https://fd6-photos.leclercdrive.fr/image.ashx?id=2468957&use=l&cat=p&typeid=i","cat":312610},{"id":202051,"n":"Crème glacée Trium Macadamia - 430g","p":4.3,"u":"10,00 €/KG","img":"https://fd6-photos.leclercdrive.fr/image.ashx?id=2469043&use=l&cat=p&typeid=i","cat":284725},{"id":202055,"n":"Crème glacée Trium Cookie Dough - 416g","p":3.24,"u":"7,79 €/KG","img":"https://fd6-photos.leclercdrive.fr/image.ashx?id=2469040&use=l&cat=p&typeid=i","cat":284725},{"id":202059,"n":"Salade pièmontaise poulet Menu Fraîcheur - 300g","p":2.29,"u":"7,63 €/KG","img":"https://fd6-photos.leclercdrive.fr/image.ashx?id=2646017&use=l&cat=p&typeid=i","cat":333657},{"id":202064,"n":"Fromage blanc nature Délisse 500g","p":1.29,"u":"2,58 €/KG","img":"https://fd6-photos.leclercdrive.fr/image.ashx?id=3012878&use=l&cat=p&typeid=i","cat":284409},{"id":202066,"n":"Fromage blanc nature Délisse 4x100g","p":0.97,"u":"2,43 €/KG","img":"https://fd6-photos.leclercdrive.fr/image.ashx?id=3012881&use=l&cat=p&typeid=i","cat":284409},{"id":202068,"n":"Yaourt à la Grecque Délisse  450g","p":1.29,"u":"2,87 €/KG","img":"https://fd6-photos.leclercdrive.fr/image.ashx?id=2885140&use=l&cat=p&typeid=i","cat":314999},{"id":202076,"n":"AOP rosé Côte de Provence Aimé Roquesanté  - 75cl","p":6.99,"u":"9,32 €/L","img":"https://fd6-photos.leclercdrive.fr/image.ashx?id=2941032&use=l&cat=p&typeid=i","cat":289558},{"id":202399,"n":"Pur jus de grenade Jardin Bio Bio - 75cl","p":5.73,"u":"7,64 €/L","img":"https://fd6-photos.leclercdrive.fr/image.ashx?id=2471856&use=l&cat=p&typeid=i","cat":284915},{"id":202400,"n":"Pur jus Jardin Bio Matin douceur - 75cl","p":3.03,"u":"4,04 €/L","img":"https://fd6-photos.leclercdrive.fr/image.ashx?id=2471871&use=l&cat=p&typeid=i","cat":284915},{"id":202403,"n":"Pur jus Jardin Bio Multifruits - 75cl","p":3.13,"u":"4,17 €/L","img":"https://fd6-photos.leclercdrive.fr/image.ashx?id=2471862&use=l&cat=p&typeid=i","cat":284915},{"id":202404,"n":"Pur jus Jardin Bio Pamplemousse rose bio - 75cl","p":2.87,"u":"3,83 €/L","img":"https://fd6-photos.leclercdrive.fr/image.ashx?id=2835307&use=l&cat=p&typeid=i","cat":284915},{"id":202405,"n":"Pur jus bio Jardin Bio Pomme pressée - 75cl","p":2.73,"u":"3,64 €/L","img":"https://fd6-photos.leclercdrive.fr/image.ashx?id=2471859&use=l&cat=p&typeid=i","cat":284915},{"id":202406,"n":"Pur jus d'orange Jardin Bio Bio - 75cl","p":3.7,"u":"4,93 €/L","img":"https://fd6-photos.leclercdrive.fr/image.ashx?id=2471865&use=l&cat=p&typeid=i","cat":284915},{"id":202407,"n":"Pur jus Jardin Bio Raisin bio - 75cl","p":2.99,"u":"3,99 €/L","img":"https://fd6-photos.leclercdrive.fr/image.ashx?id=2471163&use=l&cat=p&typeid=i","cat":284915},{"id":202416,"n":"J'ose Vibromasseur L'Exquis 10 vibrations - rechargeable","p":25.9,"img":"https://fd6-photos.leclercdrive.fr/image.ashx?id=2803793&use=l&cat=p&typeid=i","cat":285160},{"id":202417,"n":"J'ose Vibromasseur Le Sensuel 20 vibrations - rechargeable","p":24.9,"img":"https://fd6-photos.leclercdrive.fr/image.ashx?id=2514343&use=l&cat=p&typeid=i","cat":285160},{"id":202418,"n":"J'ose Vibromasseur L'Audacieux 10 vibrations - rechargeable","p":29.9,"img":"https://fd6-photos.leclercdrive.fr/image.ashx?id=2803799&use=l&cat=p&typeid=i","cat":285160},{"id":202419,"n":"J'ose Boules de Geisha Les pétillantes","p":17.9,"img":"https://fd6-photos.leclercdrive.fr/image.ashx?id=2803787&use=l&cat=p&typeid=i","cat":285160},{"id":202426,"n":"J'ose anneau vibrant  Le Passionnel - pile incluse","p":7.5,"img":"https://fd6-photos.leclercdrive.fr/image.ashx?id=2803790&use=l&cat=p&typeid=i","cat":285160},{"id":202427,"n":"Huile de massage gourmande Senteur vanille épicée - 100ml","p":8.99,"u":"89,90 €/L","img":"https://fd6-photos.leclercdrive.fr/image.ashx?id=2870758&use=l&cat=p&typeid=i","cat":285160},{"id":202429,"n":"Huile de massage gourmande Senteur fraise gourmande 100ml","p":8.99,"u":"89,90 €/L","img":"https://fd6-photos.leclercdrive.fr/image.ashx?id=2514325&use=l&cat=p&typeid=i","cat":285160},{"id":202430,"n":"Huile de massage gourmande Fruit de la passion - 100ml","p":8.92,"u":"89,20 €/L","img":"https://fd6-photos.leclercdrive.fr/image.ashx?id=2561823&use=l&cat=p&typeid=i","cat":285160},{"id":202431,"n":"Huile de massage gourmande Senteur chocolat intense 100ml","p":8.99,"u":"89,90 €/L","img":"https://fd6-photos.leclercdrive.fr/image.ashx?id=2514334&use=l&cat=p&typeid=i","cat":285160},{"id":202432,"n":"Bougie de massage gourmande Rose passion - 75g","p":8.99,"u":"119,87 €/KG","img":"https://fd6-photos.leclercdrive.fr/image.ashx?id=2514322&use=l&cat=p&typeid=i","cat":285160},{"id":202433,"n":"Bougie de massage gourmande Framboise acidulée - 75g","p":8.99,"u":"119,87 €/KG","img":"https://fd6-photos.leclercdrive.fr/image.ashx?id=2514328&use=l&cat=p&typeid=i","cat":285160},{"id":202434,"n":"Bougie de massage gourmande Chocolat intense - 75g","p":8.93,"u":"119,07 €/KG","img":"https://fd6-photos.leclercdrive.fr/image.ashx?id=2514316&use=l&cat=p&typeid=i","cat":285160},{"id":202435,"n":"Bougie de massage gourmande Noix de coco - 75g","p":8.99,"u":"119,87 €/KG","img":"https://fd6-photos.leclercdrive.fr/image.ashx?id=2514319&use=l&cat=p&typeid=i","cat":285160},{"id":202481,"n":"Assortiment Raclette  600g","p":8.55,"u":"14,25 €/KG","img":"https://fd6-photos.leclercdrive.fr/image.ashx?id=2992690&use=l&cat=p&typeid=i","cat":314036},{"id":202497,"n":"J'ose stimulateur clitoridien L'Envoûtant - rechargeable","p":24.9,"img":"https://fd6-photos.leclercdrive.fr/image.ashx?id=2914639&use=l&cat=p&typeid=i","cat":285160},{"id":202525,"n":"Gâteau de riz chocolat Yabon  4x125g","p":2.85,"u":"5,70 €/KG","img":"https://fd6-photos.leclercdrive.fr/image.ashx?id=2624733&use=l&cat=p&typeid=i","cat":284506},{"id":202545,"n":"Gel douche Le Petit Marseillais Fleur de Tiare - 250ml","p":1.6,"u":"6,40 €/L","img":"https://fd6-photos.leclercdrive.fr/image.ashx?id=2676093&use=l&cat=p&typeid=i","cat":284594},{"id":202546,"n":"Gel douche Le Petit Marseillais Mandarine - 250ml","p":1.49,"u":"5,96 €/L","img":"https://fd6-photos.leclercdrive.fr/image.ashx?id=2684527&use=l&cat=p&typeid=i","cat":284594},{"id":202549,"n":"Gel douche Le Petit Marseillais Argan et Karité - 250ml","p":1.82,"u":"7,28 €/L","img":"https://fd6-photos.leclercdrive.fr/image.ashx?id=2684539&use=l&cat=p&typeid=i","cat":284594},{"id":202586,"n":"Crevettes nordiques sauvages Décortiquées 200g","p":3.95,"u":"19,75 €/KG","img":"https://fd6-photos.leclercdrive.fr/image.ashx?id=2526935&use=l&cat=p&typeid=i","cat":319787},{"id":202623,"n":"Lentilles blondes Eco  500g","p":0.89,"u":"1,78 €/KG","img":"https://fd6-photos.leclercdrive.fr/image.ashx?id=2553851&use=l&cat=p&typeid=i","cat":284430},{"id":202647,"n":"Bière blonde Jenlain Pack 6x25cl","p":5.7,"u":"3,80 €/L","img":"https://fd6-photos.leclercdrive.fr/image.ashx?id=2474380&use=l&cat=p&typeid=i","cat":334852},{"id":202649,"n":"Bière blonde Jenlain 75 cl","p":2.69,"u":"3,59 €/L","img":"https://fd6-photos.leclercdrive.fr/image.ashx?id=2732851&use=l&cat=p&typeid=i","cat":334852},{"id":202674,"n":"Gourde Good Goût Banane Abricot bio - 120g","p":1.53,"u":"12,75 €/KG","img":"https://fd6-photos.leclercdrive.fr/image.ashx?id=2639023&use=l&cat=p&typeid=i","cat":312393},{"id":202675,"n":"Pavé d'Affinois Extra gourmand - 200g","p":2.59,"u":"12,95 €/KG","img":"https://fd6-photos.leclercdrive.fr/image.ashx?id=3002072&use=l&cat=p&typeid=i","cat":314033},{"id":202706,"n":"Oignons jaunes Filière Panier du Primeur Filet 1kg","p":1.99,"u":"1,99 €/KG","img":"https://fd6-photos.leclercdrive.fr/image.ashx?id=2953734&use=l&cat=p&typeid=i","cat":284352},{"id":202734,"n":"Oignon jaune bio Bio village 1kg","p":2.79,"u":"2,79 €/KG","img":"https://fd6-photos.leclercdrive.fr/image.ashx?id=2922451&use=l&cat=p&typeid=i","cat":284352},{"id":202872,"n":"Sucrine Eco+ x2","p":0.89,"u":"0,45 €/P","img":"https://fd6-photos.leclercdrive.fr/image.ashx?id=2477535&use=l&cat=p&typeid=i","cat":284352},{"id":202875,"n":"Couches-culottes Pampers Premium Protection - T6 - x27","p":16.35,"u":"0,61 €/P","img":"https://fd6-photos.leclercdrive.fr/image.ashx?id=2670887&use=l&cat=p&typeid=i","cat":284737},{"id":202888,"n":"Gel douche Adidas Active Start - 250ml","p":1.79,"u":"7,16 €/L","img":"https://fd6-photos.leclercdrive.fr/image.ashx?id=2990805&use=l&cat=p&typeid=i","cat":284619},{"id":202908,"n":"Skyr Yoplait  Nature 0%MG - 450G","p":2.24,"u":"4,98 €/KG","img":"https://fd6-photos.leclercdrive.fr/image.ashx?id=2884468&use=l&cat=p&typeid=i","cat":315000},{"id":202966,"n":"Plat individuel Pad thaï Garbit - 300g","p":3.43,"u":"11,43 €/KG","img":"https://fd6-photos.leclercdrive.fr/image.ashx?id=2901908&use=l&cat=p&typeid=i","cat":284953},{"id":202971,"n":"Fromage blanc Lindahls Protein  Stracciatella - 2x160g","p":1.99,"u":"12,44 €/KG","img":"https://fd6-photos.leclercdrive.fr/image.ashx?id=3007957&use=l&cat=p&typeid=i","cat":314999},{"id":203036,"n":"Gel douche Mixa Bébé  Très Doux Corps Cheveux - 300ml","p":3.05,"u":"10,17 €/L","img":"https://fd6-photos.leclercdrive.fr/image.ashx?id=2479318&use=l&cat=p&typeid=i","cat":284740},{"id":203037,"n":"Shampooing Mixa Bébé  Très Doux - 300ml","p":2.38,"u":"7,93 €/L","img":"https://fd6-photos.leclercdrive.fr/image.ashx?id=2479321&use=l&cat=p&typeid=i","cat":284740},{"id":203041,"n":"Lait de toilette Mixa Bébé  Très Doux - 300ml","p":2.42,"u":"8,07 €/L","img":"https://fd6-photos.leclercdrive.fr/image.ashx?id=2479324&use=l&cat=p&typeid=i","cat":284741},{"id":203042,"n":"Gel Toilette Intime Extra Doux Intima Natural Hamamélis 200ml","p":3.08,"u":"15,40 €/L","img":"https://fd6-photos.leclercdrive.fr/image.ashx?id=2959871&use=l&cat=p&typeid=i","cat":284627},{"id":203043,"n":"Gel Toilette Intime Régulateur Intima Natural Cranberry 200ml","p":3.34,"u":"16,70 €/L","img":"https://fd6-photos.leclercdrive.fr/image.ashx?id=2959874&use=l&cat=p&typeid=i","cat":284627},{"id":203050,"n":"Recharge Sense & Spray Glade Ocean Adventure - 18 ml","p":3.9,"u":"216,67 €/L","img":"https://fd6-photos.leclercdrive.fr/image.ashx?id=2634352&use=l&cat=p&typeid=i","cat":311629},{"id":203051,"n":"Recharge Sense & Spray Glade Relaxing Zen - 18 ml","p":3.73,"u":"207,22 €/L","img":"https://fd6-photos.leclercdrive.fr/image.ashx?id=2634355&use=l&cat=p&typeid=i","cat":311629},{"id":203052,"n":"Recharge pour diffuseur Glade  Bois de Santal & Jasmin - 18ml","p":3.73,"u":"207,22 €/L","img":"https://fd6-photos.leclercdrive.fr/image.ashx?id=2634358&use=l&cat=p&typeid=i","cat":311629},{"id":203055,"n":"Diffuseur Automatic Spray Glade Sandalwood & Jasmine - 269 ml","p":6.51,"img":"https://fd6-photos.leclercdrive.fr/image.ashx?id=2866007&use=l&cat=p&typeid=i","cat":311629},{"id":203057,"n":"Recharge Touch & Fresh Glade Muguet - 10ml","p":2.65,"u":"265,00 €/L","img":"https://fd6-photos.leclercdrive.fr/image.ashx?id=2506612&use=l&cat=p&typeid=i","cat":311629},{"id":203059,"n":"Recharge Touch & Fresh Glade Sandalwood & Jasmine - 10 ml","p":2.65,"u":"265,00 €/L","img":"https://fd6-photos.leclercdrive.fr/image.ashx?id=2914744&use=l&cat=p&typeid=i","cat":311629},{"id":203060,"n":"Diffuseur Touch & Fresh Glade Relaxing Zen - 10 ml","p":3.37,"u":"337,00 €/L","img":"https://fd6-photos.leclercdrive.fr/image.ashx?id=2914753&use=l&cat=p&typeid=i","cat":311629},{"id":203062,"n":"Spray désodorisant Glade  Bois de Santal & Jasmin - 269ml","p":3.15,"u":"11,71 €/L","img":"https://fd6-photos.leclercdrive.fr/image.ashx?id=2864170&use=l&cat=p&typeid=i","cat":311629},{"id":203063,"n":"Gel désodorisant Glade  Longue durée - Muguet - x1","p":1.33,"img":"https://fd6-photos.leclercdrive.fr/image.ashx?id=2479429&use=l&cat=p&typeid=i","cat":311628},{"id":203089,"n":"Pizza au feu de bois Turini Chèvre et miel - 410g","p":2.65,"u":"6,46 €/KG","img":"https://fd6-photos.leclercdrive.fr/image.ashx?id=2816615&use=l&cat=p&typeid=i","cat":284256},{"id":203203,"n":"Moulage  Kinder Surprise 36g","p":2.17,"u":"60,28 €/KG","img":"https://fd6-photos.leclercdrive.fr/image.ashx?id=2509089&use=l&cat=p&typeid=i","cat":327592},{"id":203206,"n":"Mini oeufs Kinder Bueno Chocolat - 80g","p":3.4,"u":"42,50 €/KG","img":"https://fd6-photos.leclercdrive.fr/image.ashx?id=2866499&use=l&cat=p&typeid=i","cat":327592},{"id":203209,"n":"Petits plaisirs  Ferrero Rocher Chocolat - 126g","p":4.98,"u":"39,52 €/KG","img":"https://fd6-photos.leclercdrive.fr/image.ashx?id=2945008&use=l&cat=p&typeid=i","cat":327600},{"id":203310,"n":"Diffuseur Touch & Fresh Glade Marine - 10 ml","p":3.48,"img":"https://fd6-photos.leclercdrive.fr/image.ashx?id=2914750&use=l&cat=p&typeid=i","cat":311629},{"id":203407,"n":"Chocolat Merveilles du Monde Lait Amandes Noisettes  - 100g","p":2.94,"u":"29,40 €/KG","img":"https://fd6-photos.leclercdrive.fr/image.ashx?id=2663030&use=l&cat=p&typeid=i","cat":284497},{"id":203409,"n":"Chocolat Merveilles du Monde Noir Amandes Noisettes - 100g","p":2.94,"u":"29,40 €/KG","img":"https://fd6-photos.leclercdrive.fr/image.ashx?id=2663033&use=l&cat=p&typeid=i","cat":284497},{"id":203433,"n":"Gel douche Homme Adidas After Sport - 250ml","p":1.68,"u":"6,72 €/L","img":"https://fd6-photos.leclercdrive.fr/image.ashx?id=2990799&use=l&cat=p&typeid=i","cat":284619},{"id":203476,"n":"Mâche Eco+ 125g","p":0.99,"img":"https://fd6-photos.leclercdrive.fr/image.ashx?id=2958305&use=l&cat=p&typeid=i","cat":284352},{"id":203496,"n":"Papyzouk planteur Mangue - 75cl","p":13.49,"pp":11.49,"u":"15,32 €/L","img":"https://fd6-photos.leclercdrive.fr/image.ashx?id=2482741&use=l&cat=p&typeid=i","cat":284551},{"id":203498,"n":"Papyzouk Bora Bora 75cl","p":13.49,"pp":11.49,"u":"15,32 €/L","img":"https://fd6-photos.leclercdrive.fr/image.ashx?id=2499678&use=l&cat=p&typeid=i","cat":284551},{"id":203500,"n":"Papyzouk Planteur passion 75cl","p":13.49,"pp":11.49,"u":"15,32 €/L","img":"https://fd6-photos.leclercdrive.fr/image.ashx?id=2482744&use=l&cat=p&typeid=i","cat":284551},{"id":203502,"n":"Bière blonde Malheur 8%vol - 75cl","p":4.15,"u":"5,53 €/L","img":"https://fd6-photos.leclercdrive.fr/image.ashx?id=2985552&use=l&cat=p&typeid=i","cat":334872},{"id":203503,"n":"Bière blonde Malheur 10%vol - 75cl","p":4.15,"u":"5,53 €/L","img":"https://fd6-photos.leclercdrive.fr/image.ashx?id=2903728&use=l&cat=p&typeid=i","cat":334872},{"id":203596,"n":"Plat cuisiné Jardin Bio Bio Lentilles à l'indienne - 680g","p":4.17,"u":"6,13 €/KG","img":"https://fd6-photos.leclercdrive.fr/image.ashx?id=2811179&use=l&cat=p&typeid=i","cat":287600},{"id":203600,"n":"Craquant avoine Jardin Bio Equitable bio - 133g","p":2.17,"u":"16,32 €/KG","img":"https://fd6-photos.leclercdrive.fr/image.ashx?id=2967217&use=l&cat=p&typeid=i","cat":284954},{"id":203603,"n":"Petit gourmand bio Jardin Bio A la pâte à tartiner - 155g","p":2.73,"u":"17,61 €/KG","img":"https://fd6-photos.leclercdrive.fr/image.ashx?id=2990676&use=l&cat=p&typeid=i","cat":284488},{"id":203604,"n":"Banane Eco+ x4","p":0.79,"u":"0,20 €/P","img":"https://fd6-photos.leclercdrive.fr/image.ashx?id=2600252&use=l&cat=p&typeid=i","cat":284356},{"id":203642,"n":"Porto Tawny Eco+ 75Cl","p":5.43,"u":"7,24 €/L","img":"https://fd6-photos.leclercdrive.fr/image.ashx?id=2869844&use=l&cat=p&typeid=i","cat":284913},{"id":203681,"n":"Velouté de champignons bio Ferme d'Anchin - 98.5 cl","p":8.02,"u":"8,14 €/L","img":"https://fd6-photos.leclercdrive.fr/image.ashx?id=2596823&use=l&cat=p&typeid=i","cat":284355},{"id":203682,"n":"Tartinable surimi crabe Simon Dutriaux - 135g","p":1.98,"u":"14,67 €/KG","img":"https://fd6-photos.leclercdrive.fr/image.ashx?id=2664923&use=l&cat=p&typeid=i","cat":285191},{"id":203683,"n":"Tartinable de thon Simon Dutriaux - 135g","p":2.02,"u":"14,96 €/KG","img":"https://fd6-photos.leclercdrive.fr/image.ashx?id=2590184&use=l&cat=p&typeid=i","cat":285191},{"id":203684,"n":"Tartinable thon piquant Simon Dutriaux - 135g","p":2.19,"u":"16,22 €/KG","img":"https://fd6-photos.leclercdrive.fr/image.ashx?id=2484870&use=l&cat=p&typeid=i","cat":285191},{"id":203685,"n":"Tartinable de thon mexicaine Simon Dutriaux - 135g","p":2.16,"u":"16,00 €/KG","img":"https://fd6-photos.leclercdrive.fr/image.ashx?id=2484873&use=l&cat=p&typeid=i","cat":285191},{"id":203686,"n":"Cocktail de crevettes roses Simon Dutriaux - 135g","p":2.04,"u":"15,11 €/KG","img":"https://fd6-photos.leclercdrive.fr/image.ashx?id=2484876&use=l&cat=p&typeid=i","cat":285191},{"id":203687,"n":"Tartinable de saumon Simon Dutriaux - 135g","p":2.0,"u":"14,81 €/KG","img":"https://fd6-photos.leclercdrive.fr/image.ashx?id=2590187&use=l&cat=p&typeid=i","cat":285191},{"id":203688,"n":"Filet américain préparé Simon Dutriaux - 135g","p":2.2,"u":"16,30 €/KG","img":"https://fd6-photos.leclercdrive.fr/image.ashx?id=2664926&use=l&cat=p&typeid=i","cat":285191},{"id":203689,"n":"Tartinable de poulet Simon Dutriaux - 135g","p":1.99,"u":"14,74 €/KG","img":"https://fd6-photos.leclercdrive.fr/image.ashx?id=2590190&use=l&cat=p&typeid=i","cat":285191},{"id":203697,"n":"10 mini cheese burgers  420g","p":11.51,"u":"27,40 €/KG","img":"https://fd6-photos.leclercdrive.fr/image.ashx?id=2736139&use=l&cat=p&typeid=i","cat":316003},{"id":203737,"n":"Lait Corps Nivéa Hydratant Express - 2x250ml","p":6.3,"u":"12,60 €/L","img":"https://fd6-photos.leclercdrive.fr/image.ashx?id=2493565&use=l&cat=p&typeid=i","cat":null},{"id":203783,"n":"Grilletine Pasquier Céréales et graines - 255g","p":2.22,"u":"8,71 €/KG","img":"https://fd6-photos.leclercdrive.fr/image.ashx?id=2642393&use=l&cat=p&typeid=i","cat":284479},{"id":203787,"n":"Pack Culottes Menstruelles X3 1achetée 2 offertes dentelle XS","p":14.03,"u":"4,68 €/P","img":"https://fd6-photos.leclercdrive.fr/image.ashx?id=2795273&use=l&cat=p&typeid=i","cat":284624},{"id":203789,"n":"Pack Culottes Menstruelles X3 1 achetée 2 offertes dentelle L","p":14.08,"u":"4,69 €/P","img":"https://fd6-photos.leclercdrive.fr/image.ashx?id=2795279&use=l&cat=p&typeid=i","cat":284624},{"id":203790,"n":"Pack Culottes Menstruelles X3 1achetée 2 offertes dentelle XL","p":14.04,"u":"4,68 €/P","img":"https://fd6-photos.leclercdrive.fr/image.ashx?id=2795282&use=l&cat=p&typeid=i","cat":284624},{"id":203801,"n":"Dentifrice Parodontax Haleine gencives et Sensibilité 75ml","p":4.58,"u":"61,07 €/L","img":"https://fd6-photos.leclercdrive.fr/image.ashx?id=2487084&use=l&cat=p&typeid=i","cat":284612},{"id":203821,"n":"Boîte chien Pedigree  Cuisinés en sauce - 6x400g","p":8.54,"u":"3,56 €/KG","img":"https://fd6-photos.leclercdrive.fr/image.ashx?id=2849722&use=l&cat=p&typeid=i","cat":288578},{"id":203822,"n":"Boîte chien Pedigree Cuisinés en sauce - 4x400g","p":6.06,"u":"3,79 €/KG","img":"https://fd6-photos.leclercdrive.fr/image.ashx?id=2849719&use=l&cat=p&typeid=i","cat":288578},{"id":203823,"n":"Sachet fraicheur chat Whiskas Carte mixte en gelée - 48x85g","p":16.29,"u":"3,99 €/KG","img":"https://fd6-photos.leclercdrive.fr/image.ashx?id=2486916&use=l&cat=p&typeid=i","cat":285286},{"id":203824,"n":"Sachet fraicheur chat Whiskas Classiques en sauce - 24x85g","p":10.23,"u":"5,01 €/KG","img":"https://fd6-photos.leclercdrive.fr/image.ashx?id=2486913&use=l&cat=p&typeid=i","cat":285286},{"id":203826,"n":"Sachet fraicheur chat Whiskas Poissons en gelée - 12x85g","p":4.77,"u":"4,68 €/KG","img":"https://fd6-photos.leclercdrive.fr/image.ashx?id=2486910&use=l&cat=p&typeid=i","cat":285286},{"id":203828,"n":"Sachet repas chaton Whiskas Festins volaille gelée - 12x85g","p":5.57,"u":"5,46 €/KG","img":"https://fd6-photos.leclercdrive.fr/image.ashx?id=2487093&use=l&cat=p&typeid=i","cat":285286},{"id":203833,"n":"Gel Douche extra doux Orange Le Petit Marseillais 3x250ml","p":4.55,"u":"6,07 €/L","img":"https://fd6-photos.leclercdrive.fr/image.ashx?id=2763547&use=l&cat=p&typeid=i","cat":284594},{"id":203873,"n":"Culotte Feel Natural Menstruelles - x3 - Taille XL","p":10.48,"u":"3,49 €/P","img":"https://fd6-photos.leclercdrive.fr/image.ashx?id=2795240&use=l&cat=p&typeid=i","cat":291524},{"id":203876,"n":"Serviettes hygiéniques Always Ultra Normal - Taille 1 - x32","p":4.19,"u":"0,13 €/P","img":"https://fd6-photos.leclercdrive.fr/image.ashx?id=2761259&use=l&cat=p&typeid=i","cat":284624},{"id":203913,"n":"Exfoliant Venus Satin Care Peau et poils pubiens - 177ml","p":13.43,"u":"75,88 €/L","img":"https://fd6-photos.leclercdrive.fr/image.ashx?id=2490767&use=l&cat=p&typeid=i","cat":325352},{"id":203931,"n":"Bandes de cires froides corps Nair - Huile de Chanvre x40","p":7.12,"u":"0,18 €/P","img":"https://fd6-photos.leclercdrive.fr/image.ashx?id=2971595&use=l&cat=p&typeid=i","cat":325351},{"id":203940,"n":"Tampons Tampax Compak Super - x27","p":4.11,"u":"0,15 €/P","img":"https://fd6-photos.leclercdrive.fr/image.ashx?id=2683394&use=l&cat=p&typeid=i","cat":284626},{"id":204033,"n":"Foie gras de canard éveiné Secrets d'éleveurs - 550g","p":36.9,"u":"67,09 €/KG","img":"https://fd6-photos.leclercdrive.fr/image.ashx?id=2659972&use=l&cat=p&typeid=i","cat":321330},{"id":204050,"n":"Haricots vert Bio Village Bio 220g","p":1.49,"u":"6,77 €/KG","img":"https://fd6-photos.leclercdrive.fr/image.ashx?id=3002716&use=l&cat=p&typeid=i","cat":312606},{"id":204054,"n":"Thon entier Pèche Océan MSC 2x70g","p":1.59,"u":"11,36 €/KG","img":"https://fd6-photos.leclercdrive.fr/image.ashx?id=2942238&use=l&cat=p&typeid=i","cat":303867},{"id":204056,"n":"Céréales Spécial K Kellogg's Fruits rouges - 450g","p":4.19,"u":"9,31 €/KG","img":"https://fd6-photos.leclercdrive.fr/image.ashx?id=2775029&use=l&cat=p&typeid=i","cat":309512},{"id":204057,"n":"Céréales Spécial K Kellogg's Chocolat noir - 500g","p":4.13,"u":"8,26 €/KG","img":"https://fd6-photos.leclercdrive.fr/image.ashx?id=2692710&use=l&cat=p&typeid=i","cat":309512},{"id":204058,"n":"Céréales Special K Kellogg's Chocolat au Lait - 500g","p":4.16,"u":"8,32 €/KG","img":"https://fd6-photos.leclercdrive.fr/image.ashx?id=2692713&use=l&cat=p&typeid=i","cat":309512},{"id":204061,"n":"Mais Bio Village Bio - 285g","p":1.09,"u":"3,82 €/KG","img":"https://fd6-photos.leclercdrive.fr/image.ashx?id=3002719&use=l&cat=p&typeid=i","cat":312611},{"id":204065,"n":"Bouillon Knorr Saveur boeuf - 150g","p":1.34,"u":"8,93 €/KG","img":"https://fd6-photos.leclercdrive.fr/image.ashx?id=2866846&use=l&cat=p&typeid=i","cat":288379},{"id":204070,"n":"Pur jus de pommes NRT De Bretagne - 6x20cl","p":2.5,"u":"2,08 €/L","img":"https://fd6-photos.leclercdrive.fr/image.ashx?id=2590517&use=l&cat=p&typeid=i","cat":284522},{"id":204072,"n":"Compotes douceur du Verger Pomme Vanille - 4x100g","p":1.36,"u":"3,40 €/KG","img":"https://fd6-photos.leclercdrive.fr/image.ashx?id=2487401&use=l&cat=p&typeid=i","cat":284416},{"id":204081,"n":"spray parfum intérieur Lenart  Herboriste - Douce nuit - 200ml","p":7.44,"u":"37,20 €/L","img":"https://fd6-photos.leclercdrive.fr/image.ashx?id=2497163&use=l&cat=p&typeid=i","cat":311626},{"id":204118,"n":"Sirop de cassis NRT De Bourgogne - 70cl","p":3.2,"u":"4,57 €/L","img":"https://fd6-photos.leclercdrive.fr/image.ashx?id=2590514&use=l&cat=p&typeid=i","cat":295020},{"id":204131,"n":"Nettoyant four Decapfour  Express - 500ml","p":3.45,"u":"6,90 €/L","img":"https://fd6-photos.leclercdrive.fr/image.ashx?id=2489719&use=l&cat=p&typeid=i","cat":325363},{"id":204157,"n":"Pâte feuilletée Herta Trésor de Grand-Mère  280g","p":1.65,"u":"5,89 €/KG","img":"https://fd6-photos.leclercdrive.fr/image.ashx?id=2833303&use=l&cat=p&typeid=i","cat":333681},{"id":204158,"n":"Pâte brisée Herta Trésor de Grand-Mère - 280g","p":1.71,"u":"6,11 €/KG","img":"https://fd6-photos.leclercdrive.fr/image.ashx?id=2833306&use=l&cat=p&typeid=i","cat":333681},{"id":204159,"n":"Pâte à tarte sablée Herta Trésor de Grand-Mère - 280g","p":1.88,"u":"6,71 €/KG","img":"https://fd6-photos.leclercdrive.fr/image.ashx?id=2814536&use=l&cat=p&typeid=i","cat":333681},{"id":204162,"n":"Boîte chien Pedigree Terrine - 6x400g","p":8.79,"img":"https://fd6-photos.leclercdrive.fr/image.ashx?id=2849725&use=l&cat=p&typeid=i","cat":288578},{"id":204164,"n":"Sachet fraicheur chat Whiskas Poissons en gelée - 24x85g","p":10.09,"u":"4,95 €/KG","img":"https://fd6-photos.leclercdrive.fr/image.ashx?id=2490200&use=l&cat=p&typeid=i","cat":285286},{"id":204169,"n":"Sachet fraicheur chat Whiskas Festins volaille gelée - 12x85g","p":4.87,"u":"4,77 €/KG","img":"https://fd6-photos.leclercdrive.fr/image.ashx?id=2490329&use=l&cat=p&typeid=i","cat":285286},{"id":204179,"n":"Sachet fraicheur chat Whiskas Tasty Mix en sauce - 40x85g","p":16.11,"u":"4,74 €/KG","img":"https://fd6-photos.leclercdrive.fr/image.ashx?id=2589488&use=l&cat=p&typeid=i","cat":285286},{"id":204180,"n":"Dentifrice Aquafresh  Menthe fraiche - 2x125ml","p":3.21,"u":"12,84 €/L","img":"https://fd6-photos.leclercdrive.fr/image.ashx?id=2895196&use=l&cat=p&typeid=i","cat":284612},{"id":204181,"n":"Dentifrice Aquafresh Triple Protection - Blancheur- 2x125ml","p":2.29,"u":"9,16 €/L","img":"https://fd6-photos.leclercdrive.fr/image.ashx?id=2895199&use=l&cat=p&typeid=i","cat":284612},{"id":204225,"n":"Rasoir GilletteLabs Barre exfoliante - 5 lames - x1","p":47.04,"img":"https://fd6-photos.leclercdrive.fr/image.ashx?id=2623322&use=l&cat=p&typeid=i","cat":284616},{"id":204227,"n":"Lames GilletteLabs Barre exfoliante - 6 lames","p":35.12,"u":"5,85 €/P","img":"https://fd6-photos.leclercdrive.fr/image.ashx?id=2495779&use=l&cat=p&typeid=i","cat":284616},{"id":204246,"n":"Lames Gillette Labs x10","p":42.05,"u":"4,21 €/P","img":"https://fd6-photos.leclercdrive.fr/image.ashx?id=2497794&use=l&cat=p&typeid=i","cat":284616},{"id":204247,"n":"Protège-slip Vania Confort Multiformes - 1p","p":2.11,"img":"https://fd6-photos.leclercdrive.fr/image.ashx?id=2735224&use=l&cat=p&typeid=i","cat":284625},{"id":204248,"n":"Galettes St Michel Fourrées Chocolat au lait 240g","p":1.95,"u":"8,13 €/KG","img":"https://fd6-photos.leclercdrive.fr/image.ashx?id=2950000&use=l&cat=p&typeid=i","cat":284487},{"id":204249,"n":"Galettes Moelleuses St Michel  Tigrées Chocolat - 180g","p":1.78,"u":"9,89 €/KG","img":"https://fd6-photos.leclercdrive.fr/image.ashx?id=2950006&use=l&cat=p&typeid=i","cat":284495},{"id":204265,"n":"Rasoirs Jetables Venus Gillette Simply 3 - 5x6","p":44.57,"u":"1,49 €/P","img":"https://fd6-photos.leclercdrive.fr/image.ashx?id=2546875&use=l&cat=p&typeid=i","cat":null},{"id":204267,"n":"Rasoirs Jetables Gillette Blue  3 - Smooth - 5x6","p":48.38,"u":"1,61 €/P","img":"https://fd6-photos.leclercdrive.fr/image.ashx?id=2525965&use=l&cat=p&typeid=i","cat":284616},{"id":204275,"n":"Soin Hydratant So Bio Etic Grenade bio - 50ml","p":11.43,"u":"228,60 €/L","img":"https://fd6-photos.leclercdrive.fr/image.ashx?id=2787110&use=l&cat=p&typeid=i","cat":325345},{"id":204302,"n":"Shampoing nutrition Ultra Doux Lait de coco - 300ml","p":3.11,"u":"10,37 €/L","img":"https://fd6-photos.leclercdrive.fr/image.ashx?id=2492788&use=l&cat=p&typeid=i","cat":284606},{"id":204303,"n":"Shampoing purifiant Ultra Doux Cheveux gras - 300ml","p":2.92,"u":"9,73 €/L","img":"https://fd6-photos.leclercdrive.fr/image.ashx?id=2492791&use=l&cat=p&typeid=i","cat":284606},{"id":204304,"n":"Shampoing Illuminant Ultra Doux Camomille - 300ml","p":2.66,"u":"8,87 €/L","img":"https://fd6-photos.leclercdrive.fr/image.ashx?id=2926596&use=l&cat=p&typeid=i","cat":284606},{"id":204305,"n":"Shampoing nutrition Ultra Doux Argan et camélia - 300ml","p":2.66,"u":"8,87 €/L","img":"https://fd6-photos.leclercdrive.fr/image.ashx?id=2492797&use=l&cat=p&typeid=i","cat":284606},{"id":204306,"n":"Shampoing nutrition Ultra Doux Cheveu Bouclé à Frisé - 300ml","p":2.57,"u":"8,57 €/L","img":"https://fd6-photos.leclercdrive.fr/image.ashx?id=2926599&use=l&cat=p&typeid=i","cat":284606},{"id":204307,"n":"Shampoing Couleur Ultra Doux Cheveux colorés - 300ml","p":2.68,"u":"8,93 €/L","img":"https://fd6-photos.leclercdrive.fr/image.ashx?id=2492803&use=l&cat=p&typeid=i","cat":284606},{"id":204308,"n":"Shampoing Enfants Ultra Doux Abricot - 300ml","p":2.69,"u":"8,97 €/L","img":"https://fd6-photos.leclercdrive.fr/image.ashx?id=2851093&use=l&cat=p&typeid=i","cat":284606},{"id":204310,"n":"Shampoing Hydratant Ultra Doux Cheveux délicats - 300ml","p":2.69,"u":"8,97 €/L","img":"https://fd6-photos.leclercdrive.fr/image.ashx?id=2492812&use=l&cat=p&typeid=i","cat":284606},{"id":204311,"n":"Shampoing doux Ultra Doux Extrait de tilleul - 300ml","p":2.75,"u":"9,17 €/L","img":"https://fd6-photos.leclercdrive.fr/image.ashx?id=2492815&use=l&cat=p&typeid=i","cat":284606},{"id":204313,"n":"Après-shampooing karité Garnier Cheveu bouclé à Frisé - 250ml","p":2.64,"u":"10,56 €/L","img":"https://fd6-photos.leclercdrive.fr/image.ashx?id=2986651&use=l&cat=p&typeid=i","cat":284607},{"id":204314,"n":"Après-shampoing Ultra doux Cheveux fragiles - 250ml","p":2.72,"u":"10,88 €/L","img":"https://fd6-photos.leclercdrive.fr/image.ashx?id=2646569&use=l&cat=p&typeid=i","cat":284607},{"id":204315,"n":"Démêlant nourrissant Garnier Cheveu sec à très sec - 250ml","p":2.89,"u":"11,56 €/L","img":"https://fd6-photos.leclercdrive.fr/image.ashx?id=2492827&use=l&cat=p&typeid=i","cat":284607},{"id":204316,"n":"Shampoing réparateur Ultra Doux Cheveux fragiles - 300ml","p":2.68,"u":"8,93 €/L","img":"https://fd6-photos.leclercdrive.fr/image.ashx?id=2646572&use=l&cat=p&typeid=i","cat":284606},{"id":204319,"n":"Désodorisant textile Febreze Éveil printanier - 500ml","p":4.67,"u":"9,34 €/L","img":"https://fd6-photos.leclercdrive.fr/image.ashx?id=2745337&use=l&cat=p&typeid=i","cat":290451},{"id":204323,"n":"Chips Vico Paprika - 125g","p":1.37,"u":"10,96 €/KG","img":"https://fd6-photos.leclercdrive.fr/image.ashx?id=2921298&use=l&cat=p&typeid=i","cat":284447},{"id":204327,"n":"Soupe instantanée Royco  Velouté Tomates - 4x200ml","p":1.38,"u":"1,73 €/L","img":"https://fd6-photos.leclercdrive.fr/image.ashx?id=2650991&use=l&cat=p&typeid=i","cat":293527},{"id":204328,"n":"Soupe instantanée Royco  Mouliné 12 Légumes - 4x200ml","p":1.6,"u":"2,00 €/L","img":"https://fd6-photos.leclercdrive.fr/image.ashx?id=2650994&use=l&cat=p&typeid=i","cat":293527},{"id":204329,"n":"Soupe liquide Liebig  Façon napolitaine - 1L","p":3.16,"u":"3,16 €/L","img":"https://fd6-photos.leclercdrive.fr/image.ashx?id=2493133&use=l&cat=p&typeid=i","cat":284462},{"id":204330,"n":"Soupe liquide brique Liebig  Poule Vermicelles - 1L","p":2.56,"u":"2,56 €/L","img":"https://fd6-photos.leclercdrive.fr/image.ashx?id=2493136&use=l&cat=p&typeid=i","cat":284462},{"id":204371,"n":"Désodorisant textile Febreze Fraîcheur matinale - 500ml","p":4.49,"u":"8,98 €/L","img":"https://fd6-photos.leclercdrive.fr/image.ashx?id=2745343&use=l&cat=p&typeid=i","cat":290451},{"id":204378,"n":"Brossettes Oral-B 3D White - Lot 4+2","p":29.45,"img":"https://fd6-photos.leclercdrive.fr/image.ashx?id=2497635&use=l&cat=p&typeid=i","cat":297133},{"id":204383,"n":"Mini pizzas Piccolinis Buitoni 3 Formaggi x9 - 270g","p":2.8,"u":"10,37 €/KG","img":"https://fd6-photos.leclercdrive.fr/image.ashx?id=2493649&use=l&cat=p&typeid=i","cat":319774},{"id":204386,"n":"Mini pizzas Piccolinis Buitoni Bolognaise x9 - 270g","p":2.73,"u":"10,11 €/KG","img":"https://fd6-photos.leclercdrive.fr/image.ashx?id=2493655&use=l&cat=p&typeid=i","cat":319774},{"id":204488,"n":"Dentifrice Aquafresh Triple Protection Blancheur - 125ml","p":1.76,"u":"14,08 €/L","img":"https://fd6-photos.leclercdrive.fr/image.ashx?id=2546755&use=l&cat=p&typeid=i","cat":284612},{"id":204496,"n":"Cotons démaquillants Demakup Sensitive - 6x64","p":7.8,"u":"0,02 €/P","img":"https://fd6-photos.leclercdrive.fr/image.ashx?id=2745283&use=l&cat=p&typeid=i","cat":285593},{"id":204517,"n":"Coloration Casting Crème gloss Brown noisette n°423 - x2","p":27.47,"u":"13,74 €/P","img":"https://fd6-photos.leclercdrive.fr/image.ashx?id=2497118&use=l&cat=p&typeid=i","cat":288899},{"id":204519,"n":"Coloration Casting Crème gloss Blond miel n°623 - x2","p":27.47,"u":"13,74 €/P","img":"https://fd6-photos.leclercdrive.fr/image.ashx?id=2497124&use=l&cat=p&typeid=i","cat":288899},{"id":204531,"n":"Tartinable de thon  Simon Dutriaux - 270g","p":3.54,"u":"13,11 €/KG","img":"https://fd6-photos.leclercdrive.fr/image.ashx?id=2494497&use=l&cat=p&typeid=i","cat":285191},{"id":204532,"n":"Tartinable surimi crabe Simon Dutriaux - 270g","p":3.54,"u":"13,11 €/KG","img":"https://fd6-photos.leclercdrive.fr/image.ashx?id=2494494&use=l&cat=p&typeid=i","cat":285191},{"id":204533,"n":"Tartinable de poulet Simon Dutriaux - 270g","p":3.68,"u":"13,63 €/KG","img":"https://fd6-photos.leclercdrive.fr/image.ashx?id=2494500&use=l&cat=p&typeid=i","cat":285191},{"id":204534,"n":"Tartinable de poulet indienne Simon Dutriaux - 135g","p":1.99,"u":"14,74 €/KG","img":"https://fd6-photos.leclercdrive.fr/image.ashx?id=2590193&use=l&cat=p&typeid=i","cat":285191},{"id":204535,"n":"Tartinable de poulet sauce pita Simon Dutriaux - 270g","p":3.85,"u":"14,26 €/KG","img":"https://fd6-photos.leclercdrive.fr/image.ashx?id=2494503&use=l&cat=p&typeid=i","cat":285191},{"id":204620,"n":"Purée Butternut Patate douce Notre Jardin - 750g","p":3.49,"u":"4,65 €/KG","img":"https://fd6-photos.leclercdrive.fr/image.ashx?id=2856208&use=l&cat=p&typeid=i","cat":319805},{"id":204624,"n":"Crousti Express Findus Rissolées - 2x100g","p":1.85,"u":"9,25 €/KG","img":"https://fd6-photos.leclercdrive.fr/image.ashx?id=2653786&use=l&cat=p&typeid=i","cat":319792},{"id":204661,"n":"Coloration Belle Color Garnier 4.0 Châtain naturel - x2","p":21.74,"u":"10,87 €/P","img":"https://fd6-photos.leclercdrive.fr/image.ashx?id=2497223&use=l&cat=p&typeid=i","cat":288899},{"id":204700,"n":"BB crème soin 5en1 Garnier Anti-âge teinte medium - 50ml","p":7.53,"u":"150,60 €/L","img":"https://fd6-photos.leclercdrive.fr/image.ashx?id=2494974&use=l&cat=p&typeid=i","cat":325345},{"id":204701,"n":"BB Crème Soin Tout en 1 Garnier Teinte claire - 50ml","p":7.36,"u":"147,20 €/L","img":"https://fd6-photos.leclercdrive.fr/image.ashx?id=2495746&use=l&cat=p&typeid=i","cat":325345},{"id":204702,"n":"BB Crème Soin tout en 1 Garnier Teinte medium - 50ml","p":7.36,"u":"147,20 €/L","img":"https://fd6-photos.leclercdrive.fr/image.ashx?id=2494977&use=l&cat=p&typeid=i","cat":325345},{"id":204717,"n":"Soda Schweppes Saveur Agrumes Zero - 1,5L","p":1.75,"u":"1,17 €/L","img":"https://fd6-photos.leclercdrive.fr/image.ashx?id=2852444&use=l&cat=p&typeid=i","cat":284532},{"id":204718,"n":"Soda Schweppes Saveur Agrumes - 1,5L","p":1.66,"u":"1,11 €/L","img":"https://fd6-photos.leclercdrive.fr/image.ashx?id=2852447&use=l&cat=p&typeid=i","cat":284532},{"id":204719,"n":"Soda Schweppes Indian Tonic - 1,5L","p":1.69,"u":"1,13 €/L","img":"https://fd6-photos.leclercdrive.fr/image.ashx?id=2852456&use=l&cat=p&typeid=i","cat":284531},{"id":204731,"n":"Sachet fraîcheur chat Whiskas  Sélection en sauce - 12x85g","p":5.21,"u":"5,11 €/KG","img":"https://fd6-photos.leclercdrive.fr/image.ashx?id=2495764&use=l&cat=p&typeid=i","cat":285286},{"id":204734,"n":"Boîte chien Pedigree Cuisinés en sauce - 3x800g","p":7.5,"u":"3,13 €/KG","img":"https://fd6-photos.leclercdrive.fr/image.ashx?id=2849731&use=l&cat=p&typeid=i","cat":288578},{"id":204747,"n":"Dentifrice Aquafresh Menthe fraîche - 125ml","p":1.93,"u":"15,44 €/L","img":"https://fd6-photos.leclercdrive.fr/image.ashx?id=2546752&use=l&cat=p&typeid=i","cat":284612},{"id":204748,"n":"Boisson énergisante Red Bull Goût Abricot-Fraise, 250ml","p":1.27,"u":"5,08 €/L","img":"https://fd6-photos.leclercdrive.fr/image.ashx?id=3011995&use=l&cat=p&typeid=i","cat":284533},{"id":204788,"n":"Gnocchi à poêler Lustucru 325g","p":1.5,"u":"4,62 €/KG","img":"https://fd6-photos.leclercdrive.fr/image.ashx?id=2975218&use=l&cat=p&typeid=i","cat":333682},{"id":204789,"n":"Gnocchi à poêler Lustucru 520g","p":2.24,"u":"4,31 €/KG","img":"https://fd6-photos.leclercdrive.fr/image.ashx?id=2792423&use=l&cat=p&typeid=i","cat":333682},{"id":204791,"n":"Gnocchi à poêler Lustucru  Format XXL - 720g","p":2.85,"u":"3,96 €/KG","img":"https://fd6-photos.leclercdrive.fr/image.ashx?id=2788556&use=l&cat=p&typeid=i","cat":333682},{"id":204792,"n":"Girasoli Lustucru Tomate Basilic Mozzarella 250g","p":2.45,"u":"9,80 €/KG","img":"https://fd6-photos.leclercdrive.fr/image.ashx?id=2974363&use=l&cat=p&typeid=i","cat":333682},{"id":204796,"n":"Tortellini Lustucru Jambon cru - 250g","p":2.38,"u":"9,52 €/KG","img":"https://fd6-photos.leclercdrive.fr/image.ashx?id=2974360&use=l&cat=p&typeid=i","cat":333682},{"id":204797,"n":"Nectar de mangue Eco+ 1L","p":1.37,"u":"1,37 €/L","img":"https://fd6-photos.leclercdrive.fr/image.ashx?id=2955608&use=l&cat=p&typeid=i","cat":284916},{"id":204798,"n":"Nectar d'abricot ECO+ 1L","p":1.27,"u":"1,27 €/L","img":"https://fd6-photos.leclercdrive.fr/image.ashx?id=2959596&use=l&cat=p&typeid=i","cat":284915},{"id":204871,"n":"Nectar de banane Eco+ 1L","p":1.59,"u":"1,59 €/L","img":"https://fd6-photos.leclercdrive.fr/image.ashx?id=2955611&use=l&cat=p&typeid=i","cat":284915},{"id":204923,"n":"Tartinable de poulet andalouse Simon Dutriaux - 135g","p":2.09,"u":"15,48 €/KG","img":"https://fd6-photos.leclercdrive.fr/image.ashx?id=2497175&use=l&cat=p&typeid=i","cat":285191},{"id":204924,"n":"Tartinable poulet hannibal Simon Dutriaux - 135g","p":2.03,"u":"15,04 €/KG","img":"https://fd6-photos.leclercdrive.fr/image.ashx?id=2497172&use=l&cat=p&typeid=i","cat":285191},{"id":204925,"n":"Tartinable poulet sauce pitta Simon Dutriaux - 135g","p":2.16,"u":"16,00 €/KG","img":"https://fd6-photos.leclercdrive.fr/image.ashx?id=2497169&use=l&cat=p&typeid=i","cat":285191},{"id":204944,"n":"Paëlla de volaille et moules  Eco+ - 1kg","p":3.32,"u":"3,32 €/KG","img":"https://fd6-photos.leclercdrive.fr/image.ashx?id=2781287&use=l&cat=p&typeid=i","cat":325094},{"id":204951,"n":"Thon Sauce Mayonnaise Petit Navire - 140g","p":1.64,"u":"11,71 €/KG","img":"https://fd6-photos.leclercdrive.fr/image.ashx?id=2528292&use=l&cat=p&typeid=i","cat":303867},{"id":204954,"n":"Haché Extra Moelleux Charal Façon Bouchère 8x110g - 880g","p":11.06,"u":"12,57 €/KG","img":"https://fd6-photos.leclercdrive.fr/image.ashx?id=2731732&use=l&cat=p&typeid=i","cat":319778},{"id":204990,"n":"Crème antiride Pot 50ml","p":2.99,"u":"59,80 €/L","img":"https://fd6-photos.leclercdrive.fr/image.ashx?id=2498952&use=l&cat=p&typeid=i","cat":325345},{"id":205006,"n":"Compotes Pom'Potes Gourdes BIO  Multivariétés - 12x90g","p":7.9,"u":"7,31 €/KG","img":"https://fd6-photos.leclercdrive.fr/image.ashx?id=2899344&use=l&cat=p&typeid=i","cat":284508},{"id":205009,"n":"Colin d'Alaska & riz D'Aucy Crème de St Jacques 280g","p":3.14,"u":"11,21 €/KG","img":"https://fd6-photos.leclercdrive.fr/image.ashx?id=2498221&use=l&cat=p&typeid=i","cat":284953},{"id":205011,"n":"Lasagnes au saumon d'aucy 300g","p":3.22,"u":"10,73 €/KG","img":"https://fd6-photos.leclercdrive.fr/image.ashx?id=2522539&use=l&cat=p&typeid=i","cat":284953},{"id":205089,"n":"Savon Maître savon de Marseille Véritable savon noir - 1L","p":2.96,"u":"2,96 €/L","img":"https://fd6-photos.leclercdrive.fr/image.ashx?id=2889370&use=l&cat=p&typeid=i","cat":284597},{"id":205106,"n":"Etiquettes scolaires AVERY Motifs graphiques - x15","p":1.54,"img":"https://fd6-photos.leclercdrive.fr/image.ashx?id=2498768&use=l&cat=p&typeid=i","cat":334133},{"id":205109,"n":"Etiquettes scolaires AVERY Ultra-résistantes - x16","p":2.41,"img":"https://fd6-photos.leclercdrive.fr/image.ashx?id=2498756&use=l&cat=p&typeid=i","cat":334133},{"id":205110,"n":"Etiquettes scolaires AVERY Motifs fluo - x24","p":3.61,"img":"https://fd6-photos.leclercdrive.fr/image.ashx?id=2498759&use=l&cat=p&typeid=i","cat":334133},{"id":205171,"n":"Soupe instantanée Royco  Velouté 12 Légumes - 4x200ml","p":1.61,"u":"2,01 €/L","img":"https://fd6-photos.leclercdrive.fr/image.ashx?id=2650997&use=l&cat=p&typeid=i","cat":293527},{"id":205182,"n":"Soupe liquide brique Liebig  Poule Vermicelles - 2x30cl","p":3.02,"u":"5,03 €/KG","img":"https://fd6-photos.leclercdrive.fr/image.ashx?id=2693488&use=l&cat=p&typeid=i","cat":284462},{"id":205232,"n":"Serviettes Always Ultra Normal Plus - T1 - x14","p":2.51,"u":"0,18 €/P","img":"https://fd6-photos.leclercdrive.fr/image.ashx?id=2851321&use=l&cat=p&typeid=i","cat":284624},{"id":205233,"n":"Serviettes Always Ultra Long - T2 - x12","p":2.65,"u":"0,22 €/P","img":"https://fd6-photos.leclercdrive.fr/image.ashx?id=2851324&use=l&cat=p&typeid=i","cat":284624},{"id":205235,"n":"Serviettes Always Ultra Secure night -T4 - x9","p":2.65,"u":"0,29 €/P","img":"https://fd6-photos.leclercdrive.fr/image.ashx?id=2851330&use=l&cat=p&typeid=i","cat":284624},{"id":205236,"n":"Protège-slip Always Fresh & Protect - Normal - x30","p":1.63,"u":"0,05 €/P","img":"https://fd6-photos.leclercdrive.fr/image.ashx?id=2949070&use=l&cat=p&typeid=i","cat":284625},{"id":205237,"n":"Sérum anti-âge L'Oréal Paris Revitalift Vitamine C - 30ml","p":14.16,"u":"472,00 €/L","img":"https://fd6-photos.leclercdrive.fr/image.ashx?id=3003351&use=l&cat=p&typeid=i","cat":325345},{"id":205238,"n":"Savon Eco+ Amande douce - 150g","p":0.61,"u":"4,07 €/KG","img":"https://fd6-photos.leclercdrive.fr/image.ashx?id=2499058&use=l&cat=p&typeid=i","cat":284597},{"id":205239,"n":"Nettoyant four Decapfour Confort - 500ml","p":3.71,"u":"7,42 €/L","img":"https://fd6-photos.leclercdrive.fr/image.ashx?id=2499669&use=l&cat=p&typeid=i","cat":325363},{"id":205257,"n":"Tranches de mozzarella Les Délices d'Amélie - 150g","p":1.84,"u":"12,27 €/KG","img":"https://fd6-photos.leclercdrive.fr/image.ashx?id=2999225&use=l&cat=p&typeid=i","cat":314028},{"id":205281,"n":"Huile d'olive vierge extra Terra Delyssa - 75cl","p":9.71,"u":"12,95 €/L","img":"https://fd6-photos.leclercdrive.fr/image.ashx?id=2679356&use=l&cat=p&typeid=i","cat":284453},{"id":205302,"n":"Gel lavant Sanytol Nourrisant Bio - 250ml","p":2.62,"u":"10,48 €/L","img":"https://fd6-photos.leclercdrive.fr/image.ashx?id=2904658&use=l&cat=p&typeid=i","cat":284597},{"id":205303,"n":"Gel lavant Sanytol Désinfectant cuisine - 250ml","p":2.79,"u":"11,16 €/L","img":"https://fd6-photos.leclercdrive.fr/image.ashx?id=2904661&use=l&cat=p&typeid=i","cat":284597},{"id":205304,"n":"Bandes de cire froide Expert Veet Corps Peaux sensibles x40","p":8.8,"u":"0,22 €/P","img":"https://fd6-photos.leclercdrive.fr/image.ashx?id=2964959&use=l&cat=p&typeid=i","cat":325351},{"id":205305,"n":"Bandes de cire froide Expert Veet Visage Peaux sensibles x20","p":5.38,"u":"0,27 €/P","img":"https://fd6-photos.leclercdrive.fr/image.ashx?id=2915440&use=l&cat=p&typeid=i","cat":325351},{"id":205311,"n":"Masque Remède Garnier Cheveux normaux à gras - 340ml","p":5.05,"u":"14,85 €/L","img":"https://fd6-photos.leclercdrive.fr/image.ashx?id=2500171&use=l&cat=p&typeid=i","cat":284608},{"id":205312,"n":"Coloration Permanente Olia 4.0 Châtain cacao","p":11.54,"img":"https://fd6-photos.leclercdrive.fr/image.ashx?id=2518718&use=l&cat=p&typeid=i","cat":288899},{"id":205313,"n":"Coloration Permanente Olia 5.0 Châtain Clair Café","p":12.27,"img":"https://fd6-photos.leclercdrive.fr/image.ashx?id=2521167&use=l&cat=p&typeid=i","cat":288899},{"id":205314,"n":"Coloration Permanente Olia 6.0 Châtain Très Clair","p":11.52,"img":"https://fd6-photos.leclercdrive.fr/image.ashx?id=2521170&use=l&cat=p&typeid=i","cat":288899},{"id":205315,"n":"Coloration Permanente Olia 8.0 Blond miel sans ammoniaque","p":12.16,"u":"12,16 €/TRC","img":"https://fd6-photos.leclercdrive.fr/image.ashx?id=2521173&use=l&cat=p&typeid=i","cat":288899},{"id":205317,"n":"Après-Shampooing Garnier Cheveux normaux à gras - 200ml","p":2.64,"u":"13,20 €/L","img":"https://fd6-photos.leclercdrive.fr/image.ashx?id=2500174&use=l&cat=p&typeid=i","cat":284607},{"id":205318,"n":"Shampoing charbon Ultra Doux Equilibrant - 250ml","p":2.42,"u":"9,68 €/L","img":"https://fd6-photos.leclercdrive.fr/image.ashx?id=2500177&use=l&cat=p&typeid=i","cat":284606},{"id":205319,"n":"Coloration Garnier Good 3.12 Châtain foncé Myrtille","p":12.37,"img":"https://fd6-photos.leclercdrive.fr/image.ashx?id=2521176&use=l&cat=p&typeid=i","cat":288899},{"id":205320,"n":"Masque Assouplissant Garnier Cheveu sec à très sec - 340ml","p":5.08,"u":"14,94 €/L","img":"https://fd6-photos.leclercdrive.fr/image.ashx?id=2500162&use=l&cat=p&typeid=i","cat":284608},{"id":205321,"n":"Masque Merveilleux Garnier Cheveux Secs, Ternes - 340ml","p":5.05,"u":"14,85 €/L","img":"https://fd6-photos.leclercdrive.fr/image.ashx?id=2500165&use=l&cat=p&typeid=i","cat":284608},{"id":205322,"n":"Masque remède Nutrition Garnier Avocat karité - 340ml","p":4.6,"u":"13,53 €/L","img":"https://fd6-photos.leclercdrive.fr/image.ashx?id=2875453&use=l&cat=p&typeid=i","cat":284608},{"id":205327,"n":"Pâte Nocciolata Bio cacao 250g","p":3.48,"u":"13,92 €/KG","img":"https://fd6-photos.leclercdrive.fr/image.ashx?id=2807897&use=l&cat=p&typeid=i","cat":284481},{"id":205344,"n":"Pâte à tartiner Nocciolata  Bio cacao Noisettes - 650g","p":7.63,"u":"11,74 €/KG","img":"https://fd6-photos.leclercdrive.fr/image.ashx?id=2883248&use=l&cat=p&typeid=i","cat":284481},{"id":205347,"n":"Pâte à Nocciolata  Bio Cacao - 250g","p":3.27,"u":"13,08 €/KG","img":"https://fd6-photos.leclercdrive.fr/image.ashx?id=2883251&use=l&cat=p&typeid=i","cat":284481},{"id":205351,"n":"Pâte à tartiner Nocciolata  Bio - 650g","p":7.72,"u":"11,88 €/KG","img":"https://fd6-photos.leclercdrive.fr/image.ashx?id=2868194&use=l&cat=p&typeid=i","cat":284481},{"id":205439,"n":"Sirop sans sucre Teisseire  Fraise - 60cl","p":2.99,"u":"4,98 €/L","img":"https://fd6-photos.leclercdrive.fr/image.ashx?id=2500455&use=l&cat=p&typeid=i","cat":295020},{"id":205520,"n":"Crème glacée La Laitière Rhum Raisins - 490g","p":3.24,"pp":2.27,"u":"4,63 €/KG","img":"https://fd6-photos.leclercdrive.fr/image.ashx?id=2877877&use=l&cat=p&typeid=i","cat":284263},{"id":205522,"n":"Shampoing Réparateur Elsève Pro Bond Repair - 200ml","p":5.83,"u":"29,15 €/L","img":"https://fd6-photos.leclercdrive.fr/image.ashx?id=3008779&use=l&cat=p&typeid=i","cat":284606},{"id":205525,"n":"Démêlant Intense Elsève Pro Bond Repair - 150ml","p":5.8,"u":"38,67 €/L","img":"https://fd6-photos.leclercdrive.fr/image.ashx?id=3008782&use=l&cat=p&typeid=i","cat":284607},{"id":205569,"n":"Nectar de goyave Eco+ 1L","p":1.59,"u":"1,59 €/L","img":"https://fd6-photos.leclercdrive.fr/image.ashx?id=2955614&use=l&cat=p&typeid=i","cat":284915},{"id":205594,"n":"IGP Pruneaux d'Agen dénoyautés Nos Régions ont du Talent 375g","p":3.11,"u":"8,29 €/KG","img":"https://fd6-photos.leclercdrive.fr/image.ashx?id=2583837&use=l&cat=p&typeid=i","cat":284357},{"id":205676,"n":"IGP Pays d'Oc Sauvignon 5L","p":12.49,"u":"2,50 €/L","img":"https://fd6-photos.leclercdrive.fr/image.ashx?id=2879949&use=l&cat=p&typeid=i","cat":289557},{"id":205876,"n":"Nettoyant dilué Mr Propre Bicarbonate - 1L","p":2.75,"u":"2,75 €/L","img":"https://fd6-photos.leclercdrive.fr/image.ashx?id=2867842&use=l&cat=p&typeid=i","cat":284907},{"id":205892,"n":"Nettoyant multi-usages Mr Propre - Savon noir - 1L","p":2.92,"u":"2,92 €/L","img":"https://fd6-photos.leclercdrive.fr/image.ashx?id=2889976&use=l&cat=p&typeid=i","cat":284907},{"id":205936,"n":"Couches Pampers Baby-Dry T7 - x31","p":17.01,"u":"0,55 €/P","img":"https://fd6-photos.leclercdrive.fr/image.ashx?id=2655535&use=l&cat=p&typeid=i","cat":284737},{"id":205957,"n":"Fromage Persillée Bresse Bleu Le véritable - 300g","p":3.97,"u":"13,23 €/KG","img":"https://fd6-photos.leclercdrive.fr/image.ashx?id=2926515&use=l&cat=p&typeid=i","cat":314032},{"id":206022,"n":"Loctite Super glue 3 Original - 2x3g","p":6.52,"img":"https://fd6-photos.leclercdrive.fr/image.ashx?id=2507853&use=l&cat=p&typeid=i","cat":300576},{"id":206024,"n":"Loctite Super glue 3 Gel control - 3g","p":6.34,"img":"https://fd6-photos.leclercdrive.fr/image.ashx?id=2507847&use=l&cat=p&typeid=i","cat":300576},{"id":206026,"n":"Loctite Super glue 3 Power gel tube - 2x3g","p":7.48,"img":"https://fd6-photos.leclercdrive.fr/image.ashx?id=2507856&use=l&cat=p&typeid=i","cat":300576},{"id":206033,"n":"Biscuits Mots Doux P'tit Déli Chocolat noisettes - 180g","p":1.89,"u":"10,50 €/KG","img":"https://fd6-photos.leclercdrive.fr/image.ashx?id=2771136&use=l&cat=p&typeid=i","cat":284488},{"id":206050,"n":"Thé glacé Fuze Tea Framboise Menthe  Sans sucres - 1.25L","p":1.6,"u":"1,28 €/L","img":"https://fd6-photos.leclercdrive.fr/image.ashx?id=2997217&use=l&cat=p&typeid=i","cat":295019},{"id":206106,"n":"Crème Visage Nuit Nivea Peaux à Imperfections - 40ml","p":6.77,"u":"169,25 €/L","img":"https://fd6-photos.leclercdrive.fr/image.ashx?id=2894999&use=l&cat=p&typeid=i","cat":325345},{"id":206109,"n":"Papier toilette Le Trèfle Maxi douceur - x4 maxi rouleaux","p":3.75,"u":"0,94 €/P","img":"https://fd6-photos.leclercdrive.fr/image.ashx?id=2790288&use=l&cat=p&typeid=i","cat":284634},{"id":206110,"n":"Papier toilette Le Trèfle Maxi douceur - x6","p":4.8,"img":"https://fd6-photos.leclercdrive.fr/image.ashx?id=2859926&use=l&cat=p&typeid=i","cat":284634},{"id":206114,"n":"Américain préparé Simon Dutriaux - 270g","p":3.31,"u":"12,26 €/KG","img":"https://fd6-photos.leclercdrive.fr/image.ashx?id=2508624&use=l&cat=p&typeid=i","cat":285191},{"id":206115,"n":"Serviette hygiénique Always Ultra normal - T1 - x16","p":2.42,"u":"0,15 €/P","img":"https://fd6-photos.leclercdrive.fr/image.ashx?id=2867809&use=l&cat=p&typeid=i","cat":284624},{"id":206117,"n":"Gel lavant hydratant Sanytol Aloe Vera & Thé Vert Bio-500ml","p":5.04,"u":"10,08 €/L","img":"https://fd6-photos.leclercdrive.fr/image.ashx?id=2512131&use=l&cat=p&typeid=i","cat":284597},{"id":206120,"n":"Crème dépilatoire Expert Veet Corps Peaux sensibles 200ml","p":5.51,"u":"27,55 €/L","img":"https://fd6-photos.leclercdrive.fr/image.ashx?id=2970804&use=l&cat=p&typeid=i","cat":325351},{"id":206122,"n":"Liquide vaisselle Rainett Concentré - Framboise - 500ml","p":1.84,"u":"3,68 €/L","img":"https://fd6-photos.leclercdrive.fr/image.ashx?id=2508792&use=l&cat=p&typeid=i","cat":284655},{"id":206123,"n":"Liquide vaisselle Paic Bi Activ Vinaigre et Sel minéral - 750ml","p":2.99,"u":"3,99 €/L","img":"https://fd6-photos.leclercdrive.fr/image.ashx?id=2508843&use=l&cat=p&typeid=i","cat":284655},{"id":206125,"n":"Riz parfumé  1kg","p":2.29,"u":"2,29 €/KG","img":"https://fd6-photos.leclercdrive.fr/image.ashx?id=2515521&use=l&cat=p&typeid=i","cat":284428},{"id":206126,"n":"Infusion La Tisanière Nuit calme - x20 - 28g","p":2.68,"u":"95,71 €/KG","img":"https://fd6-photos.leclercdrive.fr/image.ashx?id=2907863&use=l&cat=p&typeid=i","cat":293234},{"id":206128,"n":"Pâte à tartiner Nocciolata Bio Praliné Noisettes - 250g","p":3.5,"u":"14,00 €/KG","img":"https://fd6-photos.leclercdrive.fr/image.ashx?id=2883254&use=l&cat=p&typeid=i","cat":284481},{"id":206135,"n":"Infusion La Tisanière Fleur de camomille - x20  - 30g","p":2.74,"u":"91,33 €/KG","img":"https://fd6-photos.leclercdrive.fr/image.ashx?id=2880700&use=l&cat=p&typeid=i","cat":293234},{"id":206136,"n":"Cookies La Biscuiterie Delacre Pépites de chocolat - 136g","p":2.69,"u":"19,78 €/KG","img":"https://fd6-photos.leclercdrive.fr/image.ashx?id=2674086&use=l&cat=p&typeid=i","cat":325066},{"id":206137,"n":"Cookies La Biscuiterie Delacre Chocolat noir lait blanc -136g","p":2.65,"u":"19,49 €/KG","img":"https://fd6-photos.leclercdrive.fr/image.ashx?id=2673151&use=l&cat=p&typeid=i","cat":325066},{"id":206138,"n":"Boisson concentrée Teisseire Grenadine zéro sucres - 1,3L","p":5.04,"u":"3,88 €/L","img":"https://fd6-photos.leclercdrive.fr/image.ashx?id=2508585&use=l&cat=p&typeid=i","cat":295020},{"id":206139,"n":"Sirop Teisseire Cassis - 60cl","p":3.3,"u":"5,50 €/L","img":"https://fd6-photos.leclercdrive.fr/image.ashx?id=2508588&use=l&cat=p&typeid=i","cat":295020},{"id":206140,"n":"Sirop concentré Teisseire Citron vert - 60cl","p":3.3,"u":"5,50 €/L","img":"https://fd6-photos.leclercdrive.fr/image.ashx?id=2508591&use=l&cat=p&typeid=i","cat":295020},{"id":206142,"n":"Sirop Teisseire  Fraise - 60cl","p":3.3,"u":"5,50 €/L","img":"https://fd6-photos.leclercdrive.fr/image.ashx?id=2771750&use=l&cat=p&typeid=i","cat":295020},{"id":206143,"n":"Sirop Teisseire  Pêche - 60cl","p":3.25,"u":"5,42 €/L","img":"https://fd6-photos.leclercdrive.fr/image.ashx?id=2508597&use=l&cat=p&typeid=i","cat":295020},{"id":206144,"n":"Boisson concentrée Teisseire A diluer grenadine Zéro - 60cl","p":2.72,"u":"4,53 €/L","img":"https://fd6-photos.leclercdrive.fr/image.ashx?id=2508600&use=l&cat=p&typeid=i","cat":295020},{"id":206147,"n":"Boisson concentrée Teisseire Menthe verte sans sucres - 60cl","p":2.74,"u":"4,57 €/L","img":"https://fd6-photos.leclercdrive.fr/image.ashx?id=2508603&use=l&cat=p&typeid=i","cat":295020},{"id":206149,"n":"Boisson concentrée Teisseire Citron sans sucres - 60cl","p":2.89,"u":"4,82 €/L","img":"https://fd6-photos.leclercdrive.fr/image.ashx?id=2508606&use=l&cat=p&typeid=i","cat":295020},{"id":206154,"n":"Saucisson Herta  Fuet - 180g","p":2.78,"u":"15,44 €/KG","img":"https://fd6-photos.leclercdrive.fr/image.ashx?id=2767648&use=l&cat=p&typeid=i","cat":316006},{"id":206158,"n":"Steaks végétaux et gourmands Happyvore x2 - 200g","p":3.69,"u":"18,45 €/KG","img":"https://fd6-photos.leclercdrive.fr/image.ashx?id=2736148&use=l&cat=p&typeid=i","cat":316036},{"id":206163,"n":"Sirop Teisseire  Menthe verte - 60cl","p":2.25,"u":"3,75 €/L","img":"https://fd6-photos.leclercdrive.fr/image.ashx?id=2772726&use=l&cat=p&typeid=i","cat":295020},{"id":206167,"n":"Supremes panés végétaux  HappyVore x2 -180g","p":3.95,"u":"21,94 €/KG","img":"https://fd6-photos.leclercdrive.fr/image.ashx?id=2787527&use=l&cat=p&typeid=i","cat":316036},{"id":206168,"n":"Boisson concentrée Teisseire Menthe verte sans sucres - 1.3L","p":4.97,"u":"3,82 €/L","img":"https://fd6-photos.leclercdrive.fr/image.ashx?id=2509319&use=l&cat=p&typeid=i","cat":295020},{"id":206169,"n":"Sirop Tesseire Citron - 60cl","p":2.25,"u":"3,75 €/L","img":"https://fd6-photos.leclercdrive.fr/image.ashx?id=2771747&use=l&cat=p&typeid=i","cat":295020},{"id":206170,"n":"Sirop Teisseire Framboise - 60cl","p":3.47,"u":"5,78 €/L","img":"https://fd6-photos.leclercdrive.fr/image.ashx?id=2509331&use=l&cat=p&typeid=i","cat":295020},{"id":206172,"n":"Biscuits Kinder Tronky fourrés Cacao et au lait  - 90g","p":1.62,"u":"18,00 €/KG","img":"https://fd6-photos.leclercdrive.fr/image.ashx?id=2916462&use=l&cat=p&typeid=i","cat":284488},{"id":206195,"n":"Couches Pampers Baby-Dry Taille 3 - 6 à 10kg - x156","p":48.73,"u":"0,31 €/P","img":"https://fd6-photos.leclercdrive.fr/image.ashx?id=2624369&use=l&cat=p&typeid=i","cat":284737},{"id":206197,"n":"Couches Pampers Baby-Dry Taille 4+ - 10 à 15kg - x120","p":74.97,"u":"0,62 €/P","img":"https://fd6-photos.leclercdrive.fr/image.ashx?id=2624375&use=l&cat=p&typeid=i","cat":284737},{"id":206201,"n":"Couches Pampers Harmonie Taille 6 - 13kg+ - x81","p":81.22,"img":"https://fd6-photos.leclercdrive.fr/image.ashx?id=2509928&use=l&cat=p&typeid=i","cat":284737},{"id":206202,"n":"Couches Pampers Premium  Protection Taille 2 - x162","p":81.22,"u":"0,50 €/P","img":"https://fd6-photos.leclercdrive.fr/image.ashx?id=2509868&use=l&cat=p&typeid=i","cat":284737},{"id":206293,"n":"Couches Pampers Harmonie  Taille 2 -  4 à 8kg - x144","p":81.22,"u":"0,56 €/P","img":"https://fd6-photos.leclercdrive.fr/image.ashx?id=2509916&use=l&cat=p&typeid=i","cat":284737},{"id":206296,"n":"Couches Pampers Harmonie Taille 3 - 6 à 10kg - x126","p":81.22,"u":"0,64 €/P","img":"https://fd6-photos.leclercdrive.fr/image.ashx?id=2509925&use=l&cat=p&typeid=i","cat":284737},{"id":206297,"n":"Litière chats Tous mes Amis Agglomérante - 10L","p":3.99,"u":"0,40 €/L","img":"https://fd6-photos.leclercdrive.fr/image.ashx?id=2580261&use=l&cat=p&typeid=i","cat":284683},{"id":206298,"n":"Sirop Teisseire  Abricot - 60cl","p":2.53,"u":"4,22 €/L","img":"https://fd6-photos.leclercdrive.fr/image.ashx?id=2510774&use=l&cat=p&typeid=i","cat":295020},{"id":206299,"n":"Sirop Teisseire  Cerise - 60cl","p":3.25,"u":"5,42 €/L","img":"https://fd6-photos.leclercdrive.fr/image.ashx?id=2510777&use=l&cat=p&typeid=i","cat":295020},{"id":206300,"n":"Sirop Teisseire  Fruit de la passion - 60cl","p":3.53,"u":"5,88 €/L","img":"https://fd6-photos.leclercdrive.fr/image.ashx?id=2510780&use=l&cat=p&typeid=i","cat":295020},{"id":206312,"n":"Litière chats Tous mes Amis Minérale absorbante - 13L","p":3.5,"u":"0,27 €/L","img":"https://fd6-photos.leclercdrive.fr/image.ashx?id=2517830&use=l&cat=p&typeid=i","cat":284683},{"id":206315,"n":"Boisson énergisante  Monster - Juiced khaotic 50cl","p":1.76,"u":"3,52 €/L","img":"https://fd6-photos.leclercdrive.fr/image.ashx?id=2511047&use=l&cat=p&typeid=i","cat":284533},{"id":206317,"n":"Boisson énergisante zéro sucres Monster Ultra Watermelon 50cl","p":1.73,"u":"3,46 €/L","img":"https://fd6-photos.leclercdrive.fr/image.ashx?id=2511050&use=l&cat=p&typeid=i","cat":284533},{"id":206439,"n":"Pâte à tartiner Nocciolata  Bio - Crunchy - 250g","p":3.64,"u":"14,56 €/KG","img":"https://fd6-photos.leclercdrive.fr/image.ashx?id=2905078&use=l&cat=p&typeid=i","cat":284481},{"id":206442,"n":"Sirop Kiwi Teisseire  60cl","p":3.4,"u":"5,67 €/L","img":"https://fd6-photos.leclercdrive.fr/image.ashx?id=2510783&use=l&cat=p&typeid=i","cat":295020},{"id":206443,"n":"Sirop Teisseire  Violette - 60cl","p":3.25,"u":"5,42 €/L","img":"https://fd6-photos.leclercdrive.fr/image.ashx?id=2510786&use=l&cat=p&typeid=i","cat":295020},{"id":206449,"n":"Crodino 3x17.5.cl","p":4.16,"u":"7,92 €/L","img":"https://fd6-photos.leclercdrive.fr/image.ashx?id=2877145&use=l&cat=p&typeid=i","cat":284913},{"id":206537,"n":"Cookies La Biscuiterie Delacre Chocolat et noisette - 136g","p":2.64,"u":"19,41 €/KG","img":"https://fd6-photos.leclercdrive.fr/image.ashx?id=2784752&use=l&cat=p&typeid=i","cat":325066},{"id":206538,"n":"Cookies La Biscuiterie Delacre Chocolat noir et lait - 136g","p":2.64,"u":"19,41 €/KG","img":"https://fd6-photos.leclercdrive.fr/image.ashx?id=2661667&use=l&cat=p&typeid=i","cat":325066},{"id":206551,"n":"Serviettes hygiéniques Always Ultra Long Taille 2 - x26","p":4.08,"u":"0,16 €/P","img":"https://fd6-photos.leclercdrive.fr/image.ashx?id=2846493&use=l&cat=p&typeid=i","cat":284624},{"id":206553,"n":"Serviettes hygiéniques Always Ultra Jour&Nuit Taille 3 - x22","p":4.08,"u":"0,19 €/P","img":"https://fd6-photos.leclercdrive.fr/image.ashx?id=2849433&use=l&cat=p&typeid=i","cat":284624},{"id":206577,"n":"Crème fluide UHT Président Secret de Crème - 3x20cl","p":3.48,"u":"5,80 €/L","img":"https://fd6-photos.leclercdrive.fr/image.ashx?id=2678999&use=l&cat=p&typeid=i","cat":284381},{"id":206582,"n":"Liquide vaiselle Paic Bi Activ Vinaigre et citron - 750ml","p":3.0,"u":"4,00 €/L","img":"https://fd6-photos.leclercdrive.fr/image.ashx?id=2966797&use=l&cat=p&typeid=i","cat":284655},{"id":206583,"n":"Liquide vaiselle Paic Bi Activ Vinaigre et menthol - 750ml","p":3.06,"u":"4,08 €/L","img":"https://fd6-photos.leclercdrive.fr/image.ashx?id=2512075&use=l&cat=p&typeid=i","cat":284655},{"id":206606,"n":"Bâtonnets Trium Vanille chocolat blanc x4 314g","p":2.8,"u":"8,92 €/KG","img":"https://fd6-photos.leclercdrive.fr/image.ashx?id=2791392&use=l&cat=p&typeid=i","cat":284265},{"id":206613,"n":"Thé glacé Oasis Ice Tea Saveur Framboise Cassis - 1,5L","p":1.9,"u":"1,27 €/L","img":"https://fd6-photos.leclercdrive.fr/image.ashx?id=2681730&use=l&cat=p&typeid=i","cat":295019},{"id":206614,"n":"Thé glacé Oasis Ice Tea Saveur Pêche - 6x33cl","p":3.54,"u":"1,79 €/L","img":"https://fd6-photos.leclercdrive.fr/image.ashx?id=2873865&use=l&cat=p&typeid=i","cat":295019},{"id":206615,"n":"Boisson aux fruits Oasis Tropical sans sucres - 1,5L","p":2.0,"u":"1,33 €/L","img":"https://fd6-photos.leclercdrive.fr/image.ashx?id=2681739&use=l&cat=p&typeid=i","cat":295018},{"id":206617,"n":"Lessive liquide Arbre Vert Recharge x34 - 1.53L","p":6.08,"u":"3,97 €/L","img":"https://fd6-photos.leclercdrive.fr/image.ashx?id=2680209&use=l&cat=p&typeid=i","cat":284640},{"id":206651,"n":"Mélange fruits exotiques DDV Sirop léger - 340g","p":1.99,"u":"5,85 €/KG","img":"https://fd6-photos.leclercdrive.fr/image.ashx?id=2512511&use=l&cat=p&typeid=i","cat":284507},{"id":206661,"n":"Pré shampooing Elsève  Pro Bond Repair - 200ml","p":8.32,"u":"41,60 €/L","img":"https://fd6-photos.leclercdrive.fr/image.ashx?id=2870680&use=l&cat=p&typeid=i","cat":284606},{"id":206721,"n":"Sundae Ben & Jerry's Dulce de-delish - 342g","p":5.55,"u":"15,86 €/KG","img":"https://fd6-photos.leclercdrive.fr/image.ashx?id=2805654&use=l&cat=p&typeid=i","cat":284725},{"id":206725,"n":"Bâtonnet Magnum Double Sunlover x4 - 300g","p":3.76,"u":"12,53 €/KG","img":"https://fd6-photos.leclercdrive.fr/image.ashx?id=2886397&use=l&cat=p&typeid=i","cat":284265},{"id":206726,"n":"Glace Bâtonnet MAGNUM Double Caramel 4x85ml","p":2.97,"u":"10,46 €/KG","img":"https://fd6-photos.leclercdrive.fr/image.ashx?id=2770626&use=l&cat=p&typeid=i","cat":284265},{"id":206727,"n":"Bâtonnet Magnum Double Chocolat x4 - 284g","p":2.99,"u":"10,53 €/KG","img":"https://fd6-photos.leclercdrive.fr/image.ashx?id=3009284&use=l&cat=p&typeid=i","cat":284265},{"id":206782,"n":"Lessive liquide Gama Original - 66 doses - 3L","p":9.81,"u":"3,27 €/L","img":"https://fd6-photos.leclercdrive.fr/image.ashx?id=2561494&use=l&cat=p&typeid=i","cat":284640},{"id":206783,"n":"Lessive liquide Gama Citrus - 66 doses - 3L","p":11.94,"u":"3,98 €/L","img":"https://fd6-photos.leclercdrive.fr/image.ashx?id=2561497&use=l&cat=p&typeid=i","cat":284640},{"id":206785,"n":"Détachant Ariel 500g","p":6.58,"u":"13,16 €/KG","img":"https://fd6-photos.leclercdrive.fr/image.ashx?id=2561488&use=l&cat=p&typeid=i","cat":284651},{"id":206787,"n":"Ariel Gel détachant Color - 800ml","p":6.55,"u":"8,19 €/L","img":"https://fd6-photos.leclercdrive.fr/image.ashx?id=2561491&use=l&cat=p&typeid=i","cat":284651},{"id":206804,"n":"Fromage apéritif Apéricube Jambon 15 cubes","p":1.7,"u":"21,79 €/KG","img":"https://fd6-photos.leclercdrive.fr/image.ashx?id=2882659&use=l&cat=p&typeid=i","cat":314027},{"id":206922,"n":"Soupe liquide brique Liebig  Façon napolitaine - 2x30cl","p":2.83,"u":"4,72 €/L","img":"https://fd6-photos.leclercdrive.fr/image.ashx?id=2517887&use=l&cat=p&typeid=i","cat":284462},{"id":206935,"n":"Thon entier Eco+ 140g","p":1.33,"u":"9,50 €/KG","img":"https://fd6-photos.leclercdrive.fr/image.ashx?id=2755004&use=l&cat=p&typeid=i","cat":303867},{"id":206936,"n":"Légum' Vapeur Notre Jardin Petits pois & carottes 265g","p":1.45,"u":"5,47 €/KG","img":"https://fd6-photos.leclercdrive.fr/image.ashx?id=3002647&use=l&cat=p&typeid=i","cat":312607},{"id":206944,"n":"Bière blanche Jenlain 4.5° - 75cl","p":3.78,"u":"5,04 €/L","img":"https://fd6-photos.leclercdrive.fr/image.ashx?id=2732860&use=l&cat=p&typeid=i","cat":334878},{"id":206950,"n":"Gaufrettes P'tit Déli Fourrés - 128g","p":1.59,"u":"12,42 €/KG","img":"https://fd6-photos.leclercdrive.fr/image.ashx?id=2842522&use=l&cat=p&typeid=i","cat":284488},{"id":206953,"n":"Tortilla chips chili Eco+ 300g","p":1.14,"u":"3,80 €/KG","img":"https://fd6-photos.leclercdrive.fr/image.ashx?id=2839818&use=l&cat=p&typeid=i","cat":287899},{"id":206963,"n":"Morceaux et coeurs de palmier  250g","p":1.99,"u":"7,96 €/KG","img":"https://fd6-photos.leclercdrive.fr/image.ashx?id=2670365&use=l&cat=p&typeid=i","cat":312611},{"id":206985,"n":"Haché de jambon Fleury Michon À poêler x2 - 190g","p":2.0,"u":"10,53 €/KG","img":"https://fd6-photos.leclercdrive.fr/image.ashx?id=2518649&use=l&cat=p&typeid=i","cat":316009},{"id":206994,"n":"Allumettes de poulet  Fleury Michon x2 - 150g","p":1.73,"u":"11,53 €/KG","img":"https://fd6-photos.leclercdrive.fr/image.ashx?id=2659647&use=l&cat=p&typeid=i","cat":316011},{"id":206997,"n":"Couscous à la marocaine légumes Fleury Michon - 450g","p":3.86,"u":"8,58 €/KG","img":"https://fd6-photos.leclercdrive.fr/image.ashx?id=2656724&use=l&cat=p&typeid=i","cat":333665},{"id":207017,"n":"Monster Top Speed Zero 50CL","p":1.55,"u":"3,10 €/L","img":"https://fd6-photos.leclercdrive.fr/image.ashx?id=2861174&use=l&cat=p&typeid=i","cat":284533},{"id":207019,"n":"Monster Aussie Lemonade Boite - 50cl","p":1.64,"u":"3,28 €/L","img":"https://fd6-photos.leclercdrive.fr/image.ashx?id=2519552&use=l&cat=p&typeid=i","cat":284533},{"id":207042,"n":"Sirop Teisseire Grenadine Bidon mega - 1.3L","p":5.23,"u":"4,02 €/L","img":"https://fd6-photos.leclercdrive.fr/image.ashx?id=2519480&use=l&cat=p&typeid=i","cat":295020},{"id":207043,"n":"Lessive Liquide L'Arbre Vert Savon végétal 45 lavages 2,025L","p":7.1,"u":"3,51 €/L","img":"https://fd6-photos.leclercdrive.fr/image.ashx?id=3008542&use=l&cat=p&typeid=i","cat":284640},{"id":207044,"n":"Recharge Lessive l'Arbre Vert Amande Douce 34 lavages 1,53L","p":6.53,"u":"4,27 €/L","img":"https://fd6-photos.leclercdrive.fr/image.ashx?id=2684503&use=l&cat=p&typeid=i","cat":284640},{"id":207047,"n":"Beurre de cacahuètes Menguy's 454g","p":4.07,"u":"8,96 €/KG","img":"https://fd6-photos.leclercdrive.fr/image.ashx?id=2844088&use=l&cat=p&typeid=i","cat":284481},{"id":207069,"n":"Glace Extrême Mini Fraise Vanille - x8 - 312g","p":4.37,"u":"14,01 €/KG","img":"https://fd6-photos.leclercdrive.fr/image.ashx?id=2732941&use=l&cat=p&typeid=i","cat":284264},{"id":207073,"n":"Tablette lave vaiselle L'Arbre Vert Tout-en-1 - x32","p":4.99,"u":"8,54 €/KG","img":"https://fd6-photos.leclercdrive.fr/image.ashx?id=2672332&use=l&cat=p&typeid=i","cat":284656},{"id":207074,"n":"Vaisselle mains L'Arbre Vert Peaux sensibles - 500ml","p":1.62,"u":"3,24 €/L","img":"https://fd6-photos.leclercdrive.fr/image.ashx?id=2845428&use=l&cat=p&typeid=i","cat":284655},{"id":207075,"n":"Vaisselle Main L'Arbre Vert Amande - 500ml","p":1.54,"u":"3,08 €/L","img":"https://fd6-photos.leclercdrive.fr/image.ashx?id=2845431&use=l&cat=p&typeid=i","cat":284655},{"id":207076,"n":"Recharge Vaisselle mains L'Arbre Vert - Amande - 1L","p":2.79,"u":"2,79 €/L","img":"https://fd6-photos.leclercdrive.fr/image.ashx?id=2849926&use=l&cat=p&typeid=i","cat":284655},{"id":207078,"n":"Nectar orange  Cidou Bio - 1L","p":2.34,"u":"2,34 €/L","img":"https://fd6-photos.leclercdrive.fr/image.ashx?id=2520237&use=l&cat=p&typeid=i","cat":284521},{"id":207101,"n":"Boîte Cotons tiges Feel Natural Blanc - Bambou - x200","p":0.91,"pp":0.55,"img":"https://fd6-photos.leclercdrive.fr/image.ashx?id=2544888&use=l&cat=p&typeid=i","cat":284636},{"id":207104,"n":"Culotte Feel Natural  Menstruelle - Taille XL","p":16.49,"pp":9.89,"img":"https://fd6-photos.leclercdrive.fr/image.ashx?id=2795255&use=l&cat=p&typeid=i","cat":284624},{"id":207105,"n":"Culotte Feel Natural Menstruelle - Taille XXL","p":16.49,"pp":9.89,"img":"https://fd6-photos.leclercdrive.fr/image.ashx?id=2795315&use=l&cat=p&typeid=i","cat":284624},{"id":207117,"n":"Crème Solaire Spray Nivea Sun FPS 30 Protect&Bronze - 200ml","p":11.36,"u":"56,80 €/L","img":"https://fd6-photos.leclercdrive.fr/image.ashx?id=3008969&use=l&cat=p&typeid=i","cat":325355},{"id":207133,"n":"Mimolette Isigny Ste Mère 210g","p":2.71,"u":"12,90 €/KG","img":"https://fd6-photos.leclercdrive.fr/image.ashx?id=2521101&use=l&cat=p&typeid=i","cat":314034},{"id":207137,"n":"Assouplissant Minidou Vent de fraîcheur - 1L - x50","p":4.22,"u":"4,22 €/L","img":"https://fd6-photos.leclercdrive.fr/image.ashx?id=2795887&use=l&cat=p&typeid=i","cat":284650},{"id":207139,"n":"Serviettes hygiéniques Always  Ultra - Secure night - x18","p":4.08,"u":"0,23 €/P","img":"https://fd6-photos.leclercdrive.fr/image.ashx?id=2849436&use=l&cat=p&typeid=i","cat":284624},{"id":207140,"n":"Serviettes hygiéniques Always Ultra - Secure night extra- x16","p":4.08,"u":"0,26 €/P","img":"https://fd6-photos.leclercdrive.fr/image.ashx?id=3000878&use=l&cat=p&typeid=i","cat":284624},{"id":207141,"n":"Préservatifs Durex Nude Extra Fins Peau contre Peau x10","p":7.49,"u":"0,75 €/P","img":"https://fd6-photos.leclercdrive.fr/image.ashx?id=2962017&use=l&cat=p&typeid=i","cat":284631},{"id":207142,"n":"Gel Lubrifiant Intime Durex Sensitive base Eau 100ml","p":7.46,"u":"74,60 €/L","img":"https://fd6-photos.leclercdrive.fr/image.ashx?id=2961203&use=l&cat=p&typeid=i","cat":285160},{"id":207149,"n":"Miettes de thon Petit Navire Sauce tomate - 140g","p":1.95,"u":"13,93 €/KG","img":"https://fd6-photos.leclercdrive.fr/image.ashx?id=2881284&use=l&cat=p&typeid=i","cat":303867},{"id":207154,"n":"Thon naturel Petit Navire 112g","p":2.3,"u":"20,54 €/KG","img":"https://fd6-photos.leclercdrive.fr/image.ashx?id=3003092&use=l&cat=p&typeid=i","cat":303867},{"id":207160,"n":"Olives farcies Menguy's Poivrons rouges -","p":3.35,"u":"22,33 €/KG","img":"https://fd6-photos.leclercdrive.fr/image.ashx?id=2733529&use=l&cat=p&typeid=i","cat":284450},{"id":207162,"n":"Sauce rouleaux de printemps Tanoshi - 250ml","p":2.59,"u":"10,36 €/L","img":"https://fd6-photos.leclercdrive.fr/image.ashx?id=2913229&use=l&cat=p&typeid=i","cat":288992},{"id":207173,"n":"Sauce nems Tanoshi 150ml","p":1.91,"u":"12,73 €/L","img":"https://fd6-photos.leclercdrive.fr/image.ashx?id=2921615&use=l&cat=p&typeid=i","cat":288992},{"id":207174,"n":"Nouilles vermicelles de riz Tanoshi Vietnam 250g","p":1.8,"u":"7,20 €/KG","img":"https://fd6-photos.leclercdrive.fr/image.ashx?id=2732290&use=l&cat=p&typeid=i","cat":288992},{"id":207175,"n":"Kit bobun Tanoshi 485g","p":5.55,"u":"11,44 €/KG","img":"https://fd6-photos.leclercdrive.fr/image.ashx?id=2850910&use=l&cat=p&typeid=i","cat":288992},{"id":207184,"n":"Compotes Pom'Potes Pomme, Pomme brugnon - 96x90g","p":29.99,"u":"3,47 €/KG","img":"https://fd6-photos.leclercdrive.fr/image.ashx?id=2918547&use=l&cat=p&typeid=i","cat":284508},{"id":207198,"n":"Recharge lessive liquide  Rainette Aloe vera - 1.6L","p":5.99,"u":"3,74 €/L","img":"https://fd6-photos.leclercdrive.fr/image.ashx?id=2858684&use=l&cat=p&typeid=i","cat":284640},{"id":207199,"n":"Recharge lessive liquide  Rainett Savon de Marseille 1.6L","p":6.42,"u":"4,01 €/L","img":"https://fd6-photos.leclercdrive.fr/image.ashx?id=2842129&use=l&cat=p&typeid=i","cat":284640},{"id":207209,"n":"Yaourt nature Calin Extra 8x100g","p":2.25,"u":"2,81 €/KG","img":"https://fd6-photos.leclercdrive.fr/image.ashx?id=2973745&use=l&cat=p&typeid=i","cat":284409},{"id":207210,"n":"Fromage à tartiner Kiri Délicieusement fouetté - 125g","p":2.27,"u":"18,16 €/KG","img":"https://fd6-photos.leclercdrive.fr/image.ashx?id=2686591&use=l&cat=p&typeid=i","cat":314029},{"id":207215,"n":"Multiserve café latte starbuck - 750ml","p":5.25,"u":"7,00 €/L","img":"https://fd6-photos.leclercdrive.fr/image.ashx?id=2521644&use=l&cat=p&typeid=i","cat":295246},{"id":207238,"n":"Liqueur Whisky Fireball - 70cl 33% vol.","p":19.2,"u":"27,43 €/L","img":"https://fd6-photos.leclercdrive.fr/image.ashx?id=2531649&use=l&cat=p&typeid=i","cat":286032},{"id":207248,"n":"Infusion La Tisanière Nuit calme - x20 - 30g","p":2.6,"u":"86,67 €/KG","img":"https://fd6-photos.leclercdrive.fr/image.ashx?id=2816835&use=l&cat=p&typeid=i","cat":293234},{"id":207262,"n":"Capsules Nescafé Dolce Gusto  Grande - x16","p":4.87,"u":"35,81 €/KG","img":"https://fd6-photos.leclercdrive.fr/image.ashx?id=2964153&use=l&cat=p&typeid=i","cat":293239},{"id":207273,"n":"AOP Côtes du Rhône vin rouge Signature - 75cl","p":5.03,"u":"6,71 €/L","img":"https://fd6-photos.leclercdrive.fr/image.ashx?id=2844542&use=l&cat=p&typeid=i","cat":289556},{"id":207285,"n":"AOC Côtes du Rhône Villages  Signature - 75cl","p":5.85,"u":"7,80 €/L","img":"https://fd6-photos.leclercdrive.fr/image.ashx?id=2831837&use=l&cat=p&typeid=i","cat":289556},{"id":207286,"n":"AOC Grignan les Adhemar Rouge Signature - 75cl","p":3.19,"u":"4,25 €/L","img":"https://fd6-photos.leclercdrive.fr/image.ashx?id=2831840&use=l&cat=p&typeid=i","cat":289556},{"id":207307,"n":"Culotte Feel Natural Taille S","p":16.49,"pp":9.89,"img":"https://fd6-photos.leclercdrive.fr/image.ashx?id=2795246&use=l&cat=p&typeid=i","cat":284624},{"id":207311,"n":"Culotte Feel Natural Menstruelle - Taille M","p":16.49,"pp":9.89,"img":"https://fd6-photos.leclercdrive.fr/image.ashx?id=2795249&use=l&cat=p&typeid=i","cat":284624},{"id":207319,"n":"Culotte Feel Natural Menstruelle-détachable-Taille S","p":14.24,"pp":8.54,"img":"https://fd6-photos.leclercdrive.fr/image.ashx?id=2525165&use=l&cat=p&typeid=i","cat":284624},{"id":207321,"n":"Culotte Feel Natural Menstruelle-détachable-Taille M","p":14.24,"pp":8.54,"img":"https://fd6-photos.leclercdrive.fr/image.ashx?id=2525168&use=l&cat=p&typeid=i","cat":284624},{"id":207361,"n":"Griottes dénoyautées Beyer 320ml","p":2.5,"u":"7,81 €/L","img":"https://fd6-photos.leclercdrive.fr/image.ashx?id=2532604&use=l&cat=p&typeid=i","cat":284480},{"id":207388,"n":"Cornichon Français  Hugo Aigre-doux - 360g","p":3.69,"u":"10,25 €/KG","img":"https://fd6-photos.leclercdrive.fr/image.ashx?id=2524377&use=l&cat=p&typeid=i","cat":284458},{"id":207389,"n":"Cornichon Français Vinaigre 210g","p":3.99,"u":"19,00 €/KG","img":"https://fd6-photos.leclercdrive.fr/image.ashx?id=2899033&use=l&cat=p&typeid=i","cat":284458},{"id":207392,"n":"Cornichon Français Hugo Vinaigre - 360g","p":5.83,"u":"16,19 €/KG","img":"https://fd6-photos.leclercdrive.fr/image.ashx?id=2524380&use=l&cat=p&typeid=i","cat":284458},{"id":207396,"n":"Galettes moelleuses St Michel Marbrée Chocolat - 180g","p":1.98,"u":"11,00 €/KG","img":"https://fd6-photos.leclercdrive.fr/image.ashx?id=2936263&use=l&cat=p&typeid=i","cat":284487},{"id":207401,"n":"Adoucissant Soupline  Éclat de Fraîcheur - 28p","p":6.12,"u":"0,22 €/P","img":"https://fd6-photos.leclercdrive.fr/image.ashx?id=2583509&use=l&cat=p&typeid=i","cat":284650},{"id":207402,"n":"Adoucissant Soupline  Hypoallergénique - 28p","p":6.45,"u":"0,23 €/P","img":"https://fd6-photos.leclercdrive.fr/image.ashx?id=2818827&use=l&cat=p&typeid=i","cat":284650},{"id":207405,"n":"Lingettes Pampers Harmonie New baby - 46 lingettes","p":3.57,"img":"https://fd6-photos.leclercdrive.fr/image.ashx?id=2805912&use=l&cat=p&typeid=i","cat":284738},{"id":207417,"n":"Glace Barre Glacée Snickers  Caramel & Cacahuètes x6 - 234g","p":3.8,"u":"16,24 €/KG","img":"https://fd6-photos.leclercdrive.fr/image.ashx?id=2525390&use=l&cat=p&typeid=i","cat":284264},{"id":207431,"n":"Arrangé Damoiseau Coco 30D - 70cl","p":22.5,"u":"32,14 €/L","img":"https://fd6-photos.leclercdrive.fr/image.ashx?id=2524691&use=l&cat=p&typeid=i","cat":284551},{"id":207450,"n":"Capsules Nescafé Dolce Gusto  Grande Intenso - x16","p":5.21,"u":"39,47 €/KG","img":"https://fd6-photos.leclercdrive.fr/image.ashx?id=2525962&use=l&cat=p&typeid=i","cat":293239},{"id":207452,"n":"Dosettes Café Carte Noire  Arabica Décaféiné n5 x36 - 250g","p":6.46,"u":"25,84 €/KG","img":"https://fd6-photos.leclercdrive.fr/image.ashx?id=2980127&use=l&cat=p&typeid=i","cat":293238},{"id":207455,"n":"Dosettes café Senseo Caramel x32","p":6.15,"u":"27,70 €/KG","img":"https://fd6-photos.leclercdrive.fr/image.ashx?id=2525977&use=l&cat=p&typeid=i","cat":293238},{"id":207460,"n":"Crème glacée La Laitière Vanille bourbon - 490g","p":3.24,"pp":2.27,"u":"4,63 €/KG","img":"https://fd6-photos.leclercdrive.fr/image.ashx?id=3000009&use=l&cat=p&typeid=i","cat":284263},{"id":207467,"n":"Moutarde Forte Amora 430g","p":1.49,"u":"3,47 €/KG","img":"https://fd6-photos.leclercdrive.fr/image.ashx?id=2526079&use=l&cat=p&typeid=i","cat":288850},{"id":207469,"n":"Moutarde Forte Amora 185g","p":1.56,"u":"8,43 €/KG","img":"https://fd6-photos.leclercdrive.fr/image.ashx?id=2526082&use=l&cat=p&typeid=i","cat":288850},{"id":207471,"n":"Moutarde Mi-forte Amora 415g","p":1.5,"u":"3,61 €/KG","img":"https://fd6-photos.leclercdrive.fr/image.ashx?id=2993176&use=l&cat=p&typeid=i","cat":288850},{"id":207476,"n":"Moutarde de Dijon Fine MAILLE L'Original Bocal - 360g","p":1.47,"u":"4,08 €/KG","img":"https://fd6-photos.leclercdrive.fr/image.ashx?id=2945841&use=l&cat=p&typeid=i","cat":288850},{"id":207478,"n":"Moutarde à l'Ancienne MAILLE Bocal - 360g","p":2.39,"u":"6,64 €/KG","img":"https://fd6-photos.leclercdrive.fr/image.ashx?id=2664307&use=l&cat=p&typeid=i","cat":288850},{"id":207480,"n":"Crème glacée La Laitière Caramel Beurre salé - 490g","p":3.24,"pp":2.27,"u":"4,63 €/KG","img":"https://fd6-photos.leclercdrive.fr/image.ashx?id=2877883&use=l&cat=p&typeid=i","cat":284263},{"id":207481,"n":"Bâtonnets de glace Nuii Chocolat et noisettes - 272g","p":4.39,"u":"16,14 €/KG","img":"https://fd6-photos.leclercdrive.fr/image.ashx?id=2525546&use=l&cat=p&typeid=i","cat":284265},{"id":207492,"n":"Crème glacée La Laitière Vanille pécan - 490g","p":3.24,"pp":2.27,"u":"4,63 €/KG","img":"https://fd6-photos.leclercdrive.fr/image.ashx?id=3000015&use=l&cat=p&typeid=i","cat":284263},{"id":207528,"n":"Lessive liquide L'Arbre Vert Peaux sensibles - x34 - 1.53L","p":6.98,"u":"4,56 €/L","img":"https://fd6-photos.leclercdrive.fr/image.ashx?id=3008536&use=l&cat=p&typeid=i","cat":284640},{"id":207529,"n":"Recharge lessive L'Arbre Vert Peaux sensibles - x34 - 1.53L","p":6.3,"u":"4,12 €/L","img":"https://fd6-photos.leclercdrive.fr/image.ashx?id=2680212&use=l&cat=p&typeid=i","cat":284640},{"id":207530,"n":"Vaisselle mains L'Arbre Vert Peaux sensibles - 750ml","p":1.78,"u":"2,37 €/L","img":"https://fd6-photos.leclercdrive.fr/image.ashx?id=2850575&use=l&cat=p&typeid=i","cat":284655},{"id":207531,"n":"Serviettes hygiéniques Always Ultra - Normal - x30","p":4.08,"img":"https://fd6-photos.leclercdrive.fr/image.ashx?id=2846496&use=l&cat=p&typeid=i","cat":284624},{"id":207533,"n":"Préservatifs Durex Feeling  Extra Fins Extra Lubrifiés x12","p":6.14,"img":"https://fd6-photos.leclercdrive.fr/image.ashx?id=2962014&use=l&cat=p&typeid=i","cat":284631},{"id":207535,"n":"Préservatifs Durex Classic Jeans Confort et Confiance  x12","p":5.64,"img":"https://fd6-photos.leclercdrive.fr/image.ashx?id=2730475&use=l&cat=p&typeid=i","cat":284631},{"id":207536,"n":"Préservatifs Durex Nude Sans Latex Extra Lubrifié x10","p":7.96,"img":"https://fd6-photos.leclercdrive.fr/image.ashx?id=2730478&use=l&cat=p&typeid=i","cat":284631},{"id":207537,"n":"Culotte dentelle Menstruelle - Taille L","p":16.49,"pp":9.89,"img":"https://fd6-photos.leclercdrive.fr/image.ashx?id=2795252&use=l&cat=p&typeid=i","cat":284624},{"id":207540,"n":"Croûtons Tipiak Ail - 75g","p":1.52,"u":"20,27 €/KG","img":"https://fd6-photos.leclercdrive.fr/image.ashx?id=2684461&use=l&cat=p&typeid=i","cat":284464},{"id":207543,"n":"Bandes de cire froide Expert Veet Corps Peaux sèches x40","p":9.09,"u":"0,23 €/P","img":"https://fd6-photos.leclercdrive.fr/image.ashx?id=2970786&use=l&cat=p&typeid=i","cat":null},{"id":207545,"n":"Bandes de cire froide Aiselles Veet Expert Peaux sensibles x16","p":4.98,"u":"0,31 €/P","img":"https://fd6-photos.leclercdrive.fr/image.ashx?id=2970801&use=l&cat=p&typeid=i","cat":325351},{"id":207549,"n":"Shampoing purifiant Ultra Doux Force et Brillance - 300ml","p":2.96,"u":"9,87 €/L","img":"https://fd6-photos.leclercdrive.fr/image.ashx?id=2878072&use=l&cat=p&typeid=i","cat":284606},{"id":207551,"n":"Dentifrice Naturals Aquafresh Blancheur charbon - 75ml","p":1.85,"u":"24,67 €/L","img":"https://fd6-photos.leclercdrive.fr/image.ashx?id=2527079&use=l&cat=p&typeid=i","cat":284612},{"id":207553,"n":"Dentifrice Sensodyne  Junior - 6-12 ans - 50ml","p":3.74,"u":"74,80 €/L","img":"https://fd6-photos.leclercdrive.fr/image.ashx?id=2968920&use=l&cat=p&typeid=i","cat":288898},{"id":207557,"n":"Préservatifs Durex Feeling  Extra Lubrifié Extra Fins x20","p":10.0,"u":"0,50 €/P","img":"https://fd6-photos.leclercdrive.fr/image.ashx?id=2964965&use=l&cat=p&typeid=i","cat":284631},{"id":207558,"n":"Préservatifs Durex Nude Extra Large Extra Fins x8","p":8.61,"u":"1,08 €/P","img":"https://fd6-photos.leclercdrive.fr/image.ashx?id=2773328&use=l&cat=p&typeid=i","cat":284631},{"id":207559,"n":"Préservatifs Durex Pleasure me Perlés et Nervurés x12","p":7.42,"u":"0,62 €/P","img":"https://fd6-photos.leclercdrive.fr/image.ashx?id=2730466&use=l&cat=p&typeid=i","cat":284631},{"id":207561,"n":"Recharge Savon Mains Dettol Miel et Beurre de Karité 250ml","p":3.41,"u":"13,64 €/L","img":"https://fd6-photos.leclercdrive.fr/image.ashx?id=2971751&use=l&cat=p&typeid=i","cat":284597},{"id":207592,"n":"Fusilli Di Canossa Sauce carbonara - 70g","p":2.03,"u":"29,00 €/KG","img":"https://fd6-photos.leclercdrive.fr/image.ashx?id=2854789&use=l&cat=p&typeid=i","cat":289010},{"id":207593,"n":"Fusilli Di Canossa Sauce bolognaise - 70g","p":1.96,"u":"28,00 €/KG","img":"https://fd6-photos.leclercdrive.fr/image.ashx?id=2988716&use=l&cat=p&typeid=i","cat":289010},{"id":207607,"n":"Dentifrice Elmex Anti-caries - 75ml","p":4.51,"u":"60,13 €/L","img":"https://fd6-photos.leclercdrive.fr/image.ashx?id=2721184&use=l&cat=p&typeid=i","cat":284612},{"id":207608,"n":"Déodorant Spray 48h Men Expert Anti-traces - 150ml","p":3.06,"u":"20,40 €/L","img":"https://fd6-photos.leclercdrive.fr/image.ashx?id=2867545&use=l&cat=p&typeid=i","cat":284618},{"id":207609,"n":"Masque reconstituant Ultra doux Cheveu fragile cassant - 340ml","p":4.61,"u":"13,56 €/L","img":"https://fd6-photos.leclercdrive.fr/image.ashx?id=2646924&use=l&cat=p&typeid=i","cat":284608},{"id":207615,"n":"Lessive capsule L'Arbre Vert Savon végétal - x24","p":8.61,"u":"13,60 €/KG","img":"https://fd6-photos.leclercdrive.fr/image.ashx?id=2742126&use=l&cat=p&typeid=i","cat":284641},{"id":207621,"n":"Carrés démaquillant Feel Natural - +Filet de lavage - x6","p":8.69,"pp":5.21,"img":"https://fd6-photos.leclercdrive.fr/image.ashx?id=2528066&use=l&cat=p&typeid=i","cat":285593},{"id":207622,"n":"Culotte Dentelle Feel Natural Menstruelle - Taille XS","p":16.49,"pp":9.89,"img":"https://fd6-photos.leclercdrive.fr/image.ashx?id=2795243&use=l&cat=p&typeid=i","cat":284624},{"id":207623,"n":"Culotte détachable Feel Natural Menstruelle - Taille XS","p":14.24,"pp":8.54,"img":"https://fd6-photos.leclercdrive.fr/image.ashx?id=2528072&use=l&cat=p&typeid=i","cat":284624},{"id":207624,"n":"Culotte détachable Menstruelle - Taille XL","p":14.24,"pp":8.54,"img":"https://fd6-photos.leclercdrive.fr/image.ashx?id=2528075&use=l&cat=p&typeid=i","cat":284624},{"id":207627,"n":"ST MARC Pistolet Antibactérien - 750ml","p":2.02,"u":"2,69 €/L","img":"https://fd6-photos.leclercdrive.fr/image.ashx?id=2528054&use=l&cat=p&typeid=i","cat":325357},{"id":207867,"n":"Cahier Clairefontaine Noir - Intercalaire - 160 pages","p":5.95,"img":"https://fd6-photos.leclercdrive.fr/image.ashx?id=2541808&use=l&cat=p&typeid=i","cat":284697},{"id":207868,"n":"Cahier Clairefontaine Vert - Intercalaire - 160 pages","p":5.95,"img":"https://fd6-photos.leclercdrive.fr/image.ashx?id=2541811&use=l&cat=p&typeid=i","cat":284697},{"id":207869,"n":"Cahier Clairefontaine Bleu - Intercalaire - 160 pages","p":5.95,"img":"https://fd6-photos.leclercdrive.fr/image.ashx?id=2541814&use=l&cat=p&typeid=i","cat":284697},{"id":207870,"n":"Cahier Clairefontaine Gris - Intercalaire - 160 pages","p":5.95,"img":"https://fd6-photos.leclercdrive.fr/image.ashx?id=2541817&use=l&cat=p&typeid=i","cat":284697},{"id":207871,"n":"Cahier Clairefontaine Noir - Intercalaire - Seyes","p":8.18,"img":"https://fd6-photos.leclercdrive.fr/image.ashx?id=2541820&use=l&cat=p&typeid=i","cat":284697},{"id":207872,"n":"Cahier Clairefontaine Vert - Intercalaire - Seyes","p":8.18,"img":"https://fd6-photos.leclercdrive.fr/image.ashx?id=2541823&use=l&cat=p&typeid=i","cat":284697},{"id":207873,"n":"Cahier Clairefontaine Bleu - Intercalaire - Seyes","p":8.18,"img":"https://fd6-photos.leclercdrive.fr/image.ashx?id=2541826&use=l&cat=p&typeid=i","cat":284697},{"id":207874,"n":"Cahier Clairefontaine Gris - Intercalaire - Seyes","p":8.18,"img":"https://fd6-photos.leclercdrive.fr/image.ashx?id=2541829&use=l&cat=p&typeid=i","cat":284697},{"id":207898,"n":"Cahier trieur Clairefontaine Noir - A4 - 160 pages - 5x5","p":8.18,"img":"https://fd6-photos.leclercdrive.fr/image.ashx?id=2541901&use=l&cat=p&typeid=i","cat":284697},{"id":207899,"n":"Cahier trieur Clairefontaine Vert - A4 - 160 pages - 5x5","p":8.18,"img":"https://fd6-photos.leclercdrive.fr/image.ashx?id=2541904&use=l&cat=p&typeid=i","cat":284697},{"id":207900,"n":"Cahier trieur Clairefontaine Bleu - A4 - 160 pages - 5x5","p":8.18,"img":"https://fd6-photos.leclercdrive.fr/image.ashx?id=2541907&use=l&cat=p&typeid=i","cat":284697},{"id":207901,"n":"Cahier trieur Clairefontaine Gris - A4 - 160 pages - 5x5","p":8.18,"img":"https://fd6-photos.leclercdrive.fr/image.ashx?id=2541910&use=l&cat=p&typeid=i","cat":284697},{"id":207902,"n":"Cahier trieur Clairefontaine Noir - A4 - 160 pages - Seyes","p":8.18,"img":"https://fd6-photos.leclercdrive.fr/image.ashx?id=2541913&use=l&cat=p&typeid=i","cat":284697},{"id":207903,"n":"Cahier trieur Clairefontaine Vert - A4 - 160 pages - Seyes","p":8.18,"img":"https://fd6-photos.leclercdrive.fr/image.ashx?id=2541916&use=l&cat=p&typeid=i","cat":284697},{"id":207904,"n":"Cahier trieur Clairefontaine Bleu - A4 - 160 pages - Seyes","p":8.18,"img":"https://fd6-photos.leclercdrive.fr/image.ashx?id=2541919&use=l&cat=p&typeid=i","cat":284697},{"id":207905,"n":"Cahier trieur Clairefontaine Gris - A4 - 160 pages - Seyes","p":8.18,"img":"https://fd6-photos.leclercdrive.fr/image.ashx?id=2541922&use=l&cat=p&typeid=i","cat":284697},{"id":207914,"n":"Chemise polypro néon Exacompta Orange","p":2.4,"img":"https://fd6-photos.leclercdrive.fr/image.ashx?id=2541943&use=l&cat=p&typeid=i","cat":284745},{"id":207915,"n":"Chemise polypro néon Exacompta Vert","p":2.4,"img":"https://fd6-photos.leclercdrive.fr/image.ashx?id=2541946&use=l&cat=p&typeid=i","cat":284745},{"id":207931,"n":"Classeur XL Exacompta Jaune citron - Polypro néon","p":4.79,"img":"https://fd6-photos.leclercdrive.fr/image.ashx?id=2541994&use=l&cat=p&typeid=i","cat":284745},{"id":207932,"n":"Classeur XL Exacompta Orange - Polypro néon","p":4.79,"img":"https://fd6-photos.leclercdrive.fr/image.ashx?id=2541997&use=l&cat=p&typeid=i","cat":284745},{"id":207933,"n":"Classeur XL Exacompta Vert - Polypro néon","p":4.79,"img":"https://fd6-photos.leclercdrive.fr/image.ashx?id=2542000&use=l&cat=p&typeid=i","cat":284745},{"id":207934,"n":"Classeur XL Exacompta Fuschia - Polypro néon","p":4.79,"img":"https://fd6-photos.leclercdrive.fr/image.ashx?id=2542003&use=l&cat=p&typeid=i","cat":284745},{"id":208032,"n":"Crayon de couleur Bic Evolution Stripes - x12","p":4.01,"img":"https://fd6-photos.leclercdrive.fr/image.ashx?id=2544089&use=l&cat=p&typeid=i","cat":284696},{"id":208088,"n":"Pochettes perforées Esquisse Premium - x50","p":2.89,"u":"0,06 €/P","img":"https://fd6-photos.leclercdrive.fr/image.ashx?id=2531575&use=l&cat=p&typeid=i","cat":284696},{"id":208090,"n":"Recharges Roller Esquisse Effaçable - x6","p":2.89,"img":"https://fd6-photos.leclercdrive.fr/image.ashx?id=2531581&use=l&cat=p&typeid=i","cat":284696},{"id":208091,"n":"Crayons de couleur Esquisse Pointe large - x8","p":3.79,"img":"https://fd6-photos.leclercdrive.fr/image.ashx?id=2531569&use=l&cat=p&typeid=i","cat":284696},{"id":208106,"n":"Classeur Pokémon x1","p":4.9,"img":"https://fd6-photos.leclercdrive.fr/image.ashx?id=2531506&use=l&cat=p&typeid=i","cat":284745},{"id":208197,"n":"Crème Solaire Visage Nivea Sun FPS50+ Anti-taches - 40ml","p":10.67,"u":"266,75 €/L","img":"https://fd6-photos.leclercdrive.fr/image.ashx?id=2967373&use=l&cat=p&typeid=i","cat":325355},{"id":208271,"n":"Capsules café L'Or Espresso Forza N°9 x50","p":13.77,"u":"52,96 €/KG","img":"https://fd6-photos.leclercdrive.fr/image.ashx?id=3000471&use=l&cat=p&typeid=i","cat":284749},{"id":208274,"n":"S.Pellegrino Eau Minerale  Naturelle Gazeuse 6X33cl","p":3.04,"u":"1,54 €/L","img":"https://fd6-photos.leclercdrive.fr/image.ashx?id=2868578&use=l&cat=p&typeid=i","cat":284536},{"id":208385,"n":"Capsules café L'Or Espresso Delizioso N°5 x50","p":13.66,"u":"52,54 €/KG","img":"https://fd6-photos.leclercdrive.fr/image.ashx?id=2788064&use=l&cat=p&typeid=i","cat":284749},{"id":208417,"n":"Capsules café L'Or Espresso Ristretto N°11 x50","p":13.66,"u":"52,54 €/KG","img":"https://fd6-photos.leclercdrive.fr/image.ashx?id=3000474&use=l&cat=p&typeid=i","cat":284749},{"id":208421,"n":"Infusion fruits rouges Elephant Touche de menthe - 40g","p":2.8,"u":"70,00 €/KG","img":"https://fd6-photos.leclercdrive.fr/image.ashx?id=2813104&use=l&cat=p&typeid=i","cat":293234},{"id":208426,"n":"Infusion Eléphant Tilleul Citron  - x20 - 28g","p":2.79,"u":"99,64 €/KG","img":"https://fd6-photos.leclercdrive.fr/image.ashx?id=2530284&use=l&cat=p&typeid=i","cat":293234},{"id":208484,"n":"Chips paysanne Lay's Saveur Oignon de Roscoff - 120g","p":1.41,"u":"11,75 €/KG","img":"https://fd6-photos.leclercdrive.fr/image.ashx?id=2810777&use=l&cat=p&typeid=i","cat":284447},{"id":208499,"n":"Eau plate aromatisée Vittel Pêche - 75cl","p":1.16,"u":"1,55 €/L","img":"https://fd6-photos.leclercdrive.fr/image.ashx?id=2849352&use=l&cat=p&typeid=i","cat":284537},{"id":208505,"n":"Eau aromatisée Vittel+Recharge Fruits rouges - 75cl","p":1.14,"u":"1,52 €/L","img":"https://fd6-photos.leclercdrive.fr/image.ashx?id=2536499&use=l&cat=p&typeid=i","cat":284537},{"id":208526,"n":"Eau aromatisée Vittel+Active Citron vert et menthe - 75cl","p":1.1,"u":"1,47 €/L","img":"https://fd6-photos.leclercdrive.fr/image.ashx?id=2532282&use=l&cat=p&typeid=i","cat":284537},{"id":208632,"n":"Crème glacée La Laitière Crème brulée - 490g","p":3.24,"pp":2.27,"u":"4,63 €/KG","img":"https://fd6-photos.leclercdrive.fr/image.ashx?id=2877880&use=l&cat=p&typeid=i","cat":284263},{"id":208636,"n":"Purée Mousline Crème et noix de muscade - 500g","p":2.98,"u":"5,96 €/KG","img":"https://fd6-photos.leclercdrive.fr/image.ashx?id=3011728&use=l&cat=p&typeid=i","cat":284431},{"id":208638,"n":"Purée Mousline x3 sachets - 195g","p":1.41,"u":"7,23 €/KG","img":"https://fd6-photos.leclercdrive.fr/image.ashx?id=3004414&use=l&cat=p&typeid=i","cat":284431},{"id":208642,"n":"Purée Mousline x4 - 520g","p":2.38,"u":"4,58 €/KG","img":"https://fd6-photos.leclercdrive.fr/image.ashx?id=3011734&use=l&cat=p&typeid=i","cat":284431},{"id":208647,"n":"Bâtonnet Chupa Chups x4 - 240g","p":3.56,"u":"14,83 €/KG","img":"https://fd6-photos.leclercdrive.fr/image.ashx?id=2648349&use=l&cat=p&typeid=i","cat":284265},{"id":208651,"n":"Purée Mousline  x8 - 1.04 kg","p":4.38,"u":"4,21 €/KG","img":"https://fd6-photos.leclercdrive.fr/image.ashx?id=2986780&use=l&cat=p&typeid=i","cat":284431},{"id":208653,"n":"Yaourt à boire Déli'Max Noix de coco - 850g","p":1.45,"u":"1,71 €/KG","img":"https://fd6-photos.leclercdrive.fr/image.ashx?id=2804193&use=l&cat=p&typeid=i","cat":284415},{"id":208658,"n":"Biscuit P'tit Deli Chocolat lait blanc - 150g","p":1.75,"u":"11,67 €/KG","img":"https://fd6-photos.leclercdrive.fr/image.ashx?id=2684835&use=l&cat=p&typeid=i","cat":284488},{"id":208747,"n":"Café en grains L'OR Brésil 100% Arabica N° 5 900g","p":18.61,"u":"20,68 €/KG","img":"https://fd6-photos.leclercdrive.fr/image.ashx?id=2851348&use=l&cat=p&typeid=i","cat":293237},{"id":208749,"n":"Riz long grain 10 min Lustucru  x5 - 900g","p":2.16,"u":"2,40 €/KG","img":"https://fd6-photos.leclercdrive.fr/image.ashx?id=2963739&use=l&cat=p&typeid=i","cat":284428},{"id":208750,"n":"Purée Mousline x3 - 375g","p":2.57,"u":"6,85 €/KG","img":"https://fd6-photos.leclercdrive.fr/image.ashx?id=2940135&use=l&cat=p&typeid=i","cat":284431},{"id":208751,"n":"Riz long grain 10 min Lustucru x5 - 450g","p":1.42,"u":"3,16 €/KG","img":"https://fd6-photos.leclercdrive.fr/image.ashx?id=2955830&use=l&cat=p&typeid=i","cat":284428},{"id":208753,"n":"Bâtonnet Ferrero Rocher White x4 - 200g","p":3.86,"u":"19,30 €/KG","img":"https://fd6-photos.leclercdrive.fr/image.ashx?id=2759074&use=l&cat=p&typeid=i","cat":284265},{"id":208759,"n":"Purée Mousline  Presse purée - 375g","p":2.79,"u":"7,44 €/KG","img":"https://fd6-photos.leclercdrive.fr/image.ashx?id=2940117&use=l&cat=p&typeid=i","cat":284431},{"id":208761,"n":"Purée Mousline x4 - 125g","p":1.18,"u":"9,44 €/KG","img":"https://fd6-photos.leclercdrive.fr/image.ashx?id=2940126&use=l&cat=p&typeid=i","cat":284431},{"id":208762,"n":"Vinaigre balsamique Modene IGP - 50cl","p":3.15,"u":"6,30 €/L","img":"https://fd6-photos.leclercdrive.fr/image.ashx?id=2645390&use=l&cat=p&typeid=i","cat":298543},{"id":208772,"n":"Gel douche Sanex Natural Prebiotic - Sensitive - 425ml","p":4.74,"u":"11,15 €/L","img":"https://fd6-photos.leclercdrive.fr/image.ashx?id=2757857&use=l&cat=p&typeid=i","cat":284594},{"id":208773,"n":"Thon Petit Navire À la sauce Catalane - 3x140g","p":4.91,"u":"11,69 €/KG","img":"https://fd6-photos.leclercdrive.fr/image.ashx?id=2999216&use=l&cat=p&typeid=i","cat":303867},{"id":208774,"n":"Crème corps nourrissante Mixa Peaux extra sèches - 400ml","p":4.52,"u":"11,30 €/L","img":"https://fd6-photos.leclercdrive.fr/image.ashx?id=2533862&use=l&cat=p&typeid=i","cat":325350},{"id":208776,"n":"Gel douche Tahiti Vanille et huile de coco 250ml","p":2.32,"u":"9,28 €/L","img":"https://fd6-photos.leclercdrive.fr/image.ashx?id=2533130&use=l&cat=p&typeid=i","cat":284594},{"id":208778,"n":"Thon Petit Navire  Mayonnaise - 3x140g","p":4.87,"u":"11,60 €/KG","img":"https://fd6-photos.leclercdrive.fr/image.ashx?id=2835854&use=l&cat=p&typeid=i","cat":303867},{"id":208786,"n":"Thé glacé Lipton Ice Tea Pêche La bouteille de 1.25L","p":1.44,"u":"1,15 €/L","img":"https://fd6-photos.leclercdrive.fr/image.ashx?id=2731567&use=l&cat=p&typeid=i","cat":295019},{"id":208788,"n":"Thé glacé Lipton Ice Tea Pêche  Sans sucres bouteille de 1.25L","p":1.61,"u":"1,29 €/L","img":"https://fd6-photos.leclercdrive.fr/image.ashx?id=2731570&use=l&cat=p&typeid=i","cat":295019},{"id":208791,"n":"Crevette du pacifique Costa 270g","p":9.9,"u":"36,67 €/KG","img":"https://fd6-photos.leclercdrive.fr/image.ashx?id=2533943&use=l&cat=p&typeid=i","cat":319787},{"id":208806,"n":"Grilletine blé complet Pasquier Sans sucre ajouté - 255g","p":2.2,"u":"8,63 €/KG","img":"https://fd6-photos.leclercdrive.fr/image.ashx?id=2533559&use=l&cat=p&typeid=i","cat":284479},{"id":208836,"n":"Lardons végétaux La Vie Fumés - 2x75g","p":3.24,"u":"21,60 €/KG","img":"https://fd6-photos.leclercdrive.fr/image.ashx?id=2965247&use=l&cat=p&typeid=i","cat":316036},{"id":208856,"n":"Dentifrice Colgate Tonigencyl Expert - 75ml","p":2.23,"u":"29,73 €/L","img":"https://fd6-photos.leclercdrive.fr/image.ashx?id=2859992&use=l&cat=p&typeid=i","cat":284612},{"id":208857,"n":"Soin Revitalisant L'Oréal Paris Men Expert Anti-Âge - 50ml","p":9.14,"u":"182,80 €/L","img":"https://fd6-photos.leclercdrive.fr/image.ashx?id=3008776&use=l&cat=p&typeid=i","cat":284622},{"id":208859,"n":"Sérum Colgate Max White Blancheur - Nuit - 3ml","p":14.65,"img":"https://fd6-photos.leclercdrive.fr/image.ashx?id=2834095&use=l&cat=p&typeid=i","cat":284612},{"id":208865,"n":"Spray nasal Prorhinel Aloe Vera - Enfant/Adulte 100ml","p":5.79,"u":"57,90 €/L","img":"https://fd6-photos.leclercdrive.fr/image.ashx?id=2917861&use=l&cat=p&typeid=i","cat":284630},{"id":208867,"n":"Serum physiologique Prorhinel 30x5ml","p":3.31,"u":"22,07 €/L","img":"https://fd6-photos.leclercdrive.fr/image.ashx?id=2878303&use=l&cat=p&typeid=i","cat":284741},{"id":208881,"n":"Dosettes café Senseo Café au lait x16","p":4.08,"u":"24,29 €/KG","img":"https://fd6-photos.leclercdrive.fr/image.ashx?id=2662628&use=l&cat=p&typeid=i","cat":293238},{"id":208928,"n":"Cidou un amour de fruits Pomme - 1L","p":1.85,"u":"1,85 €/L","img":"https://fd6-photos.leclercdrive.fr/image.ashx?id=2535043&use=l&cat=p&typeid=i","cat":284522},{"id":208933,"n":"Eau Cristalline aromatisée Pomme pêche poire - 1,5L","p":1.13,"u":"0,75 €/L","img":"https://fd6-photos.leclercdrive.fr/image.ashx?id=2817545&use=l&cat=p&typeid=i","cat":284537},{"id":208937,"n":"Barre protéinée Joyfuel Cookie Dough 55g","p":2.41,"u":"43,82 €/KG","img":"https://fd6-photos.leclercdrive.fr/image.ashx?id=2662057&use=l&cat=p&typeid=i","cat":318652},{"id":209054,"n":"Wraps Old El Paso Extra fins x6 - 192g","p":2.73,"u":"14,22 €/KG","img":"https://fd6-photos.leclercdrive.fr/image.ashx?id=2737693&use=l&cat=p&typeid=i","cat":288993},{"id":209057,"n":"Céréales bébé P'TITE CEREALE chocolat biscuit 12M+ - 415g","p":3.24,"u":"7,81 €/KG","img":"https://fd6-photos.leclercdrive.fr/image.ashx?id=2537303&use=l&cat=p&typeid=i","cat":312225},{"id":209058,"n":"Collagène marin Juvamine Acide Hyaluronique x60 - 31g","p":10.52,"u":"339,35 €/KG","img":"https://fd6-photos.leclercdrive.fr/image.ashx?id=2785856&use=l&cat=p&typeid=i","cat":313217},{"id":209059,"n":"P'tite céréale Nestlé Noisettes Biscuit - 12M+ - 415g","p":3.49,"u":"8,41 €/KG","img":"https://fd6-photos.leclercdrive.fr/image.ashx?id=2679389&use=l&cat=p&typeid=i","cat":312225},{"id":209060,"n":"Chips nature Lay's Sel - 6x25g","p":2.02,"u":"13,47 €/KG","img":"https://fd6-photos.leclercdrive.fr/image.ashx?id=3011143&use=l&cat=p&typeid=i","cat":284447},{"id":209064,"n":"Céréales bébé BABICAO Cacao 10M+ - 400g","p":3.48,"u":"8,70 €/KG","img":"https://fd6-photos.leclercdrive.fr/image.ashx?id=2537294&use=l&cat=p&typeid=i","cat":312225},{"id":209066,"n":"Céréales bébé P'TITE CEREALE Vanille Biscuit 12M+ - 415g","p":3.24,"u":"7,81 €/KG","img":"https://fd6-photos.leclercdrive.fr/image.ashx?id=2537297&use=l&cat=p&typeid=i","cat":312225},{"id":209093,"n":"Adoucissant Soupline Magnolia & lavande - x60 1.28L","p":6.04,"u":"4,65 €/L","img":"https://fd6-photos.leclercdrive.fr/image.ashx?id=2832569&use=l&cat=p&typeid=i","cat":284650},{"id":209094,"n":"Adoucissant Soupline Concentré Mandarine Vanille x60 - 1.28ml","p":6.1,"u":"4,77 €/L","img":"https://fd6-photos.leclercdrive.fr/image.ashx?id=2832572&use=l&cat=p&typeid=i","cat":284650},{"id":209113,"n":"Pâtes Collezione Barilla Farfalle Generose - 500g","p":1.66,"u":"3,32 €/KG","img":"https://fd6-photos.leclercdrive.fr/image.ashx?id=2654122&use=l&cat=p&typeid=i","cat":284427},{"id":209156,"n":"Capsules lave-vaisselle Finish  Ultimate Plus Citron - x25","p":7.63,"u":"25,02 €/KG","img":"https://fd6-photos.leclercdrive.fr/image.ashx?id=2735554&use=l&cat=p&typeid=i","cat":284656},{"id":209178,"n":"Gel douche Le Petit Marseillais Verveine Bio Citron Bio 2x250ml","p":2.75,"u":"5,50 €/L","img":"https://fd6-photos.leclercdrive.fr/image.ashx?id=2763571&use=l&cat=p&typeid=i","cat":284594},{"id":209179,"n":"Crème dépilatoire Expert Veet Bikini Maillot Intégral 200ml","p":9.53,"u":"95,30 €/L","img":"https://fd6-photos.leclercdrive.fr/image.ashx?id=2964968&use=l&cat=p&typeid=i","cat":325351},{"id":209182,"n":"Rasoir Gillette Labs Neon Night Edition - 1 rasoir + 1 lame","p":27.63,"img":"https://fd6-photos.leclercdrive.fr/image.ashx?id=2891740&use=l&cat=p&typeid=i","cat":284616},{"id":209196,"n":"Pur jus Tropicana Réveil fruité - 90cl","p":3.04,"u":"3,38 €/L","img":"https://fd6-photos.leclercdrive.fr/image.ashx?id=2538431&use=l&cat=p&typeid=i","cat":285435},{"id":209208,"n":"Sauce soja Suzi Wan Sucrée - 135ml","p":2.01,"u":"14,89 €/KG","img":"https://fd6-photos.leclercdrive.fr/image.ashx?id=2892931&use=l&cat=p&typeid=i","cat":288992},{"id":209209,"n":"Sauce soja Suzi Wan 250ml","p":2.83,"u":"11,32 €/L","img":"https://fd6-photos.leclercdrive.fr/image.ashx?id=2990880&use=l&cat=p&typeid=i","cat":288992},{"id":209212,"n":"Graines de sésame doré Ducros  45g","p":2.04,"u":"45,33 €/KG","img":"https://fd6-photos.leclercdrive.fr/image.ashx?id=2538605&use=l&cat=p&typeid=i","cat":298297},{"id":209241,"n":"Mélange de noix non salées Vico Avec raisins secs - 180g","p":3.8,"u":"21,11 €/KG","img":"https://fd6-photos.leclercdrive.fr/image.ashx?id=2916893&use=l&cat=p&typeid=i","cat":284448},{"id":209246,"n":"Oignon de France Ducros 42g","p":1.95,"u":"46,43 €/KG","img":"https://fd6-photos.leclercdrive.fr/image.ashx?id=2538593&use=l&cat=p&typeid=i","cat":298297},{"id":209301,"n":"Thé vert glacé Lipton Ice Tea Citron vert menthe - 1.25L","p":1.73,"u":"1,38 €/L","img":"https://fd6-photos.leclercdrive.fr/image.ashx?id=2731579&use=l&cat=p&typeid=i","cat":295019},{"id":209302,"n":"Thé glacé Lipton Ice Tea Citron/citron vert - 1.25L","p":1.58,"u":"1,26 €/L","img":"https://fd6-photos.leclercdrive.fr/image.ashx?id=2731573&use=l&cat=p&typeid=i","cat":295019},{"id":209309,"n":"Thé glacé Lipton Ice Tea Framboise - 1.25L","p":1.71,"u":"1,37 €/L","img":"https://fd6-photos.leclercdrive.fr/image.ashx?id=2731588&use=l&cat=p&typeid=i","cat":295019},{"id":209311,"n":"Thé glacé Lipton Ice Tea Pêche abricot - 1,25L","p":1.79,"u":"1,43 €/L","img":"https://fd6-photos.leclercdrive.fr/image.ashx?id=2731576&use=l&cat=p&typeid=i","cat":295019},{"id":209312,"n":"Couches Pampers Baby Dry Maxi Pack T3 124p","p":64.82,"u":"0,52 €/P","img":"https://fd6-photos.leclercdrive.fr/image.ashx?id=2551564&use=l&cat=p&typeid=i","cat":284737},{"id":209318,"n":"Couches Pampers Harmonie  T3 - x87p - 6kg","p":64.82,"u":"0,75 €/P","img":"https://fd6-photos.leclercdrive.fr/image.ashx?id=2539061&use=l&cat=p&typeid=i","cat":284737},{"id":209353,"n":"Ratatouille provençale d'aucy 42,5cl","p":2.25,"u":"5,92 €/KG","img":"https://fd6-photos.leclercdrive.fr/image.ashx?id=2539512&use=l&cat=p&typeid=i","cat":312612},{"id":209354,"n":"Courgettes cuisinées D'Aucy Provencale - 380g","p":2.5,"u":"6,58 €/KG","img":"https://fd6-photos.leclercdrive.fr/image.ashx?id=2570088&use=l&cat=p&typeid=i","cat":312612},{"id":209355,"n":"Aubergines cuisinées D'Aucy 380g","p":2.35,"u":"6,18 €/KG","img":"https://fd6-photos.leclercdrive.fr/image.ashx?id=2539509&use=l&cat=p&typeid=i","cat":312612},{"id":209356,"n":"Curry de pois chiches d'aucy  42,5cl","p":2.39,"u":"6,29 €/KG","img":"https://fd6-photos.leclercdrive.fr/image.ashx?id=2539506&use=l&cat=p&typeid=i","cat":287599},{"id":209357,"n":"Mijote de lentilles d'aucy  42,5cl","p":2.5,"u":"6,58 €/KG","img":"https://fd6-photos.leclercdrive.fr/image.ashx?id=2592219&use=l&cat=p&typeid=i","cat":312612},{"id":209368,"n":"Thé glacé Lipton Ice Tea Pêche La bouteille de 1.75L","p":1.85,"u":"1,06 €/L","img":"https://fd6-photos.leclercdrive.fr/image.ashx?id=2731594&use=l&cat=p&typeid=i","cat":295019},{"id":209370,"n":"Vin blanc Francois d'Aubigne Espagne - 5L","p":6.19,"u":"1,24 €/L","img":"https://fd6-photos.leclercdrive.fr/image.ashx?id=2611855&use=l&cat=p&typeid=i","cat":289557},{"id":209371,"n":"Aneth Ducros 13g","p":1.84,"u":"141,54 €/KG","img":"https://fd6-photos.leclercdrive.fr/image.ashx?id=2538599&use=l&cat=p&typeid=i","cat":298297},{"id":209424,"n":"Yaourt bifidus Activia céréales Poire et aux fruits - 4x115g","p":2.49,"u":"5,41 €/KG","img":"https://fd6-photos.leclercdrive.fr/image.ashx?id=2901641&use=l&cat=p&typeid=i","cat":315000},{"id":209426,"n":"Crème dessert Danette Caramel lit chocolat - 4x125g","p":1.7,"u":"3,40 €/KG","img":"https://fd6-photos.leclercdrive.fr/image.ashx?id=2926251&use=l&cat=p&typeid=i","cat":285041},{"id":209432,"n":"Skyr Danone Vanille 0%mg - 2x140g","p":1.89,"u":"6,75 €/KG","img":"https://fd6-photos.leclercdrive.fr/image.ashx?id=2944654&use=l&cat=p&typeid=i","cat":315000},{"id":209444,"n":"Fromage enfant La Vache qui rit Allégée 16P à tartiner - 267g","p":2.96,"u":"11,09 €/KG","img":"https://fd6-photos.leclercdrive.fr/image.ashx?id=2539701&use=l&cat=p&typeid=i","cat":314030},{"id":209464,"n":"Sirop Teisseire citron Bidon mega - 130cl","p":5.14,"u":"3,95 €/L","img":"https://fd6-photos.leclercdrive.fr/image.ashx?id=2539707&use=l&cat=p&typeid=i","cat":295020},{"id":209465,"n":"Sirop Teisseire Ice Tea Pêche Bidon - 60cl","p":3.3,"u":"5,50 €/L","img":"https://fd6-photos.leclercdrive.fr/image.ashx?id=2539710&use=l&cat=p&typeid=i","cat":295020},{"id":209491,"n":"Couscous moyen Ferrero sachet -500g","p":1.69,"u":"3,38 €/KG","img":"https://fd6-photos.leclercdrive.fr/image.ashx?id=2869561&use=l&cat=p&typeid=i","cat":284429},{"id":209494,"n":"Salade & Cie Sodebo Roma Jambon Speck - 320g","p":3.04,"u":"9,50 €/KG","img":"https://fd6-photos.leclercdrive.fr/image.ashx?id=2732413&use=l&cat=p&typeid=i","cat":333657},{"id":209495,"n":"Salade & Cie Sodebo Manhattan Poulet rôti - 320g","p":2.9,"u":"9,06 €/KG","img":"https://fd6-photos.leclercdrive.fr/image.ashx?id=2732407&use=l&cat=p&typeid=i","cat":333657},{"id":209496,"n":"Salade & Cie Sodebo Montmartre Jambon supérieur - 320g","p":3.1,"u":"9,69 €/KG","img":"https://fd6-photos.leclercdrive.fr/image.ashx?id=2868945&use=l&cat=p&typeid=i","cat":333657},{"id":209510,"n":"Chips nature Lay's Sel - 250g","p":2.26,"u":"9,04 €/KG","img":"https://fd6-photos.leclercdrive.fr/image.ashx?id=2995073&use=l&cat=p&typeid=i","cat":284447},{"id":209514,"n":"Chips Lay's Nature - 135g","p":1.35,"u":"10,00 €/KG","img":"https://fd6-photos.leclercdrive.fr/image.ashx?id=2994482&use=l&cat=p&typeid=i","cat":284447},{"id":209557,"n":"Litière chats Eco+ Minérale agglomérante - 5L","p":1.77,"img":"https://fd6-photos.leclercdrive.fr/image.ashx?id=2545479&use=l&cat=p&typeid=i","cat":284683},{"id":209593,"n":"Brioche Muffin La Boulangère x5 - 250g","p":1.53,"u":"6,12 €/KG","img":"https://fd6-photos.leclercdrive.fr/image.ashx?id=2912443&use=l&cat=p&typeid=i","cat":284478},{"id":209597,"n":"Compote Allégée en sucres Eco+ Bocal pomme poire - 720g","p":1.13,"u":"1,57 €/KG","img":"https://fd6-photos.leclercdrive.fr/image.ashx?id=2953206&use=l&cat=p&typeid=i","cat":284508},{"id":209598,"n":"Compote Allégée en sucres Eco+ Bocal pomme banane - 720g","p":1.03,"u":"1,43 €/KG","img":"https://fd6-photos.leclercdrive.fr/image.ashx?id=2953209&use=l&cat=p&typeid=i","cat":284508},{"id":209599,"n":"Capsules café L'Or Espresso Lungo Profondo N°8 x50","p":16.01,"u":"61,58 €/KG","img":"https://fd6-photos.leclercdrive.fr/image.ashx?id=2540898&use=l&cat=p&typeid=i","cat":284749},{"id":209600,"n":"Capsules café L'Or Espresso Splendente N°7 x50","p":13.65,"u":"52,50 €/KG","img":"https://fd6-photos.leclercdrive.fr/image.ashx?id=3000477&use=l&cat=p&typeid=i","cat":284749},{"id":209601,"n":"Thé vert Lipton Menthe intense - x20 - 32g","p":1.58,"u":"49,38 €/KG","img":"https://fd6-photos.leclercdrive.fr/image.ashx?id=2540907&use=l&cat=p&typeid=i","cat":293233},{"id":209639,"n":"AOC Vin Blanc Bourgogne Mâcon Villages - 75cl","p":8.2,"u":"10,93 €/L","img":"https://fd6-photos.leclercdrive.fr/image.ashx?id=2845296&use=l&cat=p&typeid=i","cat":289557},{"id":209648,"n":"Briochettes pépites de chocolat Pasquier - 400g","p":2.94,"u":"7,35 €/KG","img":"https://fd6-photos.leclercdrive.fr/image.ashx?id=2541196&use=l&cat=p&typeid=i","cat":296366},{"id":209686,"n":"Thé vert Lipton Myrtille et mure - x20 - 32g","p":2.32,"u":"72,50 €/KG","img":"https://fd6-photos.leclercdrive.fr/image.ashx?id=2542816&use=l&cat=p&typeid=i","cat":293233},{"id":209688,"n":"Thé vert menthe Lipton Asie - x30s - 48g","p":2.69,"u":"56,04 €/KG","img":"https://fd6-photos.leclercdrive.fr/image.ashx?id=2542819&use=l&cat=p&typeid=i","cat":293233},{"id":209691,"n":"Thé vert Lipton x30s - 39g","p":2.64,"u":"67,69 €/KG","img":"https://fd6-photos.leclercdrive.fr/image.ashx?id=2542822&use=l&cat=p&typeid=i","cat":293233},{"id":209700,"n":"Sirop de Barbe à Papa Carambar - 75cl","p":3.15,"pp":2.08,"u":"2,77 €/L","img":"https://fd6-photos.leclercdrive.fr/image.ashx?id=2542330&use=l&cat=p&typeid=i","cat":295020},{"id":209722,"n":"Dessert Glacé Viennetta Caramel beurre salé - 320g","p":1.92,"u":"6,00 €/KG","img":"https://fd6-photos.leclercdrive.fr/image.ashx?id=2802836&use=l&cat=p&typeid=i","cat":284266},{"id":209724,"n":"Dessert Glacé Viennetta Chocolat -  320g","p":1.92,"u":"6,00 €/KG","img":"https://fd6-photos.leclercdrive.fr/image.ashx?id=3009287&use=l&cat=p&typeid=i","cat":284266},{"id":209733,"n":"Dessert Glacé Viennetta Vanille -  320g","p":1.92,"u":"6,00 €/KG","img":"https://fd6-photos.leclercdrive.fr/image.ashx?id=3009182&use=l&cat=p&typeid=i","cat":284266},{"id":209739,"n":"Adoucissant concentré Soupline Hypoallergénique 64 lav. 1,35L","p":5.03,"u":"3,73 €/L","img":"https://fd6-photos.leclercdrive.fr/image.ashx?id=2831185&use=l&cat=p&typeid=i","cat":284650},{"id":209765,"n":"Cahier Esquisse 48pages Transparent Gd carreaux 24X32cm","p":1.29,"img":"https://fd6-photos.leclercdrive.fr/image.ashx?id=2542099&use=l&cat=p&typeid=i","cat":284697},{"id":209795,"n":"Mascara L'Oréal Paris  Telescopic Lift longueur","p":11.95,"img":"https://fd6-photos.leclercdrive.fr/image.ashx?id=2543969&use=l&cat=p&typeid=i","cat":287029},{"id":209801,"n":"Rasoirs jetables Wilkinson Xtreme 3 - Pure sensitive - x12","p":11.52,"u":"0,96 €/P","img":"https://fd6-photos.leclercdrive.fr/image.ashx?id=2861719&use=l&cat=p&typeid=i","cat":284616},{"id":209804,"n":"Rasoirs jetables Wilkinson Xtreme 3 Ultimate confort - x8","p":10.34,"img":"https://fd6-photos.leclercdrive.fr/image.ashx?id=2846478&use=l&cat=p&typeid=i","cat":284616},{"id":209806,"n":"Rasoirs Extra 3 Essentials Plastique recyclé - x8","p":5.24,"u":"0,66 €/P","img":"https://fd6-photos.leclercdrive.fr/image.ashx?id=2846481&use=l&cat=p&typeid=i","cat":284616},{"id":209840,"n":"Cookies Cadbury Crunchy melts Coeur chocolat - 156g","p":1.84,"u":"11,79 €/KG","img":"https://fd6-photos.leclercdrive.fr/image.ashx?id=2544533&use=l&cat=p&typeid=i","cat":325066},{"id":209850,"n":"Thé vert Lipton  Classique Asie  - x50 - 65g","p":4.49,"u":"69,08 €/KG","img":"https://fd6-photos.leclercdrive.fr/image.ashx?id=2544632&use=l&cat=p&typeid=i","cat":293233},{"id":209854,"n":"Thé vert citron Lipton Asie - x30 - 48g","p":2.59,"u":"53,96 €/KG","img":"https://fd6-photos.leclercdrive.fr/image.ashx?id=2544635&use=l&cat=p&typeid=i","cat":293233},{"id":209859,"n":"Déboucheur Liquide Destop  4 doses - 950ml","p":3.37,"u":"3,55 €/L","img":"https://fd6-photos.leclercdrive.fr/image.ashx?id=2832161&use=l&cat=p&typeid=i","cat":284908},{"id":209860,"n":"Déboucheur Gel Destop  Express - 4 doses - 950ml","p":2.85,"u":"3,00 €/L","img":"https://fd6-photos.leclercdrive.fr/image.ashx?id=2832164&use=l&cat=p&typeid=i","cat":284908},{"id":209863,"n":"Gel anti-calcaire Calgon  4 en 1 - 750ml","p":5.05,"u":"6,73 €/L","img":"https://fd6-photos.leclercdrive.fr/image.ashx?id=2963475&use=l&cat=p&typeid=i","cat":284653},{"id":209865,"n":"Gel anti-calcaire Calgon  4 en 1 - 2,25L","p":13.85,"u":"6,16 €/L","img":"https://fd6-photos.leclercdrive.fr/image.ashx?id=2953932&use=l&cat=p&typeid=i","cat":284653},{"id":209866,"n":"Infusion Elephant  Pêche Abricot - x20 38g","p":2.39,"u":"62,89 €/KG","img":"https://fd6-photos.leclercdrive.fr/image.ashx?id=2544617&use=l&cat=p&typeid=i","cat":293234},{"id":209867,"n":"AIRWICK Recharge diffuseur Fres hmatic Purefresh Agrumes 250ml","p":3.51,"u":"14,04 €/L","img":"https://fd6-photos.leclercdrive.fr/image.ashx?id=2963478&use=l&cat=p&typeid=i","cat":311629},{"id":209868,"n":"AIRWICK Recharge Freshmatic Vanille et Caramel - 250ml","p":3.51,"u":"14,04 €/L","img":"https://fd6-photos.leclercdrive.fr/image.ashx?id=2896348&use=l&cat=p&typeid=i","cat":311629},{"id":209869,"n":"Infusion Elephant Pomme cannelle - 36g","p":1.82,"u":"50,56 €/KG","img":"https://fd6-photos.leclercdrive.fr/image.ashx?id=2544614&use=l&cat=p&typeid=i","cat":293234},{"id":209875,"n":"Gel WC 100% Détartrant Harpic 5 min Chrono - 750ml","p":1.66,"u":"2,21 €/L","img":"https://fd6-photos.leclercdrive.fr/image.ashx?id=2864687&use=l&cat=p&typeid=i","cat":284662},{"id":209877,"n":"Aérosol Fabulon  Pressing express - 400ml","p":3.97,"u":"9,93 €/L","img":"https://fd6-photos.leclercdrive.fr/image.ashx?id=2544410&use=l&cat=p&typeid=i","cat":284652},{"id":209878,"n":"Spray vitres Ajax Triple action - 750ml","p":2.01,"u":"2,68 €/L","img":"https://fd6-photos.leclercdrive.fr/image.ashx?id=2544581&use=l&cat=p&typeid=i","cat":325363},{"id":209879,"n":"Spray nettoyant La Croix Salle de bain - 500ml","p":1.84,"u":"3,68 €/L","img":"https://fd6-photos.leclercdrive.fr/image.ashx?id=2544587&use=l&cat=p&typeid=i","cat":325357},{"id":209891,"n":"Nettoyant lave-vaisselle Finish  Intégral Anti-Odeurs - 250ml","p":3.19,"u":"12,76 €/L","img":"https://fd6-photos.leclercdrive.fr/image.ashx?id=2659735&use=l&cat=p&typeid=i","cat":284657},{"id":209893,"n":"Détachant poudre Vanish  940g","p":9.93,"u":"10,56 €/KG","img":"https://fd6-photos.leclercdrive.fr/image.ashx?id=2680308&use=l&cat=p&typeid=i","cat":284651},{"id":209894,"n":"Adoucissant concentré Soupline  Lavande 60 lavages 1,35 L","p":5.53,"u":"4,10 €/L","img":"https://fd6-photos.leclercdrive.fr/image.ashx?id=2912716&use=l&cat=p&typeid=i","cat":284650},{"id":209901,"n":"Soda Schweppes Spritz - 1L","p":1.78,"u":"1,78 €/L","img":"https://fd6-photos.leclercdrive.fr/image.ashx?id=2852441&use=l&cat=p&typeid=i","cat":284532},{"id":209902,"n":"Nettoyant lave linge protection complète Dr Beckmann 50cl","p":4.15,"u":"8,30 €/L","img":"https://fd6-photos.leclercdrive.fr/image.ashx?id=2897291&use=l&cat=p&typeid=i","cat":284653},{"id":209926,"n":"Emincés de bœuf *** limousine L'atelier Boucherie - 240G","p":6.49,"u":"27,04 €/KG","img":"https://fd6-photos.leclercdrive.fr/image.ashx?id=2546920&use=l&cat=p&typeid=i","cat":284328},{"id":209992,"n":"Salade & Cie Sodebo Helsinki Oeufs et Surimi - 320g","p":4.42,"u":"13,81 €/KG","img":"https://fd6-photos.leclercdrive.fr/image.ashx?id=2744800&use=l&cat=p&typeid=i","cat":333657},{"id":209993,"n":"Démaquillant Yeux Nivea Sensibles Doux - 125 ml","p":2.82,"u":"22,56 €/L","img":"https://fd6-photos.leclercdrive.fr/image.ashx?id=2953941&use=l&cat=p&typeid=i","cat":284603},{"id":209996,"n":"Détachant Gel Vanish  750ml","p":5.61,"u":"7,48 €/L","img":"https://fd6-photos.leclercdrive.fr/image.ashx?id=2878108&use=l&cat=p&typeid=i","cat":284651},{"id":210011,"n":"Détachant poudre Vanish  Blanc - 940g","p":9.93,"u":"10,56 €/KG","img":"https://fd6-photos.leclercdrive.fr/image.ashx?id=2680311&use=l&cat=p&typeid=i","cat":284651},{"id":210014,"n":"Adoucissant concentré Soupline Soin expert - x52 - 1.2L","p":6.21,"u":"5,18 €/L","img":"https://fd6-photos.leclercdrive.fr/image.ashx?id=2545210&use=l&cat=p&typeid=i","cat":284650},{"id":210015,"n":"Nettoyant ménager La Croix Spray - Ultra cuisine - 500ml","p":1.82,"u":"3,64 €/L","img":"https://fd6-photos.leclercdrive.fr/image.ashx?id=2545216&use=l&cat=p&typeid=i","cat":325357},{"id":210016,"n":"Mousse Marie Morin Chocolat au Lait - 2x100g","p":3.87,"u":"19,35 €/KG","img":"https://fd6-photos.leclercdrive.fr/image.ashx?id=2631702&use=l&cat=p&typeid=i","cat":284417},{"id":210017,"n":"Mascara Maybelline Falsies Surreal Noir","p":11.75,"img":"https://fd6-photos.leclercdrive.fr/image.ashx?id=2545099&use=l&cat=p&typeid=i","cat":287029},{"id":210024,"n":"Lingettes désinfectantes St  Marc Soleil de Corse - x80","p":2.58,"u":"0,03 €/P","img":"https://fd6-photos.leclercdrive.fr/image.ashx?id=2757440&use=l&cat=p&typeid=i","cat":325358},{"id":210052,"n":"Pop up Smarties 4x52g","p":3.84,"u":"18,46 €/KG","img":"https://fd6-photos.leclercdrive.fr/image.ashx?id=2557734&use=l&cat=p&typeid=i","cat":285250},{"id":210071,"n":"Eyeliner feutre Maybelline Ink Pen ultra-pigmenté","p":10.74,"img":"https://fd6-photos.leclercdrive.fr/image.ashx?id=2546629&use=l&cat=p&typeid=i","cat":287029},{"id":210147,"n":"Baume hydratant bio So'Bio Etic Apaisant - Eau thermale 50ML","p":9.46,"u":"189,20 €/L","img":"https://fd6-photos.leclercdrive.fr/image.ashx?id=2889634&use=l&cat=p&typeid=i","cat":325345},{"id":210152,"n":"Brosse à dents Electrique Oral-B - Rose - IO 3S","p":88.49,"img":"https://fd6-photos.leclercdrive.fr/image.ashx?id=2566542&use=l&cat=p&typeid=i","cat":297133},{"id":210153,"n":"Brosse à dents Electrique Oral-B - Noire - IO3S","p":89.85,"img":"https://fd6-photos.leclercdrive.fr/image.ashx?id=2553311&use=l&cat=p&typeid=i","cat":297133},{"id":210168,"n":"Thé noir bio Kusmi Tea Anastasia x20 - 40g","p":7.79,"u":"194,75 €/KG","img":"https://fd6-photos.leclercdrive.fr/image.ashx?id=2841463&use=l&cat=p&typeid=i","cat":293233},{"id":210171,"n":"Infusion fruits Bio Kusmi Tea Aqua Rosa x20 - 40g","p":7.71,"u":"192,75 €/KG","img":"https://fd6-photos.leclercdrive.fr/image.ashx?id=2658953&use=l&cat=p&typeid=i","cat":293234},{"id":210172,"n":"Thé vert Bio Kusmi Tea BB Detox x20 - 40g","p":9.78,"u":"244,50 €/KG","img":"https://fd6-photos.leclercdrive.fr/image.ashx?id=2549020&use=l&cat=p&typeid=i","cat":293233},{"id":210177,"n":"Thé noir Bio Kusmi Tea Earl grey bergamote x20 - 40g","p":6.55,"u":"163,75 €/KG","img":"https://fd6-photos.leclercdrive.fr/image.ashx?id=2658249&use=l&cat=p&typeid=i","cat":293233},{"id":210178,"n":"Thé noir Bio Kusmi Tea Earl grey intense x20 - 40g","p":7.28,"u":"182,00 €/KG","img":"https://fd6-photos.leclercdrive.fr/image.ashx?id=2660074&use=l&cat=p&typeid=i","cat":293233},{"id":210179,"n":"Mélange thés noirs Kusmi Tea English Breakfast Bio x20 - 40g","p":6.59,"u":"164,75 €/KG","img":"https://fd6-photos.leclercdrive.fr/image.ashx?id=2658950&use=l&cat=p&typeid=i","cat":293233},{"id":210202,"n":"Thé vert Bio Kusmi Tea Gingembre citron x20 - 40g","p":6.57,"u":"164,25 €/KG","img":"https://fd6-photos.leclercdrive.fr/image.ashx?id=2658959&use=l&cat=p&typeid=i","cat":293233},{"id":210203,"n":"Thé vert Bio Kusmi Tea Jasmin x20 - 40g","p":6.53,"u":"163,25 €/KG","img":"https://fd6-photos.leclercdrive.fr/image.ashx?id=2658944&use=l&cat=p&typeid=i","cat":293233},{"id":210204,"n":"Thé vert Bio Kusmi Tea Menthe x20 - 40g","p":6.6,"u":"165,00 €/KG","img":"https://fd6-photos.leclercdrive.fr/image.ashx?id=2658947&use=l&cat=p&typeid=i","cat":293233},{"id":210206,"n":"Brossettes Oral-B 3D White x4","p":21.94,"u":"5,49 €/P","img":"https://fd6-photos.leclercdrive.fr/image.ashx?id=2617483&use=l&cat=p&typeid=i","cat":297133},{"id":210208,"n":"Brossettes Oral-B Pro Sensitive Clean - x4","p":21.89,"u":"5,47 €/P","img":"https://fd6-photos.leclercdrive.fr/image.ashx?id=2737552&use=l&cat=p&typeid=i","cat":297133},{"id":210232,"n":"Mon kit d'épilation Wilkinson Corps - x1","p":12.17,"img":"https://fd6-photos.leclercdrive.fr/image.ashx?id=2561317&use=l&cat=p&typeid=i","cat":325351},{"id":210254,"n":"Brossettes Oral-B Pro Cross Action - x4","p":11.87,"img":"https://fd6-photos.leclercdrive.fr/image.ashx?id=2743643&use=l&cat=p&typeid=i","cat":297133},{"id":210262,"n":"Lames Gillette Venus  Satin Care x12","p":39.13,"img":"https://fd6-photos.leclercdrive.fr/image.ashx?id=2546851&use=l&cat=p&typeid=i","cat":null},{"id":210299,"n":"Culotte Lavable Tena Silhouette Taille M - Noir - x1p","p":27.25,"img":"https://fd6-photos.leclercdrive.fr/image.ashx?id=2546773&use=l&cat=p&typeid=i","cat":284628},{"id":210364,"n":"Fromage enfant La Vache qui rit Jambon 8P à tartiner - 133g","p":2.4,"u":"18,05 €/KG","img":"https://fd6-photos.leclercdrive.fr/image.ashx?id=2546308&use=l&cat=p&typeid=i","cat":314029},{"id":210427,"n":"Leerdammer Original 350g + 30% offerts","p":6.01,"u":"13,21 €/KG","img":"https://fd6-photos.leclercdrive.fr/image.ashx?id=2549196&use=l&cat=p&typeid=i","cat":314034},{"id":210493,"n":"Compotes Materne Gourdes  \"Boost\" Multivitaminés - 4x90g","p":2.15,"u":"5,97 €/KG","img":"https://fd6-photos.leclercdrive.fr/image.ashx?id=3007924&use=l&cat=p&typeid=i","cat":284508},{"id":210518,"n":"Culotte Menstruelle noire Feel nature - T36/38","p":13.08,"pp":7.85,"img":"https://fd6-photos.leclercdrive.fr/image.ashx?id=2795219&use=l&cat=p&typeid=i","cat":284624},{"id":210520,"n":"Smarties Fun Cônes x6 -  234g","p":3.85,"u":"16,45 €/KG","img":"https://fd6-photos.leclercdrive.fr/image.ashx?id=2557737&use=l&cat=p&typeid=i","cat":285250},{"id":210703,"n":"Terrine Tous mes amis Volaille carottes - 1.2kg","p":1.95,"u":"1,63 €/KG","img":"https://fd6-photos.leclercdrive.fr/image.ashx?id=2815758&use=l&cat=p&typeid=i","cat":288578},{"id":210705,"n":"Dragées chocolatées M&M's Cacahuètes - 250g","p":3.09,"u":"12,36 €/KG","img":"https://fd6-photos.leclercdrive.fr/image.ashx?id=3003393&use=l&cat=p&typeid=i","cat":304238},{"id":210717,"n":"Boulettes de boeuf Eco+ 1.2kg","p":1.53,"img":"https://fd6-photos.leclercdrive.fr/image.ashx?id=2815740&use=l&cat=p&typeid=i","cat":288578},{"id":210727,"n":"Poivre noir Ducros Bresil - 32g","p":3.17,"u":"99,06 €/KG","img":"https://fd6-photos.leclercdrive.fr/image.ashx?id=2552580&use=l&cat=p&typeid=i","cat":284457},{"id":210728,"n":"Sirop de glucose 250g","p":3.81,"u":"15,24 €/KG","img":"https://fd6-photos.leclercdrive.fr/image.ashx?id=2876308&use=l&cat=p&typeid=i","cat":284504},{"id":210734,"n":"Mix levain Vahiné x15 - 105g","p":4.34,"u":"41,33 €/KG","img":"https://fd6-photos.leclercdrive.fr/image.ashx?id=2552598&use=l&cat=p&typeid=i","cat":284504},{"id":210803,"n":"Adoucissant Hyperdou Douceur de pêche - 1.9L - x27","p":2.42,"u":"1,27 €/L","img":"https://fd6-photos.leclercdrive.fr/image.ashx?id=2603015&use=l&cat=p&typeid=i","cat":284650},{"id":210804,"n":"Adoucissant Hyperdou Rêve de fraîcheur - 1.9L - x27","p":2.15,"u":"1,13 €/L","img":"https://fd6-photos.leclercdrive.fr/image.ashx?id=2603012&use=l&cat=p&typeid=i","cat":284650},{"id":210806,"n":"Adoucissant Hyperdou Senstive - 1.9L - x27","p":2.38,"u":"1,25 €/L","img":"https://fd6-photos.leclercdrive.fr/image.ashx?id=2603024&use=l&cat=p&typeid=i","cat":284650},{"id":210821,"n":"Pommes rissolées Findus 590g","p":2.37,"u":"4,02 €/KG","img":"https://fd6-photos.leclercdrive.fr/image.ashx?id=2790099&use=l&cat=p&typeid=i","cat":319792},{"id":210823,"n":"Pommes noisette Findus 500g","p":2.25,"u":"4,50 €/KG","img":"https://fd6-photos.leclercdrive.fr/image.ashx?id=2865866&use=l&cat=p&typeid=i","cat":319792},{"id":210824,"n":"Pommes noisette Findus 900g","p":3.38,"u":"3,76 €/KG","img":"https://fd6-photos.leclercdrive.fr/image.ashx?id=2899500&use=l&cat=p&typeid=i","cat":319792},{"id":210827,"n":"Adoucissant Hyperdou Plaisir de vanille - 1.9L - x27","p":1.99,"u":"1,05 €/L","img":"https://fd6-photos.leclercdrive.fr/image.ashx?id=2603018&use=l&cat=p&typeid=i","cat":284650},{"id":210848,"n":"Tomates cerises bio Bio Village Allongées bicolores - 250g","p":2.49,"u":"9,96 €/KG","img":"https://fd6-photos.leclercdrive.fr/image.ashx?id=2553073&use=l&cat=p&typeid=i","cat":284352},{"id":210946,"n":"Margarine Planta Fin  Demi-sel 100% végétal - 450g","p":2.93,"u":"6,51 €/KG","img":"https://fd6-photos.leclercdrive.fr/image.ashx?id=2989474&use=l&cat=p&typeid=i","cat":315229},{"id":210948,"n":"Margarine Planta Fin Doux 100% végétal - 450g","p":2.49,"u":"5,53 €/KG","img":"https://fd6-photos.leclercdrive.fr/image.ashx?id=2989477&use=l&cat=p&typeid=i","cat":315229},{"id":210951,"n":"Mousse au chocolat Eco+ 4x60g","p":0.84,"u":"3,50 €/KG","img":"https://fd6-photos.leclercdrive.fr/image.ashx?id=2552493&use=l&cat=p&typeid=i","cat":284417},{"id":210953,"n":"Île flottante Eco+ 4x95g","p":1.62,"u":"4,26 €/KG","img":"https://fd6-photos.leclercdrive.fr/image.ashx?id=2885753&use=l&cat=p&typeid=i","cat":284419},{"id":210960,"n":"Bouchées Tous les Amis 1.2kg","p":2.15,"u":"1,79 €/KG","img":"https://fd6-photos.leclercdrive.fr/image.ashx?id=2815767&use=l&cat=p&typeid=i","cat":288578},{"id":210962,"n":"Emincés en sauce Tous les Amis Assortiment - 6x400g","p":5.28,"u":"2,20 €/KG","img":"https://fd6-photos.leclercdrive.fr/image.ashx?id=2815761&use=l&cat=p&typeid=i","cat":285601},{"id":210963,"n":"Boulettes de bœuf Eco+ 400g","p":0.66,"u":"1,65 €/KG","img":"https://fd6-photos.leclercdrive.fr/image.ashx?id=2619704&use=l&cat=p&typeid=i","cat":285601},{"id":210964,"n":"Cœurs en sucre Vahiné 20g","p":2.71,"u":"135,50 €/KG","img":"https://fd6-photos.leclercdrive.fr/image.ashx?id=2890875&use=l&cat=p&typeid=i","cat":284504},{"id":210968,"n":"Tajine de boeuf Fleury Michon 350g","p":3.64,"u":"10,40 €/KG","img":"https://fd6-photos.leclercdrive.fr/image.ashx?id=2656730&use=l&cat=p&typeid=i","cat":333665},{"id":210970,"n":"Pizza XXL Turini  Poulet kebab - 560g","p":4.29,"u":"7,66 €/KG","img":"https://fd6-photos.leclercdrive.fr/image.ashx?id=2905940&use=l&cat=p&typeid=i","cat":333679},{"id":211041,"n":"Fromage à tartiner Kiri Délicieusement fouetté - 210g","p":3.28,"u":"15,62 €/KG","img":"https://fd6-photos.leclercdrive.fr/image.ashx?id=2686594&use=l&cat=p&typeid=i","cat":314029},{"id":211044,"n":"Gel Toilette Intime Extra Doux Intima Natural Hamamélis 500ml","p":5.87,"u":"11,74 €/L","img":"https://fd6-photos.leclercdrive.fr/image.ashx?id=2959877&use=l&cat=p&typeid=i","cat":284627},{"id":211053,"n":"Isey Skyr Cheesecake Mandarine - 400g","p":3.1,"u":"7,75 €/KG","img":"https://fd6-photos.leclercdrive.fr/image.ashx?id=2553770&use=l&cat=p&typeid=i","cat":315000},{"id":211054,"n":"Croûtons Tipiak Nature - 75g","p":1.49,"u":"19,87 €/KG","img":"https://fd6-photos.leclercdrive.fr/image.ashx?id=2812726&use=l&cat=p&typeid=i","cat":284464},{"id":211074,"n":"Bière blonde Jenlain Session IPA 5,7° - 75cl","p":3.7,"u":"4,93 €/L","img":"https://fd6-photos.leclercdrive.fr/image.ashx?id=2732857&use=l&cat=p&typeid=i","cat":334873},{"id":211077,"n":"Jus de pomme bio Pressade Sans sucre ajouté - 1L","p":2.53,"u":"2,53 €/L","img":"https://fd6-photos.leclercdrive.fr/image.ashx?id=2692377&use=l&cat=p&typeid=i","cat":284522},{"id":211079,"n":"Terrine Tous Mes Amis 3x1.2kg","p":5.85,"u":"1,63 €/KG","img":"https://fd6-photos.leclercdrive.fr/image.ashx?id=2553563&use=l&cat=p&typeid=i","cat":288578},{"id":211082,"n":"Soda Canada Dry Ginger Ale 6x33cl","p":3.98,"u":"2,01 €/L","img":"https://fd6-photos.leclercdrive.fr/image.ashx?id=2669097&use=l&cat=p&typeid=i","cat":284531},{"id":211084,"n":"Apéritif Apérol 12.5° - 1.5L","p":26.01,"u":"17,34 €/L","img":"https://fd6-photos.leclercdrive.fr/image.ashx?id=2554463&use=l&cat=p&typeid=i","cat":286032},{"id":211085,"n":"Thé glacé Lipton Ice Tea pêche Le lot de 4x1.25L","p":5.85,"u":"1,17 €/L","img":"https://fd6-photos.leclercdrive.fr/image.ashx?id=2554133&use=l&cat=p&typeid=i","cat":295019},{"id":211087,"n":"AOC Vin doux ambrée Rivesaltes 75cl","p":3.88,"u":"5,17 €/L","img":"https://fd6-photos.leclercdrive.fr/image.ashx?id=2974726&use=l&cat=p&typeid=i","cat":284913},{"id":211089,"n":"Pâte à sucre rose Vahiné  250g","p":3.4,"u":"13,60 €/KG","img":"https://fd6-photos.leclercdrive.fr/image.ashx?id=2554154&use=l&cat=p&typeid=i","cat":284504},{"id":211090,"n":"Liqueur de menthe Get 27 17,9° - 1L","p":17.17,"u":"17,17 €/L","img":"https://fd6-photos.leclercdrive.fr/image.ashx?id=2858276&use=l&cat=p&typeid=i","cat":286032},{"id":211091,"n":"Porto blanc Eco+ 18% vol - 75cl","p":5.87,"u":"7,83 €/L","img":"https://fd6-photos.leclercdrive.fr/image.ashx?id=2869850&use=l&cat=p&typeid=i","cat":284913},{"id":211095,"n":"Dessert végétal Alpro Fraise - 500g","p":1.97,"u":"3,94 €/KG","img":"https://fd6-photos.leclercdrive.fr/image.ashx?id=2976071&use=l&cat=p&typeid=i","cat":316071},{"id":211098,"n":"Emincée Tous Mes Amis Poissons - 4x400g","p":4.02,"u":"2,51 €/KG","img":"https://fd6-photos.leclercdrive.fr/image.ashx?id=2815764&use=l&cat=p&typeid=i","cat":285601},{"id":211114,"n":"Bigarreaux confits Vahiné Provence - 150g","p":3.46,"u":"23,07 €/KG","img":"https://fd6-photos.leclercdrive.fr/image.ashx?id=2554136&use=l&cat=p&typeid=i","cat":284504},{"id":211122,"n":"Curry Ducros 100g","p":3.04,"u":"30,40 €/KG","img":"https://fd6-photos.leclercdrive.fr/image.ashx?id=2554118&use=l&cat=p&typeid=i","cat":298297},{"id":211123,"n":"Paprika doux Ducros 100g","p":3.34,"u":"33,40 €/KG","img":"https://fd6-photos.leclercdrive.fr/image.ashx?id=2554121&use=l&cat=p&typeid=i","cat":298297},{"id":211125,"n":"Curry Ducros 47g","p":1.95,"u":"41,49 €/KG","img":"https://fd6-photos.leclercdrive.fr/image.ashx?id=2559496&use=l&cat=p&typeid=i","cat":298297},{"id":211127,"n":"Pignons de pin Vahiné  150g","p":10.69,"u":"71,27 €/KG","img":"https://fd6-photos.leclercdrive.fr/image.ashx?id=2554142&use=l&cat=p&typeid=i","cat":284357},{"id":211128,"n":"Cerneaux de noix 50g","p":3.01,"u":"60,20 €/KG","img":"https://fd6-photos.leclercdrive.fr/image.ashx?id=2554148&use=l&cat=p&typeid=i","cat":284357},{"id":211131,"n":"Liquide vaisselle Maison Net Vinaigre de cidre - 1L","p":3.66,"u":"3,66 €/L","img":"https://fd6-photos.leclercdrive.fr/image.ashx?id=2555757&use=l&cat=p&typeid=i","cat":284655},{"id":211132,"n":"Gel vaisselle Maison Net Gel concentré - Citron vert -1L","p":3.67,"u":"3,67 €/L","img":"https://fd6-photos.leclercdrive.fr/image.ashx?id=2561233&use=l&cat=p&typeid=i","cat":284655},{"id":211178,"n":"Papier cuisson Alfapac Rouleau 12m","p":2.51,"img":"https://fd6-photos.leclercdrive.fr/image.ashx?id=2887737&use=l&cat=p&typeid=i","cat":334134},{"id":211223,"n":"Piment d'Espelette Ducros et origan - 25g","p":9.09,"u":"363,60 €/KG","img":"https://fd6-photos.leclercdrive.fr/image.ashx?id=2555340&use=l&cat=p&typeid=i","cat":298297},{"id":211225,"n":"Poivre blanc Ducros Grains 100g","p":4.47,"u":"44,70 €/KG","img":"https://fd6-photos.leclercdrive.fr/image.ashx?id=2555334&use=l&cat=p&typeid=i","cat":284457},{"id":211228,"n":"Pralines concassées Vahiné 100g","p":2.59,"u":"25,90 €/KG","img":"https://fd6-photos.leclercdrive.fr/image.ashx?id=2569434&use=l&cat=p&typeid=i","cat":284504},{"id":211229,"n":"Pépites chocolat corsé Vahiné 100g","p":3.16,"u":"31,60 €/KG","img":"https://fd6-photos.leclercdrive.fr/image.ashx?id=2555403&use=l&cat=p&typeid=i","cat":284504},{"id":211244,"n":"Boisson base vodka Eristoff Pink 18° - 70cl","p":12.44,"u":"17,77 €/L","img":"https://fd6-photos.leclercdrive.fr/image.ashx?id=2842933&use=l&cat=p&typeid=i","cat":284550},{"id":211255,"n":"Jus innocent  pomme fruits rouges 1.35L","p":3.69,"u":"2,73 €/L","img":"https://fd6-photos.leclercdrive.fr/image.ashx?id=2617474&use=l&cat=p&typeid=i","cat":284354},{"id":211320,"n":"Sirop Oasis Grenadine - 75cl","p":3.33,"u":"4,44 €/L","img":"https://fd6-photos.leclercdrive.fr/image.ashx?id=2555418&use=l&cat=p&typeid=i","cat":295020},{"id":211321,"n":"Sirop Oasis  Menthe Citron - 75cl","p":3.23,"u":"4,31 €/L","img":"https://fd6-photos.leclercdrive.fr/image.ashx?id=2555421&use=l&cat=p&typeid=i","cat":295020},{"id":211397,"n":"Cacahuetes caramélisées Tokapi Salé - 150g","p":1.4,"u":"9,33 €/KG","img":"https://fd6-photos.leclercdrive.fr/image.ashx?id=2793329&use=l&cat=p&typeid=i","cat":284448},{"id":211398,"n":"Amandes  Tokapi 200g","p":2.78,"u":"13,90 €/KG","img":"https://fd6-photos.leclercdrive.fr/image.ashx?id=2793326&use=l&cat=p&typeid=i","cat":284448},{"id":211408,"n":"Emilia Lambrusco Rouge - 75cl","p":3.25,"u":"4,33 €/L","img":"https://fd6-photos.leclercdrive.fr/image.ashx?id=2696716&use=l&cat=p&typeid=i","cat":289461},{"id":211409,"n":"AOP Crémant d'Alsace Rebmann Demi sec - 75cl","p":5.95,"u":"7,93 €/L","img":"https://fd6-photos.leclercdrive.fr/image.ashx?id=2874759&use=l&cat=p&typeid=i","cat":284545},{"id":211412,"n":"Gommes acacia Confiseo Citron miel - 250g","p":1.89,"u":"7,56 €/KG","img":"https://fd6-photos.leclercdrive.fr/image.ashx?id=2934772&use=l&cat=p&typeid=i","cat":304250},{"id":211413,"n":"Céréales Kit Kat 330g","p":2.78,"u":"8,42 €/KG","img":"https://fd6-photos.leclercdrive.fr/image.ashx?id=2989453&use=l&cat=p&typeid=i","cat":309513},{"id":211414,"n":"Céréales Miel Pops Kellogg's 330g","p":2.28,"u":"6,91 €/KG","img":"https://fd6-photos.leclercdrive.fr/image.ashx?id=3003423&use=l&cat=p&typeid=i","cat":309513},{"id":211415,"n":"Poules aux vermicelles Maggi 3x59g","p":1.36,"u":"7,68 €/KG","img":"https://fd6-photos.leclercdrive.fr/image.ashx?id=2556345&use=l&cat=p&typeid=i","cat":284463},{"id":211426,"n":"Pain burger Eco+ Nature x6 - 330g","p":0.88,"u":"2,67 €/KG","img":"https://fd6-photos.leclercdrive.fr/image.ashx?id=2854195&use=l&cat=p&typeid=i","cat":325067},{"id":211427,"n":"Pain burger Epi d'Or Nature x6 - 330g","p":0.93,"u":"2,82 €/KG","img":"https://fd6-photos.leclercdrive.fr/image.ashx?id=2807303&use=l&cat=p&typeid=i","cat":325067},{"id":211428,"n":"Céréales Special K Kellogg's Nature - 500g","p":3.19,"u":"6,38 €/KG","img":"https://fd6-photos.leclercdrive.fr/image.ashx?id=2583996&use=l&cat=p&typeid=i","cat":309512},{"id":211431,"n":"Oignon Ducros 9g","p":2.76,"u":"306,67 €/KG","img":"https://fd6-photos.leclercdrive.fr/image.ashx?id=2557332&use=l&cat=p&typeid=i","cat":298297},{"id":211432,"n":"Court bouillon Maggi Legumes et vin blanc 150g","p":1.5,"u":"10,00 €/KG","img":"https://fd6-photos.leclercdrive.fr/image.ashx?id=2557740&use=l&cat=p&typeid=i","cat":288379},{"id":211436,"n":"Weetabix crispy  Minis choco - 500g","p":3.91,"u":"7,82 €/KG","img":"https://fd6-photos.leclercdrive.fr/image.ashx?id=2971311&use=l&cat=p&typeid=i","cat":309512},{"id":211437,"n":"Céréales Kellogg's Rice Krispies - 360g","p":2.82,"u":"7,83 €/KG","img":"https://fd6-photos.leclercdrive.fr/image.ashx?id=3003420&use=l&cat=p&typeid=i","cat":309513},{"id":211470,"n":"Dentifrice Signal Professionnel Action Sensibilité Complet 75ml","p":2.92,"u":"38,93 €/L","img":"https://fd6-photos.leclercdrive.fr/image.ashx?id=2961326&use=l&cat=p&typeid=i","cat":284612},{"id":211492,"n":"Dessert végétal Alpro Pêche - 500g","p":2.05,"u":"4,10 €/KG","img":"https://fd6-photos.leclercdrive.fr/image.ashx?id=2556395&use=l&cat=p&typeid=i","cat":316071},{"id":211514,"n":"Déodorant bille Rexona Men Cobalt 72h - 50ml","p":2.76,"u":"55,20 €/L","img":"https://fd6-photos.leclercdrive.fr/image.ashx?id=2849662&use=l&cat=p&typeid=i","cat":284618},{"id":211520,"n":"Dentifrice Signal Professionnel Sensibilité Gencives 75ml","p":3.22,"u":"42,93 €/L","img":"https://fd6-photos.leclercdrive.fr/image.ashx?id=2961329&use=l&cat=p&typeid=i","cat":284612},{"id":211522,"n":"Dentifrice Signal Professionnel Sensibilité Blancheur 75ml","p":3.1,"u":"41,33 €/L","img":"https://fd6-photos.leclercdrive.fr/image.ashx?id=2961332&use=l&cat=p&typeid=i","cat":284612},{"id":211525,"n":"Lessive tablettes Persil Bouquet de Provence - x32","p":5.96,"u":"6,21 €/KG","img":"https://fd6-photos.leclercdrive.fr/image.ashx?id=2557809&use=l&cat=p&typeid=i","cat":284641},{"id":211527,"n":"Dentifrice Blancheur Signal White Now Super Pure 75ml","p":3.7,"u":"49,33 €/L","img":"https://fd6-photos.leclercdrive.fr/image.ashx?id=2770190&use=l&cat=p&typeid=i","cat":284612},{"id":211537,"n":"Céréales Miel Pops Loops Kellogg's 330g","p":2.51,"u":"7,61 €/KG","img":"https://fd6-photos.leclercdrive.fr/image.ashx?id=2561353&use=l&cat=p&typeid=i","cat":309513},{"id":211550,"n":"Sel Regénérant Sun Lave Vaisselle Standard 1Kg","p":1.07,"u":"1,07 €/KG","img":"https://fd6-photos.leclercdrive.fr/image.ashx?id=2729434&use=l&cat=p&typeid=i","cat":284657},{"id":211555,"n":"Sun Capsules Lave-Vaisselle Tout en 1 Absolu Brillance x28","p":7.9,"u":"18,81 €/KG","img":"https://fd6-photos.leclercdrive.fr/image.ashx?id=2961350&use=l&cat=p&typeid=i","cat":284656},{"id":211556,"n":"Sun Capsules Lave-Vaisselle Tout en1 Absolu Dégraissant x28","p":7.9,"u":"18,81 €/KG","img":"https://fd6-photos.leclercdrive.fr/image.ashx?id=2961353&use=l&cat=p&typeid=i","cat":284656},{"id":211561,"n":"Déodorant Spray Dove Anti- Transpirant Invisible Dry 100ml","p":3.1,"u":"31,00 €/L","img":"https://fd6-photos.leclercdrive.fr/image.ashx?id=2905711&use=l&cat=p&typeid=i","cat":284595},{"id":211562,"n":"Déodorant Spray Compressé Dove Anti-Transpirant Original 100ml","p":3.17,"u":"31,70 €/L","img":"https://fd6-photos.leclercdrive.fr/image.ashx?id=2793098&use=l&cat=p&typeid=i","cat":284595},{"id":211563,"n":"Déodorant Spray Dove Anti- Transpirant Invisible Dry 200ml","p":2.99,"u":"14,95 €/L","img":"https://fd6-photos.leclercdrive.fr/image.ashx?id=2877244&use=l&cat=p&typeid=i","cat":284595},{"id":211564,"n":"Adoucissant concentré Soupline Coco fleurs blanches - 1.28L","p":6.17,"u":"4,82 €/L","img":"https://fd6-photos.leclercdrive.fr/image.ashx?id=2832566&use=l&cat=p&typeid=i","cat":284650},{"id":211573,"n":"Déodorant Spray Dove Anti- Transpirant Original 200ml","p":2.77,"u":"13,85 €/L","img":"https://fd6-photos.leclercdrive.fr/image.ashx?id=2878486&use=l&cat=p&typeid=i","cat":284595},{"id":211578,"n":"Déodorant bille Rexona Invisible aqua 72h - 50ml","p":3.01,"u":"60,20 €/L","img":"https://fd6-photos.leclercdrive.fr/image.ashx?id=2849674&use=l&cat=p&typeid=i","cat":284595},{"id":211584,"n":"Déodorant spray homme Axe Aqua bergamot - 150ml","p":4.2,"u":"28,00 €/L","img":"https://fd6-photos.leclercdrive.fr/image.ashx?id=3004453&use=l&cat=p&typeid=i","cat":284618},{"id":211598,"n":"Yaourt protéiné Hipro Stracciatella 0%mg - 2x160g","p":2.04,"u":"6,38 €/KG","img":"https://fd6-photos.leclercdrive.fr/image.ashx?id=2807438&use=l&cat=p&typeid=i","cat":315000},{"id":211630,"n":"Palets croustillants Société Fromage de brebis - 150g","p":2.84,"u":"18,93 €/KG","img":"https://fd6-photos.leclercdrive.fr/image.ashx?id=2785160&use=l&cat=p&typeid=i","cat":314027},{"id":211631,"n":"Desserts Lactés P'TIT BRASSE   Abricot vanille -6m+ - 4x90g","p":2.09,"u":"5,81 €/KG","img":"https://fd6-photos.leclercdrive.fr/image.ashx?id=2600072&use=l&cat=p&typeid=i","cat":312392},{"id":211632,"n":"Desserts Lactés P'TIT ONCTUEUX Nature 6M+ - 8x90g","p":4.28,"u":"5,94 €/KG","img":"https://fd6-photos.leclercdrive.fr/image.ashx?id=2559161&use=l&cat=p&typeid=i","cat":312392},{"id":211634,"n":"Ravioli Lustucru  Chèvre épinard - 250g","p":2.49,"u":"9,96 €/KG","img":"https://fd6-photos.leclercdrive.fr/image.ashx?id=2974357&use=l&cat=p&typeid=i","cat":333682},{"id":211706,"n":"Liqueur de menthe Get 27 17,9° - 1.5L","p":23.95,"pp":19.95,"u":"13,30 €/L","img":"https://fd6-photos.leclercdrive.fr/image.ashx?id=2850707&use=l&cat=p&typeid=i","cat":286032},{"id":211723,"n":"Gel douche Adidas Active Skin & Mind- Deep Care - 250ml","p":2.71,"u":"10,84 €/L","img":"https://fd6-photos.leclercdrive.fr/image.ashx?id=2990778&use=l&cat=p&typeid=i","cat":284594},{"id":211778,"n":"Cahier Esquisse 48 pages Transparent - 24x32cm 5x5","p":1.29,"img":"https://fd6-photos.leclercdrive.fr/image.ashx?id=2562153&use=l&cat=p&typeid=i","cat":284697},{"id":211808,"n":"Olives Noires Confites Tramier  Dénoyautées 150g","p":1.83,"u":"12,20 €/KG","img":"https://fd6-photos.leclercdrive.fr/image.ashx?id=2840829&use=l&cat=p&typeid=i","cat":284450},{"id":211827,"n":"Céréales bébé BABIVANILLE Vanille 10M+ - 400g","p":3.51,"u":"8,78 €/KG","img":"https://fd6-photos.leclercdrive.fr/image.ashx?id=2562651&use=l&cat=p&typeid=i","cat":312225},{"id":211849,"n":"Couscous fin Tipiak Parfumé épices douces - 500g","p":2.25,"u":"4,50 €/KG","img":"https://fd6-photos.leclercdrive.fr/image.ashx?id=2839190&use=l&cat=p&typeid=i","cat":284429},{"id":211856,"n":"Biscuits Petits Chocos Bonne maman - 250g","p":2.47,"u":"9,88 €/KG","img":"https://fd6-photos.leclercdrive.fr/image.ashx?id=2949997&use=l&cat=p&typeid=i","cat":284488},{"id":212004,"n":"AOC Muscadet SM sur Lie Domaine Landreau Village 75cl","p":4.8,"u":"6,40 €/L","img":"https://fd6-photos.leclercdrive.fr/image.ashx?id=2579387&use=l&cat=p&typeid=i","cat":289557},{"id":212107,"n":"Brosse à dents Colgate Extra-clean médium - x4","p":1.83,"u":"0,46 €/P","img":"https://fd6-photos.leclercdrive.fr/image.ashx?id=2564309&use=l&cat=p&typeid=i","cat":284614},{"id":212110,"n":"Adoucissant Hyperdou Senteur de provence - 1.9L x 27","p":2.39,"u":"1,26 €/L","img":"https://fd6-photos.leclercdrive.fr/image.ashx?id=2603021&use=l&cat=p&typeid=i","cat":284650},{"id":212112,"n":"Céréales Frosties Kellogg's  330g","p":2.28,"u":"6,91 €/KG","img":"https://fd6-photos.leclercdrive.fr/image.ashx?id=2565362&use=l&cat=p&typeid=i","cat":309513},{"id":212126,"n":"Boisson aux fruits Oasis Tropical - 24x33cl","p":12.57,"u":"1,59 €/L","img":"https://fd6-photos.leclercdrive.fr/image.ashx?id=2900815&use=l&cat=p&typeid=i","cat":295018},{"id":212248,"n":"Crème glacée La Laitière Chocolat avec copeaux - 490g","p":3.24,"pp":2.27,"u":"4,63 €/KG","img":"https://fd6-photos.leclercdrive.fr/image.ashx?id=3000012&use=l&cat=p&typeid=i","cat":284263},{"id":212256,"n":"Cahier Esquisse 48 pages Transparent - 21x29,7cm","p":1.19,"img":"https://fd6-photos.leclercdrive.fr/image.ashx?id=2565521&use=l&cat=p&typeid=i","cat":284697},{"id":212276,"n":"Après-shampooing DermaXPro Répare - 200ml","p":5.56,"u":"27,80 €/L","img":"https://fd6-photos.leclercdrive.fr/image.ashx?id=2565437&use=l&cat=p&typeid=i","cat":284607},{"id":212291,"n":"Couches-culottes Pampers Baby-Dry Taille 3 - x48","p":17.24,"u":"0,36 €/P","img":"https://fd6-photos.leclercdrive.fr/image.ashx?id=2565924&use=l&cat=p&typeid=i","cat":290633},{"id":212309,"n":"Lingettes Dr. Beckmann Anti Décoloration - 2+1 gratuit","p":9.15,"u":"3,05 €/P","img":"https://fd6-photos.leclercdrive.fr/image.ashx?id=2906679&use=l&cat=p&typeid=i","cat":290450},{"id":212326,"n":"Infusions Epices Ethiquable Bio Roobios Afrique du Sud 40g","p":2.86,"u":"71,50 €/KG","img":"https://fd6-photos.leclercdrive.fr/image.ashx?id=2874063&use=l&cat=p&typeid=i","cat":293234},{"id":212383,"n":"Barres de céréales Spécial K Protein Coco cacao cajou -4x28g","p":3.13,"u":"27,95 €/KG","img":"https://fd6-photos.leclercdrive.fr/image.ashx?id=3011809&use=l&cat=p&typeid=i","cat":300032},{"id":212461,"n":"Sprite sans sucre  Citron & citron vert - 6x33cl","p":2.72,"u":"1,37 €/L","img":"https://fd6-photos.leclercdrive.fr/image.ashx?id=2566461&use=l&cat=p&typeid=i","cat":284531},{"id":212465,"n":"Protège-slip Confort Vania Coton Bio - x30","p":2.7,"img":"https://fd6-photos.leclercdrive.fr/image.ashx?id=2735215&use=l&cat=p&typeid=i","cat":284625},{"id":212466,"n":"Protège-slip Protection Vania Long voile Bio - x24","p":2.34,"img":"https://fd6-photos.leclercdrive.fr/image.ashx?id=2735218&use=l&cat=p&typeid=i","cat":284625},{"id":212467,"n":"Protège-slip Protection Vania Large Fresh - x36","p":3.0,"img":"https://fd6-photos.leclercdrive.fr/image.ashx?id=2735233&use=l&cat=p&typeid=i","cat":284625},{"id":212468,"n":"Protège-slips Confort Vania Aloe vera - x56","p":2.32,"img":"https://fd6-photos.leclercdrive.fr/image.ashx?id=2735236&use=l&cat=p&typeid=i","cat":284625},{"id":212469,"n":"Protège-slip Protection Vania Long Fresh - x40","p":2.64,"img":"https://fd6-photos.leclercdrive.fr/image.ashx?id=2735239&use=l&cat=p&typeid=i","cat":284625},{"id":212472,"n":"Capsules lave-vaisselle Finish Ultimate Plus Citron - x33","p":10.11,"u":"25,09 €/KG","img":"https://fd6-photos.leclercdrive.fr/image.ashx?id=2567077&use=l&cat=p&typeid=i","cat":284656},{"id":212473,"n":"Liquide de Rinçage Finish  Citron - 800ml","p":5.49,"u":"6,86 €/L","img":"https://fd6-photos.leclercdrive.fr/image.ashx?id=2881966&use=l&cat=p&typeid=i","cat":284657},{"id":212486,"n":"Film étirable Elembal 50m","p":1.8,"u":"0,04 €/MT","img":"https://fd6-photos.leclercdrive.fr/image.ashx?id=2566146&use=l&cat=p&typeid=i","cat":285194},{"id":212487,"n":"Papier toilette Le Trèfle Maxi douceur - 12+6","p":8.98,"u":"0,50 €/P","img":"https://fd6-photos.leclercdrive.fr/image.ashx?id=2568437&use=l&cat=p&typeid=i","cat":284634},{"id":212537,"n":"Amandes grillées Seeberger 400g","p":10.38,"u":"25,95 €/KG","img":"https://fd6-photos.leclercdrive.fr/image.ashx?id=2567420&use=l&cat=p&typeid=i","cat":284448},{"id":212546,"n":"Macaroni et boulette Côté Table À la tomate - 280g","p":2.04,"u":"7,29 €/KG","img":"https://fd6-photos.leclercdrive.fr/image.ashx?id=2764149&use=l&cat=p&typeid=i","cat":333665},{"id":212582,"n":"Blanquette de poulet Côté Table 300g","p":2.79,"u":"9,30 €/KG","img":"https://fd6-photos.leclercdrive.fr/image.ashx?id=2764146&use=l&cat=p&typeid=i","cat":333665},{"id":212584,"n":"Penne au saumon Côté Table 280g","p":2.68,"u":"9,57 €/KG","img":"https://fd6-photos.leclercdrive.fr/image.ashx?id=2794761&use=l&cat=p&typeid=i","cat":333665},{"id":212593,"n":"Litière chats Tous mes Amis Triple action blanche - 5L","p":4.2,"u":"0,84 €/L","img":"https://fd6-photos.leclercdrive.fr/image.ashx?id=2568361&use=l&cat=p&typeid=i","cat":284683},{"id":212595,"n":"Litière chats Tous mes Amis Parfumée grise - 5L","p":3.1,"u":"0,62 €/L","img":"https://fd6-photos.leclercdrive.fr/image.ashx?id=2568358&use=l&cat=p&typeid=i","cat":284683},{"id":212599,"n":"Amandes décortiquées Couleurs Vives - 200g","p":2.78,"u":"13,90 €/KG","img":"https://fd6-photos.leclercdrive.fr/image.ashx?id=2567592&use=l&cat=p&typeid=i","cat":284357},{"id":212600,"n":"Cranberries Couleurs Vives 200g","p":1.99,"u":"9,95 €/KG","img":"https://fd6-photos.leclercdrive.fr/image.ashx?id=2567595&use=l&cat=p&typeid=i","cat":284357},{"id":212603,"n":"Fruits secs Mix croquant Couleurs Vives - 200g","p":2.99,"u":"14,95 €/KG","img":"https://fd6-photos.leclercdrive.fr/image.ashx?id=2567601&use=l&cat=p&typeid=i","cat":284357},{"id":212604,"n":"Fruits secs Mix Gourmand Couleurs Vives - 200g","p":2.55,"u":"12,75 €/KG","img":"https://fd6-photos.leclercdrive.fr/image.ashx?id=2567604&use=l&cat=p&typeid=i","cat":284357},{"id":212679,"n":"Céréales Coco Pops Chocos Kellogg's - 330g","p":2.55,"u":"7,73 €/KG","img":"https://fd6-photos.leclercdrive.fr/image.ashx?id=2571683&use=l&cat=p&typeid=i","cat":309513},{"id":212749,"n":"Lait bébé Calisma Gallia Pocket 1er âge 0-6 mois 479g","p":19.05,"u":"39,44 €/KG","img":"https://fd6-photos.leclercdrive.fr/image.ashx?id=2983075&use=l&cat=p&typeid=i","cat":284726},{"id":212750,"n":"Petits pots bébé P'TIT SOUPER Pastasotto 12M+ - 2x200g","p":2.16,"u":"5,40 €/KG","img":"https://fd6-photos.leclercdrive.fr/image.ashx?id=2571863&use=l&cat=p&typeid=i","cat":312239},{"id":212754,"n":"Soupe chinoise Maggi 60g","p":1.12,"u":"18,67 €/KG","img":"https://fd6-photos.leclercdrive.fr/image.ashx?id=2571869&use=l&cat=p&typeid=i","cat":288992},{"id":212759,"n":"Chocolat Pâtissier Nestlé Dessert noisettes - 170g","p":3.14,"u":"18,47 €/KG","img":"https://fd6-photos.leclercdrive.fr/image.ashx?id=2899707&use=l&cat=p&typeid=i","cat":285562},{"id":212762,"n":"Soupe à l'oignons Maggi 61g","p":0.73,"u":"11,97 €/KG","img":"https://fd6-photos.leclercdrive.fr/image.ashx?id=2571872&use=l&cat=p&typeid=i","cat":284463},{"id":212764,"n":"Gelée vin de Madère Maggi x2 - 48g","p":1.29,"u":"26,88 €/KG","img":"https://fd6-photos.leclercdrive.fr/image.ashx?id=2570748&use=l&cat=p&typeid=i","cat":288380},{"id":212770,"n":"Ail & poivre Ducros 45g","p":3.06,"u":"68,00 €/KG","img":"https://fd6-photos.leclercdrive.fr/image.ashx?id=2570166&use=l&cat=p&typeid=i","cat":298297},{"id":212771,"n":"Pepites de chocolats Vahiné  Noisettes - 100g","p":3.35,"u":"33,50 €/KG","img":"https://fd6-photos.leclercdrive.fr/image.ashx?id=2570190&use=l&cat=p&typeid=i","cat":284504},{"id":212772,"n":"Colle alimentaire Vahiné  23g","p":3.58,"u":"155,65 €/KG","img":"https://fd6-photos.leclercdrive.fr/image.ashx?id=2570184&use=l&cat=p&typeid=i","cat":284504},{"id":212787,"n":"Cahier Esquisse 48 pages Blanc-petits carreaux-21x29,7cm","p":1.19,"img":"https://fd6-photos.leclercdrive.fr/image.ashx?id=2580288&use=l&cat=p&typeid=i","cat":284697},{"id":212788,"n":"Cahier Esquisse 48 pages Blanc - petits carreaux-17x22cm","p":0.99,"img":"https://fd6-photos.leclercdrive.fr/image.ashx?id=2580291&use=l&cat=p&typeid=i","cat":284697},{"id":212817,"n":"Nettoyant vitres Ajax Triple action Recharge - 750ml","p":1.7,"u":"2,27 €/L","img":"https://fd6-photos.leclercdrive.fr/image.ashx?id=2842969&use=l&cat=p&typeid=i","cat":325363},{"id":212826,"n":"Poivre et épices Ducros 200g","p":8.96,"u":"44,80 €/KG","img":"https://fd6-photos.leclercdrive.fr/image.ashx?id=2571194&use=l&cat=p&typeid=i","cat":284457},{"id":212829,"n":"Moulin Ducros 5 baies - 24g","p":3.59,"u":"149,58 €/KG","img":"https://fd6-photos.leclercdrive.fr/image.ashx?id=2571197&use=l&cat=p&typeid=i","cat":298297},{"id":212865,"n":"Margarine Planta Fin léger  Sans huile de palme - 225g","p":1.73,"u":"7,69 €/KG","img":"https://fd6-photos.leclercdrive.fr/image.ashx?id=2796441&use=l&cat=p&typeid=i","cat":315229},{"id":212876,"n":"AOP Champagne Moët & Chandon Brut impérial - 75cl","p":38.89,"u":"51,85 €/L","img":"https://fd6-photos.leclercdrive.fr/image.ashx?id=2578951&use=l&cat=p&typeid=i","cat":284542},{"id":212922,"n":"Déboucheur Gel Destop  Spécial Cuisine - 1L","p":3.14,"u":"3,14 €/L","img":"https://fd6-photos.leclercdrive.fr/image.ashx?id=2572278&use=l&cat=p&typeid=i","cat":284908},{"id":212923,"n":"Lardons fumés Herta  300g","p":2.96,"u":"9,87 €/KG","img":"https://fd6-photos.leclercdrive.fr/image.ashx?id=2572155&use=l&cat=p&typeid=i","cat":316011},{"id":212934,"n":"Lait bébé poudre Guigoz Optipro 3ème âge - dès 12 mois - 830g","p":10.21,"u":"12,30 €/KG","img":"https://fd6-photos.leclercdrive.fr/image.ashx?id=2895059&use=l&cat=p&typeid=i","cat":290219},{"id":212971,"n":"Barre Enrobage Blanc Lion x6 barres - 180g","p":2.44,"u":"13,56 €/KG","img":"https://fd6-photos.leclercdrive.fr/image.ashx?id=2813044&use=l&cat=p&typeid=i","cat":284498},{"id":213020,"n":"Chips Nature Lay's Sel maxi Format - 370g","p":3.3,"u":"8,92 €/KG","img":"https://fd6-photos.leclercdrive.fr/image.ashx?id=2999949&use=l&cat=p&typeid=i","cat":284447},{"id":213023,"n":"Pâtée et morceaux chiens Eco+ Boeuf - 1.2kg","p":1.67,"u":"1,39 €/KG","img":"https://fd6-photos.leclercdrive.fr/image.ashx?id=2815743&use=l&cat=p&typeid=i","cat":288578},{"id":213024,"n":"Boulettes volaille Eco+ 800g","p":1.47,"u":"1,84 €/KG","img":"https://fd6-photos.leclercdrive.fr/image.ashx?id=2573232&use=l&cat=p&typeid=i","cat":285601},{"id":213025,"n":"Boulettes à la volaille Eco+ 1.2kg","p":1.54,"u":"1,28 €/KG","img":"https://fd6-photos.leclercdrive.fr/image.ashx?id=2815737&use=l&cat=p&typeid=i","cat":288578},{"id":213037,"n":"Culottes Drynites Huggies  4/7ans - x16","p":12.67,"u":"0,79 €/P","img":"https://fd6-photos.leclercdrive.fr/image.ashx?id=2844730&use=l&cat=p&typeid=i","cat":290633},{"id":213173,"n":"Tropico l'original 6x33cl","p":3.77,"u":"1,90 €/L","img":"https://fd6-photos.leclercdrive.fr/image.ashx?id=2678155&use=l&cat=p&typeid=i","cat":295018},{"id":213189,"n":"Milky fromage enfant à tartiner Les Croisés 24 portions - 432g","p":3.59,"u":"8,31 €/KG","img":"https://fd6-photos.leclercdrive.fr/image.ashx?id=2791899&use=l&cat=p&typeid=i","cat":314030},{"id":213190,"n":"Milky fromage enfant à tartiner Les Croisés 12 portions - 216g","p":1.85,"u":"8,56 €/KG","img":"https://fd6-photos.leclercdrive.fr/image.ashx?id=2791914&use=l&cat=p&typeid=i","cat":314030},{"id":213200,"n":"Gaufrettes Quadro Cémoi Choco noisettes - 187g","p":2.09,"u":"11,18 €/KG","img":"https://fd6-photos.leclercdrive.fr/image.ashx?id=2654731&use=l&cat=p&typeid=i","cat":284488},{"id":213242,"n":"Céréales Coco Pops Kellogg's Original - 330g","p":2.85,"u":"8,64 €/KG","img":"https://fd6-photos.leclercdrive.fr/image.ashx?id=2577099&use=l&cat=p&typeid=i","cat":309513},{"id":213300,"n":"Bain de bouche bio Bionaïa  500ml","p":2.49,"u":"4,98 €/L","img":"https://fd6-photos.leclercdrive.fr/image.ashx?id=2577200&use=l&cat=p&typeid=i","cat":284613},{"id":213366,"n":"Toast nature Harrys Tranches épaisses - 250g","p":1.75,"u":"7,00 €/KG","img":"https://fd6-photos.leclercdrive.fr/image.ashx?id=2581253&use=l&cat=p&typeid=i","cat":285454},{"id":213394,"n":"Gel-Crème Hydratant Mixa Hypoallergénique - 50ml","p":5.94,"u":"11,88 €/L","img":"https://fd6-photos.leclercdrive.fr/image.ashx?id=2585804&use=l&cat=p&typeid=i","cat":325345},{"id":213396,"n":"Crème céramide Mixa 400ml","p":6.19,"u":"15,48 €/L","img":"https://fd6-photos.leclercdrive.fr/image.ashx?id=2579029&use=l&cat=p&typeid=i","cat":325350},{"id":213404,"n":"Crème cica Mixa Réparation - 400ml","p":6.29,"u":"15,73 €/L","img":"https://fd6-photos.leclercdrive.fr/image.ashx?id=2579023&use=l&cat=p&typeid=i","cat":325350},{"id":213417,"n":"Thé vert bio Jardin Bio Duo de citron - 30g","p":2.64,"u":"88,00 €/KG","img":"https://fd6-photos.leclercdrive.fr/image.ashx?id=2579008&use=l&cat=p&typeid=i","cat":293233},{"id":213425,"n":"Brossettes Oral-B 3D White 2x4","p":33.0,"u":"4,13 €/P","img":"https://fd6-photos.leclercdrive.fr/image.ashx?id=2740319&use=l&cat=p&typeid=i","cat":297133},{"id":213432,"n":"Gel Corps et Cheveux Cadum Hypoallergenique - 750ml","p":4.55,"u":"6,07 €/L","img":"https://fd6-photos.leclercdrive.fr/image.ashx?id=2581798&use=l&cat=p&typeid=i","cat":284594},{"id":213443,"n":"Après-Shampoing Franck Provost Expert nutrition - 450ml","p":4.06,"u":"9,02 €/L","img":"https://fd6-photos.leclercdrive.fr/image.ashx?id=2581807&use=l&cat=p&typeid=i","cat":284607},{"id":213454,"n":"Petits pois Eco+ 1kg","p":1.52,"u":"1,52 €/KG","img":"https://fd6-photos.leclercdrive.fr/image.ashx?id=2728225&use=l&cat=p&typeid=i","cat":319805},{"id":213455,"n":"Champignons Eco+ 1kg","p":1.45,"u":"1,45 €/KG","img":"https://fd6-photos.leclercdrive.fr/image.ashx?id=2593339&use=l&cat=p&typeid=i","cat":319805},{"id":213456,"n":"Quart de jambon sec Eco+ 14 tranches - 200g","p":2.33,"u":"11,65 €/KG","img":"https://fd6-photos.leclercdrive.fr/image.ashx?id=2579219&use=l&cat=p&typeid=i","cat":316007},{"id":213457,"n":"Cônes Eco+ Vanille fraise x8 - 512g","p":2.07,"u":"4,04 €/KG","img":"https://fd6-photos.leclercdrive.fr/image.ashx?id=2615576&use=l&cat=p&typeid=i","cat":284264},{"id":213458,"n":"Dés de poulet Eco+ 150g","p":1.69,"u":"11,27 €/KG","img":"https://fd6-photos.leclercdrive.fr/image.ashx?id=2930939&use=l&cat=p&typeid=i","cat":316011},{"id":213496,"n":"Boisson Noisette choco Végé 1L Végé - 200g","p":1.99,"u":"1,99 €/L","img":"https://fd6-photos.leclercdrive.fr/image.ashx?id=2903974&use=l&cat=p&typeid=i","cat":316067},{"id":213528,"n":"Gel WC Canard 100% Détartrant - 750ml","p":2.39,"u":"3,19 €/L","img":"https://fd6-photos.leclercdrive.fr/image.ashx?id=2580194&use=l&cat=p&typeid=i","cat":284662},{"id":213537,"n":"Glace Viennetta Façon Cappuccino - 320g","p":1.92,"u":"6,00 €/KG","img":"https://fd6-photos.leclercdrive.fr/image.ashx?id=2580239&use=l&cat=p&typeid=i","cat":284266},{"id":213550,"n":"Litière chats Tous mes Amis Agglomérante charbon actif - 5L","p":3.5,"u":"0,70 €/L","img":"https://fd6-photos.leclercdrive.fr/image.ashx?id=2580258&use=l&cat=p&typeid=i","cat":284683},{"id":213581,"n":"Gel douche Cadum Crème d'amande - 450ml","p":2.87,"u":"6,38 €/L","img":"https://fd6-photos.leclercdrive.fr/image.ashx?id=2582273&use=l&cat=p&typeid=i","cat":284594},{"id":213582,"n":"Crème Douche surgras Bio Cadum Karité - 450ml","p":2.5,"u":"5,56 €/L","img":"https://fd6-photos.leclercdrive.fr/image.ashx?id=2580801&use=l&cat=p&typeid=i","cat":284594},{"id":213600,"n":"Crème Douche Nourrissante Cadum Huile de Coco Bio - 450ml","p":2.7,"u":"6,00 €/L","img":"https://fd6-photos.leclercdrive.fr/image.ashx?id=2582276&use=l&cat=p&typeid=i","cat":284594},{"id":213602,"n":"Crème Douche Nourrissante Cadum Miel de Fleurs bio - 450ml","p":3.01,"u":"6,69 €/L","img":"https://fd6-photos.leclercdrive.fr/image.ashx?id=2582279&use=l&cat=p&typeid=i","cat":284594},{"id":213604,"n":"Crème Douche Hydratation Cadum Huile d'Amandes Douces - 450ml","p":2.66,"u":"5,91 €/L","img":"https://fd6-photos.leclercdrive.fr/image.ashx?id=2582282&use=l&cat=p&typeid=i","cat":284594},{"id":213605,"n":"Crème de douche Cadum Fleur de coton - 450ml","p":2.86,"u":"6,36 €/L","img":"https://fd6-photos.leclercdrive.fr/image.ashx?id=2582285&use=l&cat=p&typeid=i","cat":284594},{"id":213606,"n":"Gel Douche Sans Savon Bio Cadum Huile d'Amandes Douces - 450ml","p":2.65,"u":"5,89 €/L","img":"https://fd6-photos.leclercdrive.fr/image.ashx?id=2582288&use=l&cat=p&typeid=i","cat":284594},{"id":213614,"n":"Lentilles corail Notre Jardin 500g","p":1.72,"u":"3,44 €/KG","img":"https://fd6-photos.leclercdrive.fr/image.ashx?id=2983835&use=l&cat=p&typeid=i","cat":284430},{"id":213635,"n":"Eau Volvic Zest Fraise - 6x50cl","p":3.76,"u":"1,25 €/L","img":"https://fd6-photos.leclercdrive.fr/image.ashx?id=2730289&use=l&cat=p&typeid=i","cat":284537},{"id":213687,"n":"Shampoing karité Franck Provost Cheveux Secs, très secs - 500ml","p":4.06,"u":"8,12 €/L","img":"https://fd6-photos.leclercdrive.fr/image.ashx?id=2581804&use=l&cat=p&typeid=i","cat":284606},{"id":213688,"n":"Shampoing Karité Franck Provost Cheveux Très Secs épais - 500ml","p":4.06,"u":"8,12 €/L","img":"https://fd6-photos.leclercdrive.fr/image.ashx?id=2582312&use=l&cat=p&typeid=i","cat":284606},{"id":213690,"n":"Shampoing Franck Provost Cheveux abîmés cassants - 500ml","p":4.06,"u":"8,12 €/L","img":"https://fd6-photos.leclercdrive.fr/image.ashx?id=2582315&use=l&cat=p&typeid=i","cat":284606},{"id":213691,"n":"Après-Shampooing Franck Provost Expert réparation - 450ml","p":4.06,"u":"9,02 €/L","img":"https://fd6-photos.leclercdrive.fr/image.ashx?id=2582318&use=l&cat=p&typeid=i","cat":284607},{"id":213692,"n":"Shampooing Franck Provost Cheveux colorés - 500ml","p":4.06,"u":"8,12 €/L","img":"https://fd6-photos.leclercdrive.fr/image.ashx?id=2582321&use=l&cat=p&typeid=i","cat":284606},{"id":213695,"n":"Recharge Gel douche Cadum Sans Sulfate - 500ml","p":2.88,"u":"5,76 €/L","img":"https://fd6-photos.leclercdrive.fr/image.ashx?id=2581810&use=l&cat=p&typeid=i","cat":284594},{"id":213703,"n":"Gel Corps et Cheveux Cadum Sans Sulfate - 400ml","p":2.89,"u":"7,23 €/L","img":"https://fd6-photos.leclercdrive.fr/image.ashx?id=2582270&use=l&cat=p&typeid=i","cat":284594},{"id":213724,"n":"Bouchée pour chien Eco+ Boeuf, pâtes, carottes - 1.2kg","p":1.93,"u":"1,61 €/KG","img":"https://fd6-photos.leclercdrive.fr/image.ashx?id=2815728&use=l&cat=p&typeid=i","cat":288578},{"id":213742,"n":"Fritelle L'originale emmental 80g","p":0.95,"u":"11,88 €/KG","img":"https://fd6-photos.leclercdrive.fr/image.ashx?id=2582144&use=l&cat=p&typeid=i","cat":284449},{"id":213749,"n":"Bière blonde Pélican 6x33cl","p":8.13,"u":"4,11 €/L","img":"https://fd6-photos.leclercdrive.fr/image.ashx?id=2946922&use=l&cat=p&typeid=i","cat":334872},{"id":213792,"n":"Nettoyant sol savon noir Perfboost Carolin -1L","p":2.88,"u":"2,88 €/L","img":"https://fd6-photos.leclercdrive.fr/image.ashx?id=2582633&use=l&cat=p&typeid=i","cat":284907},{"id":213793,"n":"Burger Bacon Marie Boeuf Charolais Emmental - 190g","p":3.29,"u":"17,32 €/KG","img":"https://fd6-photos.leclercdrive.fr/image.ashx?id=2858615&use=l&cat=p&typeid=i","cat":333671},{"id":213794,"n":"Burger Rustique Marie Boeuf Charolais Emmental - 190g","p":3.23,"u":"17,00 €/KG","img":"https://fd6-photos.leclercdrive.fr/image.ashx?id=2858621&use=l&cat=p&typeid=i","cat":333671},{"id":213821,"n":"Brosse à dents Signal Soins gencives Extra souple x4","p":3.25,"u":"0,81 €/P","img":"https://fd6-photos.leclercdrive.fr/image.ashx?id=2805690&use=l&cat=p&typeid=i","cat":284614},{"id":213823,"n":"Soupline dilué 3D grand air 2.85l","p":6.6,"u":"2,32 €/L","img":"https://fd6-photos.leclercdrive.fr/image.ashx?id=2811791&use=l&cat=p&typeid=i","cat":284650},{"id":213828,"n":"Paic Expert anti-calcaire 500 ml","p":2.44,"u":"4,88 €/L","img":"https://fd6-photos.leclercdrive.fr/image.ashx?id=2583485&use=l&cat=p&typeid=i","cat":284655},{"id":213830,"n":"Adoucissant Soupline concentré  3D Grand air - 1,35L","p":5.02,"u":"3,72 €/L","img":"https://fd6-photos.leclercdrive.fr/image.ashx?id=2924950&use=l&cat=p&typeid=i","cat":284650},{"id":213831,"n":"Spray Savon marseille La Croix 500ml","p":2.66,"u":"5,32 €/L","img":"https://fd6-photos.leclercdrive.fr/image.ashx?id=2583530&use=l&cat=p&typeid=i","cat":325357},{"id":213833,"n":"Colgate Chloro intense  75ml","p":1.23,"u":"16,40 €/L","img":"https://fd6-photos.leclercdrive.fr/image.ashx?id=2964231&use=l&cat=p&typeid=i","cat":284612},{"id":213834,"n":"Brosse à dents Colgate Extra-clean souple - x4","p":1.99,"u":"0,50 €/P","img":"https://fd6-photos.leclercdrive.fr/image.ashx?id=3011950&use=l&cat=p&typeid=i","cat":284614},{"id":213836,"n":"Dentifrice Colgate Ultra Brite  Haleine Fraîche - 75ml","p":1.27,"u":"16,93 €/L","img":"https://fd6-photos.leclercdrive.fr/image.ashx?id=2802845&use=l&cat=p&typeid=i","cat":284612},{"id":213857,"n":"Recharges WC Canard Fresh Disc  Fraîcheur Marine - 2x6 disques","p":5.52,"u":"2,76 €/P","img":"https://fd6-photos.leclercdrive.fr/image.ashx?id=2754824&use=l&cat=p&typeid=i","cat":284662},{"id":213861,"n":"Mélange à l'Orientale Ducros 32g","p":2.51,"u":"78,44 €/KG","img":"https://fd6-photos.leclercdrive.fr/image.ashx?id=2583335&use=l&cat=p&typeid=i","cat":298297},{"id":213867,"n":"Mélange à la Marocaine Ducros 40g","p":3.11,"u":"77,75 €/KG","img":"https://fd6-photos.leclercdrive.fr/image.ashx?id=2583362&use=l&cat=p&typeid=i","cat":298297},{"id":213868,"n":"Mélange pour salade Ducros 17g","p":4.88,"u":"287,06 €/KG","img":"https://fd6-photos.leclercdrive.fr/image.ashx?id=2583341&use=l&cat=p&typeid=i","cat":298297},{"id":213871,"n":"Mélange pour Poisson Ducros  37g","p":2.65,"u":"71,62 €/KG","img":"https://fd6-photos.leclercdrive.fr/image.ashx?id=2583359&use=l&cat=p&typeid=i","cat":298297},{"id":213881,"n":"Soupe pot au feu Maggi  Aux vermicelles - 57g","p":0.55,"u":"9,65 €/KG","img":"https://fd6-photos.leclercdrive.fr/image.ashx?id=2614362&use=l&cat=p&typeid=i","cat":284463},{"id":213930,"n":"Fromage enfant La Vache qui rit Original 24P à tartiner - 384g","p":3.91,"u":"10,18 €/KG","img":"https://fd6-photos.leclercdrive.fr/image.ashx?id=2945451&use=l&cat=p&typeid=i","cat":314030},{"id":213943,"n":"Bière rosée Blanche de Bruxelles - 33cl","p":1.8,"u":"5,45 €/L","img":"https://fd6-photos.leclercdrive.fr/image.ashx?id=2585252&use=l&cat=p&typeid=i","cat":334872},{"id":213953,"n":"Recharges WC Canard fresh disc Citron - 2x6 disques","p":4.92,"u":"2,46 €/P","img":"https://fd6-photos.leclercdrive.fr/image.ashx?id=2754821&use=l&cat=p&typeid=i","cat":284662},{"id":213958,"n":"Crème Corps Hydratante Mixa Peau très Sèche, terne - 400ml","p":4.94,"u":"12,35 €/L","img":"https://fd6-photos.leclercdrive.fr/image.ashx?id=2595767&use=l&cat=p&typeid=i","cat":325350},{"id":213959,"n":"Nettoyant ménager Pliz Fée du logis - 250ml","p":1.96,"u":"7,84 €/L","img":"https://fd6-photos.leclercdrive.fr/image.ashx?id=2585540&use=l&cat=p&typeid=i","cat":325364},{"id":213961,"n":"Terrine chiens Tous Mes Amis Viandes carottes - 1.2kg","p":1.95,"u":"1,63 €/KG","img":"https://fd6-photos.leclercdrive.fr/image.ashx?id=3015590&use=l&cat=p&typeid=i","cat":288578},{"id":213962,"n":"Patée pour chiens Eco+ Volaille - 150g","p":0.47,"u":"3,13 €/KG","img":"https://fd6-photos.leclercdrive.fr/image.ashx?id=2584913&use=l&cat=p&typeid=i","cat":284673},{"id":213963,"n":"Patée pour chiens Eco+ Boeuf - 150g","p":0.47,"u":"3,13 €/KG","img":"https://fd6-photos.leclercdrive.fr/image.ashx?id=2586360&use=l&cat=p&typeid=i","cat":284673},{"id":213964,"n":"Nettoyant ménager Ajax Maison pure Sureau - 1.25L","p":2.94,"u":"2,35 €/L","img":"https://fd6-photos.leclercdrive.fr/image.ashx?id=2585555&use=l&cat=p&typeid=i","cat":284907},{"id":213965,"n":"Adoucissant Eco+ Fraîcheur - 1.5L - x60","p":1.64,"u":"1,09 €/L","img":"https://fd6-photos.leclercdrive.fr/image.ashx?id=2600833&use=l&cat=p&typeid=i","cat":284650},{"id":213968,"n":"Eau minérale naturelle Vittel 6L","p":2.59,"u":"0,43 €/L","img":"https://fd6-photos.leclercdrive.fr/image.ashx?id=2585843&use=l&cat=p&typeid=i","cat":284535},{"id":214050,"n":"Beurre moulé neutre doux Loyez Woessen - 500g","p":4.95,"u":"9,90 €/KG","img":"https://fd6-photos.leclercdrive.fr/image.ashx?id=2586198&use=l&cat=p&typeid=i","cat":284379},{"id":214083,"n":"Moutarde de Dijon Rustica Fine et forte - 200g","p":1.29,"u":"6,45 €/KG","img":"https://fd6-photos.leclercdrive.fr/image.ashx?id=2954388&use=l&cat=p&typeid=i","cat":288850},{"id":214087,"n":"Soda Coca-Cola Original Bouteille - 1,75L","p":2.39,"u":"1,37 €/L","img":"https://fd6-photos.leclercdrive.fr/image.ashx?id=2971745&use=l&cat=p&typeid=i","cat":284530},{"id":214103,"n":"Toasts Aromates spécial saumon Tranches épaisses Harrys 250G","p":1.75,"u":"7,00 €/KG","img":"https://fd6-photos.leclercdrive.fr/image.ashx?id=2587578&use=l&cat=p&typeid=i","cat":285454},{"id":214105,"n":"Toast Brioché spécial foie gras Tranches épaisses Harrys 250G","p":1.75,"u":"7,00 €/KG","img":"https://fd6-photos.leclercdrive.fr/image.ashx?id=2587581&use=l&cat=p&typeid=i","cat":285454},{"id":214290,"n":"Batonnets Tous mes amis x30","p":3.5,"u":"0,12 €/P","img":"https://fd6-photos.leclercdrive.fr/image.ashx?id=2600297&use=l&cat=p&typeid=i","cat":294527},{"id":214292,"n":"Os pressé Tous mes amis 21cm - x1","p":3.95,"img":"https://fd6-photos.leclercdrive.fr/image.ashx?id=2600303&use=l&cat=p&typeid=i","cat":294527},{"id":214293,"n":"Os de jambon Tous mes amis Taille M - x1","p":2.1,"img":"https://fd6-photos.leclercdrive.fr/image.ashx?id=2600306&use=l&cat=p&typeid=i","cat":294527},{"id":214297,"n":"Ampoule LED Osram 5W B22 - x3","p":7.9,"u":"Dont 0,36 € d'éco-part.","img":"https://fd6-photos.leclercdrive.fr/image.ashx?id=2653960&use=l&cat=p&typeid=i","cat":300573},{"id":214321,"n":"Déodorant bille Dove Grenade - Anti-transpirant 50ml","p":2.61,"u":"52,20 €/L","img":"https://fd6-photos.leclercdrive.fr/image.ashx?id=2867341&use=l&cat=p&typeid=i","cat":284595},{"id":214326,"n":"Déodorant spray Dovd Grenade anti-transpirant 200ml","p":2.99,"u":"14,95 €/L","img":"https://fd6-photos.leclercdrive.fr/image.ashx?id=2987035&use=l&cat=p&typeid=i","cat":284595},{"id":214327,"n":"Déodorant Spray Dove Anti- Transpirant Beauty Finish 100ml","p":3.46,"u":"34,60 €/L","img":"https://fd6-photos.leclercdrive.fr/image.ashx?id=2987038&use=l&cat=p&typeid=i","cat":284595},{"id":214328,"n":"Déodorant Spray compressé Dove Anti-Transpirant Original 200ml","p":2.28,"u":"11,40 €/L","img":"https://fd6-photos.leclercdrive.fr/image.ashx?id=2877250&use=l&cat=p&typeid=i","cat":284595},{"id":214332,"n":"Chili Cheese Nuggets Pickers By McCain - 230g","p":3.84,"u":"16,70 €/KG","img":"https://fd6-photos.leclercdrive.fr/image.ashx?id=2958678&use=l&cat=p&typeid=i","cat":319822},{"id":214394,"n":"Crème de douche Le Petit Marseillais Fleur coton 400ml","p":2.85,"u":"7,13 €/L","img":"https://fd6-photos.leclercdrive.fr/image.ashx?id=2947045&use=l&cat=p&typeid=i","cat":284594},{"id":214396,"n":"Eponges Spontex Tradition - x2","p":1.54,"u":"0,77 €/P","img":"https://fd6-photos.leclercdrive.fr/image.ashx?id=2589365&use=l&cat=p&typeid=i","cat":284667},{"id":214403,"n":"Lessive liquide Bonux L'original 50 Lavages - 2.25L","p":9.84,"u":"4,37 €/L","img":"https://fd6-photos.leclercdrive.fr/image.ashx?id=2881993&use=l&cat=p&typeid=i","cat":284640},{"id":214412,"n":"Vin Blanc Mousseux Brut  Café de Paris - 75cl","p":4.49,"u":"5,99 €/L","img":"https://fd6-photos.leclercdrive.fr/image.ashx?id=2848692&use=l&cat=p&typeid=i","cat":284544},{"id":214414,"n":"Vin Rosé Mousseux Demi-sec Café de Paris - 75cl","p":4.49,"u":"5,99 €/L","img":"https://fd6-photos.leclercdrive.fr/image.ashx?id=2914477&use=l&cat=p&typeid=i","cat":284544},{"id":214454,"n":"Piles rechargeables Foxter Accus Rtu HR03 850mah - x4","p":8.5,"u":"2,13 €/P","img":"https://fd6-photos.leclercdrive.fr/image.ashx?id=2594881&use=l&cat=p&typeid=i","cat":300572},{"id":214455,"n":"Piles rechargeables Foxter Accus - RTU - HR06 2350 mAh x4","p":6.99,"u":"1,75 €/P","img":"https://fd6-photos.leclercdrive.fr/image.ashx?id=2594884&use=l&cat=p&typeid=i","cat":300572},{"id":214457,"n":"Pile rechargeable Foxter Accus - RTU - HR14 - 3000mAh x2","p":7.99,"u":"4,00 €/P","img":"https://fd6-photos.leclercdrive.fr/image.ashx?id=2639293&use=l&cat=p&typeid=i","cat":300572},{"id":214470,"n":"AOP Bordeaux Rouge Mouton Cadet - 75cl","p":24.73,"u":"32,97 €/L","img":"https://fd6-photos.leclercdrive.fr/image.ashx?id=2759960&use=l&cat=p&typeid=i","cat":289556},{"id":214498,"n":"Tablette de chocolat noir  L'original Côte d'Or 100g","p":1.39,"u":"13,90 €/KG","img":"https://fd6-photos.leclercdrive.fr/image.ashx?id=2961221&use=l&cat=p&typeid=i","cat":284956},{"id":214507,"n":"Liégeois au chocolat Andros Au lait d'amande x6 - 540g","p":2.48,"u":"4,59 €/KG","img":"https://fd6-photos.leclercdrive.fr/image.ashx?id=2590815&use=l&cat=p&typeid=i","cat":316071},{"id":214516,"n":"Pâte à pizza Herta Épaisse et ronde - 450g","p":2.63,"u":"5,84 €/KG","img":"https://fd6-photos.leclercdrive.fr/image.ashx?id=2813917&use=l&cat=p&typeid=i","cat":333681},{"id":214518,"n":"Pâte à pizza Herta Épaisse et rectangulaire - 540g","p":3.07,"u":"5,69 €/KG","img":"https://fd6-photos.leclercdrive.fr/image.ashx?id=2731405&use=l&cat=p&typeid=i","cat":333681},{"id":214558,"n":"Café en grains Bio Méo Espresso - 1kg","p":19.98,"u":"19,98 €/KG","img":"https://fd6-photos.leclercdrive.fr/image.ashx?id=2593980&use=l&cat=p&typeid=i","cat":293237},{"id":214648,"n":"Nouilles Banzai Noodle bœuf  cup - 67g","p":1.25,"u":"18,66 €/KG","img":"https://fd6-photos.leclercdrive.fr/image.ashx?id=2730001&use=l&cat=p&typeid=i","cat":288992},{"id":214653,"n":"Biscuits Mulino Bianco Tenerezze Citron - 200g","p":3.58,"u":"17,90 €/KG","img":"https://fd6-photos.leclercdrive.fr/image.ashx?id=2593137&use=l&cat=p&typeid=i","cat":289010},{"id":214723,"n":"Biscuit bébé Kiddylicious  Wafers fraise dès 6 mois 4x2p","p":1.48,"u":"92,50 €/KG","img":"https://fd6-photos.leclercdrive.fr/image.ashx?id=2929152&use=l&cat=p&typeid=i","cat":312394},{"id":214724,"n":"Biscuit bébé Kiddylicious Wafers Banane dès 6 mois (4x2p)","p":1.44,"u":"90,00 €/KG","img":"https://fd6-photos.leclercdrive.fr/image.ashx?id=2929149&use=l&cat=p&typeid=i","cat":312394},{"id":214725,"n":"Biscuits bébé Kiddylicious  Soft Biscotti Pomme 6x2p","p":2.54,"u":"21,17 €/KG","img":"https://fd6-photos.leclercdrive.fr/image.ashx?id=2929146&use=l&cat=p&typeid=i","cat":312394},{"id":214726,"n":"Biscuits bébé Kiddylicious  Saveur Fromage dès 9mois 4x12g","p":2.94,"u":"61,25 €/KG","img":"https://fd6-photos.leclercdrive.fr/image.ashx?id=2929143&use=l&cat=p&typeid=i","cat":312394},{"id":214728,"n":"Biscuits bébé Kiddylicious Saveur légumes dès 9 mois 4x12g","p":2.95,"u":"61,46 €/KG","img":"https://fd6-photos.leclercdrive.fr/image.ashx?id=2929140&use=l&cat=p&typeid=i","cat":312394},{"id":214758,"n":"Haché végétal Happyvore 200g","p":3.7,"u":"18,50 €/KG","img":"https://fd6-photos.leclercdrive.fr/image.ashx?id=2768246&use=l&cat=p&typeid=i","cat":316036},{"id":214762,"n":"Nouilles Banzai Noodle poulet  cup - 67g","p":1.25,"u":"18,66 €/KG","img":"https://fd6-photos.leclercdrive.fr/image.ashx?id=2730004&use=l&cat=p&typeid=i","cat":288992},{"id":214778,"n":"Lait en poudre bio Modilac 2ème âge - 800g","p":19.48,"u":"24,35 €/KG","img":"https://fd6-photos.leclercdrive.fr/image.ashx?id=2981172&use=l&cat=p&typeid=i","cat":284727},{"id":214779,"n":"Lait en poudre bio Modilac Croissance - 800g","p":18.11,"u":"22,64 €/KG","img":"https://fd6-photos.leclercdrive.fr/image.ashx?id=2981175&use=l&cat=p&typeid=i","cat":290219},{"id":214800,"n":"Croquettes petit chien   Pedigree au bœuf - 2kg","p":7.64,"u":"3,82 €/KG","img":"https://fd6-photos.leclercdrive.fr/image.ashx?id=2876995&use=l&cat=p&typeid=i","cat":294526},{"id":214801,"n":"Croquettes petit chien   Pedigree à la volaille - 2kg","p":7.72,"u":"3,86 €/KG","img":"https://fd6-photos.leclercdrive.fr/image.ashx?id=2832323&use=l&cat=p&typeid=i","cat":294526},{"id":214809,"n":"Capsule Nescafé Dolce Gusto Neo  Lungo - x12","p":4.32,"u":"62,61 €/KG","img":"https://fd6-photos.leclercdrive.fr/image.ashx?id=2775041&use=l&cat=p&typeid=i","cat":293241},{"id":214810,"n":"Capsule Nescafé Dolce Gusto Neo  Grande - x12","p":4.36,"u":"51,90 €/KG","img":"https://fd6-photos.leclercdrive.fr/image.ashx?id=2947225&use=l&cat=p&typeid=i","cat":293241},{"id":214812,"n":"Capsule Nescafé Dolce Gusto Neo  Cappuccino - x6 - 122g","p":4.33,"u":"35,49 €/KG","img":"https://fd6-photos.leclercdrive.fr/image.ashx?id=2947228&use=l&cat=p&typeid=i","cat":293241},{"id":214814,"n":"Ail en semoule Ducro 335g","p":8.48,"u":"25,31 €/KG","img":"https://fd6-photos.leclercdrive.fr/image.ashx?id=2595665&use=l&cat=p&typeid=i","cat":298297},{"id":214876,"n":"Foie gras de canard entier  Secret d'Éleveurs - 180g","p":24.27,"u":"134,83 €/KG","img":"https://fd6-photos.leclercdrive.fr/image.ashx?id=2594929&use=l&cat=p&typeid=i","cat":316008},{"id":214897,"n":"Champignons blancs de Paris  Eco+ - 200g","p":0.95,"u":"4,75 €/KG","img":"https://fd6-photos.leclercdrive.fr/image.ashx?id=2742685&use=l&cat=p&typeid=i","cat":284352},{"id":214900,"n":"Rénovateur d'émail Rubson Vernis - Blanc - 12ml","p":7.7,"u":"641,67 €/L","img":"https://fd6-photos.leclercdrive.fr/image.ashx?id=2595218&use=l&cat=p&typeid=i","cat":300576},{"id":214901,"n":"Blanchisseur joints carrelage Rubson - 7ml","p":9.1,"img":"https://fd6-photos.leclercdrive.fr/image.ashx?id=2595221&use=l&cat=p&typeid=i","cat":300576},{"id":214902,"n":"Colle Loctite Super glue 3 - 20g","p":13.68,"u":"684,00 €/KG","img":"https://fd6-photos.leclercdrive.fr/image.ashx?id=2595215&use=l&cat=p&typeid=i","cat":300576},{"id":214996,"n":"Papier Toilette Renova Progress - x24","p":8.12,"u":"0,34 €/P","img":"https://fd6-photos.leclercdrive.fr/image.ashx?id=2597226&use=l&cat=p&typeid=i","cat":284634},{"id":215007,"n":"Thé glacé Lipton Ice Tea Pêche sans sucres - 4x1.25L","p":5.85,"u":"1,17 €/L","img":"https://fd6-photos.leclercdrive.fr/image.ashx?id=2596161&use=l&cat=p&typeid=i","cat":295019},{"id":215015,"n":"Crabe des neiges Chatka Alaska et Antarctique - 180g","p":11.97,"u":"66,50 €/KG","img":"https://fd6-photos.leclercdrive.fr/image.ashx?id=2938833&use=l&cat=p&typeid=i","cat":305147},{"id":215016,"n":"Croutons nature Tipiak 220g","p":3.41,"u":"15,50 €/KG","img":"https://fd6-photos.leclercdrive.fr/image.ashx?id=2842061&use=l&cat=p&typeid=i","cat":284464},{"id":215017,"n":"Croutons ail Tipiak 220g","p":3.29,"u":"14,95 €/KG","img":"https://fd6-photos.leclercdrive.fr/image.ashx?id=2688872&use=l&cat=p&typeid=i","cat":284464},{"id":215055,"n":"Plat à tarte Eco+ Metal - 28cm","p":3.97,"img":"https://fd6-photos.leclercdrive.fr/image.ashx?id=2872469&use=l&cat=p&typeid=i","cat":334135},{"id":215056,"n":"Recharge Lessive liquide  Rainett - Bicarbonate 1.6L","p":6.14,"u":"3,84 €/L","img":"https://fd6-photos.leclercdrive.fr/image.ashx?id=2940291&use=l&cat=p&typeid=i","cat":284640},{"id":215091,"n":"Complément Alimentaire Juvamine Vitamine C 500 x30","p":3.85,"u":"60,16 €/KG","img":"https://fd6-photos.leclercdrive.fr/image.ashx?id=2749724&use=l&cat=p&typeid=i","cat":313217},{"id":215093,"n":"Complément Alimentaire Juvamine Vitamine C 500 x30","p":2.43,"u":"31,56 €/KG","img":"https://fd6-photos.leclercdrive.fr/image.ashx?id=2749727&use=l&cat=p&typeid=i","cat":313217},{"id":215094,"n":"Complément Alimentaire Juvamine Top Forme Multivitamines x30","p":7.11,"u":"92,34 €/KG","img":"https://fd6-photos.leclercdrive.fr/image.ashx?id=2749730&use=l&cat=p&typeid=i","cat":313217},{"id":215098,"n":"Complément Alimentaire Juvamine Magnésium & Vitamines x30","p":2.43,"u":"0,08 €/P","img":"https://fd6-photos.leclercdrive.fr/image.ashx?id=2731495&use=l&cat=p&typeid=i","cat":313217},{"id":215100,"n":"Complément Alimentaire Juvamine Vitamine C Magnésium x30","p":4.27,"u":"62,79 €/KG","img":"https://fd6-photos.leclercdrive.fr/image.ashx?id=2731501&use=l&cat=p&typeid=i","cat":313217},{"id":215101,"n":"Complément Alimentaire Juvamine Vitamine C, D et Calcium - x30","p":2.43,"u":"31,56 €/KG","img":"https://fd6-photos.leclercdrive.fr/image.ashx?id=2749739&use=l&cat=p&typeid=i","cat":313217},{"id":215122,"n":"Pâtes Alpina Perle - 500g","p":1.38,"u":"2,76 €/KG","img":"https://fd6-photos.leclercdrive.fr/image.ashx?id=2789859&use=l&cat=p&typeid=i","cat":284427},{"id":215124,"n":"Eclat de pistaches Vahiné  torréfiés - 50g","p":3.85,"u":"77,00 €/KG","img":"https://fd6-photos.leclercdrive.fr/image.ashx?id=2596603&use=l&cat=p&typeid=i","cat":284504},{"id":215125,"n":"Caramel Fudges Vahiné 70g","p":2.79,"u":"39,86 €/KG","img":"https://fd6-photos.leclercdrive.fr/image.ashx?id=2596868&use=l&cat=p&typeid=i","cat":284504},{"id":215126,"n":"Chocolat au lait chunks Vahiné 100g","p":2.59,"u":"25,90 €/KG","img":"https://fd6-photos.leclercdrive.fr/image.ashx?id=2596865&use=l&cat=p&typeid=i","cat":284504},{"id":215129,"n":"Mélange à l'Indienne Ducros 50g","p":2.51,"u":"50,20 €/KG","img":"https://fd6-photos.leclercdrive.fr/image.ashx?id=2596853&use=l&cat=p&typeid=i","cat":298297},{"id":215131,"n":"Mélange pain d'épices Vahiné 40g","p":2.22,"u":"55,50 €/KG","img":"https://fd6-photos.leclercdrive.fr/image.ashx?id=2596877&use=l&cat=p&typeid=i","cat":298297},{"id":215141,"n":"Steak haché Tendre & Plus Extra tendre 15%MG x10 - 1kg","p":10.34,"u":"10,34 €/KG","img":"https://fd6-photos.leclercdrive.fr/image.ashx?id=2939544&use=l&cat=p&typeid=i","cat":319778},{"id":215174,"n":"Lasagnes Côté Table Chèvre épinards - 350g","p":2.99,"u":"8,54 €/KG","img":"https://fd6-photos.leclercdrive.fr/image.ashx?id=2596790&use=l&cat=p&typeid=i","cat":333665},{"id":215209,"n":"Spray nettoyant La Croix Bicarbonate de soude - 500ml","p":2.44,"u":"4,88 €/L","img":"https://fd6-photos.leclercdrive.fr/image.ashx?id=2597609&use=l&cat=p&typeid=i","cat":325357},{"id":215213,"n":"Sérum visage repulpant Garnier Acide Hyaluronique & Aloe Vera","p":8.98,"u":"299,33 €/L","img":"https://fd6-photos.leclercdrive.fr/image.ashx?id=2979911&use=l&cat=p&typeid=i","cat":325345},{"id":215214,"n":"Brossettes Oral-B Pro Sensitive clean - x2","p":12.58,"u":"6,29 €/PRT","img":"https://fd6-photos.leclercdrive.fr/image.ashx?id=2909254&use=l&cat=p&typeid=i","cat":297133},{"id":215215,"n":"Rasoir électrique Wilkinson Intuition Bikini - x1","p":15.81,"u":"Dont 0,10 € d'éco-part.","img":"https://fd6-photos.leclercdrive.fr/image.ashx?id=2597531&use=l&cat=p&typeid=i","cat":325352},{"id":215228,"n":"Melange garam masala Ducros 40g","p":3.46,"u":"86,50 €/KG","img":"https://fd6-photos.leclercdrive.fr/image.ashx?id=2597384&use=l&cat=p&typeid=i","cat":298297},{"id":215231,"n":"Petites gambas Fleury Ichon À la persillade - 280g","p":4.18,"u":"14,93 €/KG","img":"https://fd6-photos.leclercdrive.fr/image.ashx?id=2889499&use=l&cat=p&typeid=i","cat":333665},{"id":215234,"n":"Petits pots bébé P'TITE RECETTE Bio Spaghetti bolo 8M+ - 2x190g","p":3.26,"u":"8,58 €/KG","img":"https://fd6-photos.leclercdrive.fr/image.ashx?id=2597558&use=l&cat=p&typeid=i","cat":312236},{"id":215235,"n":"Foin Tous Mes amis 1kg","p":1.96,"u":"1,96 €/KG","img":"https://fd6-photos.leclercdrive.fr/image.ashx?id=2652332&use=l&cat=p&typeid=i","cat":284677},{"id":215238,"n":"Menu complet Lapin 3KG","p":6.6,"u":"2,20 €/KG","img":"https://fd6-photos.leclercdrive.fr/image.ashx?id=2646815&use=l&cat=p&typeid=i","cat":284677},{"id":215239,"n":"Menu complet Tous Mes Amis 800g","p":1.88,"u":"2,35 €/KG","img":"https://fd6-photos.leclercdrive.fr/image.ashx?id=2646812&use=l&cat=p&typeid=i","cat":284677},{"id":215240,"n":"Menu complet Tous Mes Amis Cochon d'Inde - 3kg","p":6.6,"u":"2,20 €/KG","img":"https://fd6-photos.leclercdrive.fr/image.ashx?id=2664731&use=l&cat=p&typeid=i","cat":284677},{"id":215278,"n":"Bonbons Copains Copines Bouée bi-goût acide - 250 g","p":1.59,"u":"6,36 €/KG","img":"https://fd6-photos.leclercdrive.fr/image.ashx?id=2934763&use=l&cat=p&typeid=i","cat":304250},{"id":215281,"n":"Bonbons Copains Copines Soda fruit acide - 200 g","p":1.19,"u":"5,95 €/KG","img":"https://fd6-photos.leclercdrive.fr/image.ashx?id=2597339&use=l&cat=p&typeid=i","cat":304250},{"id":215282,"n":"Bonbons Copains Copines Unicone - 200 g","p":1.29,"u":"6,45 €/KG","img":"https://fd6-photos.leclercdrive.fr/image.ashx?id=2934769&use=l&cat=p&typeid=i","cat":304250},{"id":215283,"n":"Bonbons DinoAcid' Copains Copines - 200g","p":1.19,"u":"5,95 €/KG","img":"https://fd6-photos.leclercdrive.fr/image.ashx?id=2597345&use=l&cat=p&typeid=i","cat":304250},{"id":215311,"n":"P'tit biscuit Nestlé 180g","p":2.16,"u":"12,00 €/KG","img":"https://fd6-photos.leclercdrive.fr/image.ashx?id=2737225&use=l&cat=p&typeid=i","cat":312227},{"id":215377,"n":"Fromage Persillée Bresse Bleu Le véritable - 200g","p":2.92,"u":"14,60 €/KG","img":"https://fd6-photos.leclercdrive.fr/image.ashx?id=2927486&use=l&cat=p&typeid=i","cat":314032},{"id":215378,"n":"Sérum Visage Post-Acné Nivea Anti-taches Luminous - 30ml","p":21.27,"u":"709,00 €/L","img":"https://fd6-photos.leclercdrive.fr/image.ashx?id=2836124&use=l&cat=p&typeid=i","cat":325345},{"id":215379,"n":"Sérum Visage Anti-âge Nivea Anti-taches Luminous - 30ml","p":17.71,"u":"590,33 €/L","img":"https://fd6-photos.leclercdrive.fr/image.ashx?id=2985492&use=l&cat=p&typeid=i","cat":325345},{"id":215399,"n":"Noix de Saint-Jacques Nautilus Au naturel - 111g","p":5.95,"u":"53,60 €/KG","img":"https://fd6-photos.leclercdrive.fr/image.ashx?id=2598510&use=l&cat=p&typeid=i","cat":305147},{"id":215405,"n":"Rasoirs Wilkinson Xtreme 3 Ultimate comfort - 2x8","p":16.82,"u":"1,05 €/P","img":"https://fd6-photos.leclercdrive.fr/image.ashx?id=2861716&use=l&cat=p&typeid=i","cat":284616},{"id":215501,"n":"Casier chocolat  liqueur Abtey x12 -  155g","p":6.18,"u":"39,87 €/KG","img":"https://fd6-photos.leclercdrive.fr/image.ashx?id=2731174&use=l&cat=p&typeid=i","cat":327601},{"id":215502,"n":"Casier chocolat liqueur Abtey Rhum arrangé x12 - 155g","p":6.18,"u":"39,87 €/KG","img":"https://fd6-photos.leclercdrive.fr/image.ashx?id=2599586&use=l&cat=p&typeid=i","cat":327601},{"id":215577,"n":"Assortiment Novi gold prestige  148g","p":7.95,"u":"53,72 €/KG","img":"https://fd6-photos.leclercdrive.fr/image.ashx?id=2654387&use=l&cat=p&typeid=i","cat":327595},{"id":215581,"n":"Bouchées chocolats mon chéri  x30 - 315g","p":8.76,"u":"27,81 €/KG","img":"https://fd6-photos.leclercdrive.fr/image.ashx?id=2952923&use=l&cat=p&typeid=i","cat":327601},{"id":215585,"n":"Moulage Kinder Surprise  Modèles divers - 75g","p":3.48,"u":"46,40 €/KG","img":"https://fd6-photos.leclercdrive.fr/image.ashx?id=2599381&use=l&cat=p&typeid=i","cat":327592},{"id":215586,"n":"Moulage chocolat Kinder 110g","p":3.7,"u":"33,64 €/KG","img":"https://fd6-photos.leclercdrive.fr/image.ashx?id=2764155&use=l&cat=p&typeid=i","cat":327592},{"id":215602,"n":"Schoko-bons white Kinder ballotin 380g","p":8.98,"u":"23,63 €/KG","img":"https://fd6-photos.leclercdrive.fr/image.ashx?id=2917061&use=l&cat=p&typeid=i","cat":327592},{"id":215624,"n":"Sucette guimauve Xmas Fizzy  Père noël - 35g","p":1.7,"u":"48,57 €/KG","img":"https://fd6-photos.leclercdrive.fr/image.ashx?id=2996944&use=l&cat=p&typeid=i","cat":327592},{"id":215636,"n":"Fizzy x-mas twisty 40g","p":1.56,"u":"39,00 €/KG","img":"https://fd6-photos.leclercdrive.fr/image.ashx?id=2851015&use=l&cat=p&typeid=i","cat":327592},{"id":215712,"n":"Boîte sélection Côte d'or 135g","p":6.64,"u":"49,19 €/KG","img":"https://fd6-photos.leclercdrive.fr/image.ashx?id=2599964&use=l&cat=p&typeid=i","cat":327595},{"id":215716,"n":"Père Noël blanc Milka 90g","p":3.88,"u":"43,11 €/KG","img":"https://fd6-photos.leclercdrive.fr/image.ashx?id=2599946&use=l&cat=p&typeid=i","cat":327592},{"id":215718,"n":"Mini Délices Assortiment Milka 320g","p":10.87,"u":"33,97 €/KG","img":"https://fd6-photos.leclercdrive.fr/image.ashx?id=2904467&use=l&cat=p&typeid=i","cat":327597},{"id":215719,"n":"Mini délices oreo & cacao Milka 320g","p":10.62,"u":"33,19 €/KG","img":"https://fd6-photos.leclercdrive.fr/image.ashx?id=2599952&use=l&cat=p&typeid=i","cat":327597},{"id":215720,"n":"Mini délices Milka Cacao - 320g","p":10.6,"u":"33,13 €/KG","img":"https://fd6-photos.leclercdrive.fr/image.ashx?id=2916447&use=l&cat=p&typeid=i","cat":327597},{"id":215722,"n":"Boules Noël chocolat Milka Lait blanc - 350g","p":9.48,"u":"27,09 €/KG","img":"https://fd6-photos.leclercdrive.fr/image.ashx?id=2832398&use=l&cat=p&typeid=i","cat":327592},{"id":215737,"n":"Smarties chocolat Mini Figurines - 147g","p":6.06,"u":"41,22 €/KG","img":"https://fd6-photos.leclercdrive.fr/image.ashx?id=3000450&use=l&cat=p&typeid=i","cat":327592},{"id":215739,"n":"Galak Chocolat Noël Mini Figurines - 147g","p":6.0,"u":"40,82 €/KG","img":"https://fd6-photos.leclercdrive.fr/image.ashx?id=2897375&use=l&cat=p&typeid=i","cat":327592},{"id":215740,"n":"Crunch Chocolat Noël Mini Figurines - 144g","p":6.0,"u":"41,67 €/KG","img":"https://fd6-photos.leclercdrive.fr/image.ashx?id=2763987&use=l&cat=p&typeid=i","cat":327592},{"id":215764,"n":"Lutins et boules Rohan 245g","p":5.64,"u":"23,02 €/KG","img":"https://fd6-photos.leclercdrive.fr/image.ashx?id=2620296&use=l&cat=p&typeid=i","cat":327592},{"id":215765,"n":"Calisson le Roy René 235g","p":10.0,"u":"42,55 €/KG","img":"https://fd6-photos.leclercdrive.fr/image.ashx?id=2603761&use=l&cat=p&typeid=i","cat":327606},{"id":215890,"n":"Piles alcalines Varta V23GA - x2","p":2.64,"u":"1,32 €/P","img":"https://fd6-photos.leclercdrive.fr/image.ashx?id=2600770&use=l&cat=p&typeid=i","cat":300572},{"id":215899,"n":"Moules apéritives Pêche Océan - 350ml","p":2.69,"u":"7,69 €/L","img":"https://fd6-photos.leclercdrive.fr/image.ashx?id=2605008&use=l&cat=p&typeid=i","cat":285094},{"id":215900,"n":"Moules apéritives à la catalane Pêche Océan - 350ml","p":2.69,"u":"7,69 €/L","img":"https://fd6-photos.leclercdrive.fr/image.ashx?id=2605005&use=l&cat=p&typeid=i","cat":285094},{"id":215910,"n":"Bain de bouche Expert Dentamyl Blanche - 500ml","p":1.97,"u":"3,94 €/L","img":"https://fd6-photos.leclercdrive.fr/image.ashx?id=2600627&use=l&cat=p&typeid=i","cat":284613},{"id":215917,"n":"Liquide de Rinçage Finish  800ml","p":4.99,"u":"6,24 €/L","img":"https://fd6-photos.leclercdrive.fr/image.ashx?id=2864678&use=l&cat=p&typeid=i","cat":284657},{"id":215981,"n":"Petits pois D'Aucy Extra tendres - 3x560g","p":5.58,"u":"3,32 €/KG","img":"https://fd6-photos.leclercdrive.fr/image.ashx?id=2601404&use=l&cat=p&typeid=i","cat":312607},{"id":215993,"n":"Assouplissant Minidou Douceur coton - 1L","p":4.4,"u":"4,40 €/L","img":"https://fd6-photos.leclercdrive.fr/image.ashx?id=2795884&use=l&cat=p&typeid=i","cat":284650},{"id":216007,"n":"Petits pots bébé P'TIT SOUPER Quinotto carottes 8M+ - 2x200g","p":2.14,"u":"5,35 €/KG","img":"https://fd6-photos.leclercdrive.fr/image.ashx?id=2737762&use=l&cat=p&typeid=i","cat":312239},{"id":216018,"n":"Desserts Lactés P'TIT BRASSE BIO Vanille  6M+ - 4X90g","p":2.18,"u":"6,06 €/KG","img":"https://fd6-photos.leclercdrive.fr/image.ashx?id=2601208&use=l&cat=p&typeid=i","cat":312392},{"id":216021,"n":"Desserts Lactés P'TIT ONCTUEUX  Mini Fraise 6M+ - 6x50g","p":2.32,"u":"7,73 €/KG","img":"https://fd6-photos.leclercdrive.fr/image.ashx?id=2601881&use=l&cat=p&typeid=i","cat":312392},{"id":216071,"n":"Beurre Président  Doux - 60% MG - 200g","p":1.7,"u":"8,50 €/KG","img":"https://fd6-photos.leclercdrive.fr/image.ashx?id=2887683&use=l&cat=p&typeid=i","cat":284379},{"id":216072,"n":"Beurre Président Demi-sel - 60% MG - 200g","p":1.62,"u":"8,10 €/KG","img":"https://fd6-photos.leclercdrive.fr/image.ashx?id=2841265&use=l&cat=p&typeid=i","cat":284379},{"id":216093,"n":"Chips Tortilla Doritos Goût barbecue style - 160g","p":2.0,"u":"12,50 €/KG","img":"https://fd6-photos.leclercdrive.fr/image.ashx?id=2880718&use=l&cat=p&typeid=i","cat":287899},{"id":216095,"n":"Chips Tortilla Doritos Goût nacho cheese - 160g","p":1.51,"u":"9,44 €/KG","img":"https://fd6-photos.leclercdrive.fr/image.ashx?id=2990478&use=l&cat=p&typeid=i","cat":287899},{"id":216096,"n":"Chips Tortilla Doritos Goût Nature Sel - 160g","p":1.97,"u":"12,31 €/KG","img":"https://fd6-photos.leclercdrive.fr/image.ashx?id=2880715&use=l&cat=p&typeid=i","cat":287899},{"id":216097,"n":"Chips Tortilla Doritos Goût paprika - 160g","p":2.09,"u":"13,06 €/KG","img":"https://fd6-photos.leclercdrive.fr/image.ashx?id=2890091&use=l&cat=p&typeid=i","cat":287899},{"id":216098,"n":"Chips Tortilla Doritos Goût sweet chili - 160g","p":1.93,"u":"12,06 €/KG","img":"https://fd6-photos.leclercdrive.fr/image.ashx?id=2990475&use=l&cat=p&typeid=i","cat":287899},{"id":216099,"n":"Chips Tortilla Doritos Goût sour cream - 160g","p":1.98,"u":"12,38 €/KG","img":"https://fd6-photos.leclercdrive.fr/image.ashx?id=2890088&use=l&cat=p&typeid=i","cat":287899},{"id":216114,"n":"Yaourt Fruits Panier de Yoplait Abricot Nectarine - 4x125g","p":1.96,"u":"3,92 €/KG","img":"https://fd6-photos.leclercdrive.fr/image.ashx?id=2884474&use=l&cat=p&typeid=i","cat":284410},{"id":216119,"n":"Yaourt Panier de Yoplait Fruits Jaunes - 8x125g","p":2.76,"u":"2,76 €/KG","img":"https://fd6-photos.leclercdrive.fr/image.ashx?id=2811965&use=l&cat=p&typeid=i","cat":284410},{"id":216120,"n":"Yaourt Fruits Panier de Yoplait Fraise Framboise Cerise -8x125g","p":2.77,"u":"2,77 €/KG","img":"https://fd6-photos.leclercdrive.fr/image.ashx?id=2811968&use=l&cat=p&typeid=i","cat":284410},{"id":216123,"n":"Yaourt Fruits Panier de Yoplait Panaché - 16x125g","p":4.64,"u":"2,32 €/KG","img":"https://fd6-photos.leclercdrive.fr/image.ashx?id=2884489&use=l&cat=p&typeid=i","cat":284410},{"id":216125,"n":"Yaourt Panier de Yoplait Fruits Jaunes 0%Mg - 8x125g","p":2.87,"img":"https://fd6-photos.leclercdrive.fr/image.ashx?id=2733760&use=l&cat=p&typeid=i","cat":284410},{"id":216126,"n":"Yaourt Panier de Yoplait Fruits Rouges 0%Mg - 8x125g","p":2.88,"u":"2,88 €/KG","img":"https://fd6-photos.leclercdrive.fr/image.ashx?id=2830399&use=l&cat=p&typeid=i","cat":284410},{"id":216128,"n":"Yaourt Fruits Panier de Yoplait Panaché 0%Mg - 16x125g","p":4.44,"u":"2,22 €/KG","img":"https://fd6-photos.leclercdrive.fr/image.ashx?id=2884495&use=l&cat=p&typeid=i","cat":284410},{"id":216295,"n":"Raclette nature Eco+ 400g","p":3.37,"u":"8,43 €/KG","img":"https://fd6-photos.leclercdrive.fr/image.ashx?id=2611852&use=l&cat=p&typeid=i","cat":314037},{"id":216303,"n":"Riz Méditerranée Ben's original  Express 2mn - 220g","p":1.32,"u":"5,28 €/KG","img":"https://fd6-photos.leclercdrive.fr/image.ashx?id=2995301&use=l&cat=p&typeid=i","cat":287600},{"id":216325,"n":"Gel douche Adidas Active Skin & Mind - Energy Kick - 250ml","p":2.72,"u":"10,88 €/L","img":"https://fd6-photos.leclercdrive.fr/image.ashx?id=2990784&use=l&cat=p&typeid=i","cat":284619},{"id":216350,"n":"Émincés de porc au curry L'Atelier Boucherie - 300g","p":4.59,"u":"15,30 €/KG","img":"https://fd6-photos.leclercdrive.fr/image.ashx?id=2854279&use=l&cat=p&typeid=i","cat":284331},{"id":216381,"n":"Émincés de boeuf Tex-Mex L'Atelier Boucherie - 200g","p":4.79,"u":"23,95 €/KG","img":"https://fd6-photos.leclercdrive.fr/image.ashx?id=2854282&use=l&cat=p&typeid=i","cat":284328},{"id":216383,"n":"Émincés de boeuf chinois L'Atelier Boucherie - 200g","p":4.79,"u":"23,95 €/KG","img":"https://fd6-photos.leclercdrive.fr/image.ashx?id=2854288&use=l&cat=p&typeid=i","cat":284328},{"id":216395,"n":"Émincés de veau Tomates Herbes L'Atelier Boucherie - 200g","p":4.79,"u":"23,95 €/KG","img":"https://fd6-photos.leclercdrive.fr/image.ashx?id=2854285&use=l&cat=p&typeid=i","cat":284329},{"id":216401,"n":"AOC Vin rose La Cuvée Mythique 75cl","p":7.22,"u":"9,63 €/L","img":"https://fd6-photos.leclercdrive.fr/image.ashx?id=2615600&use=l&cat=p&typeid=i","cat":289558},{"id":216463,"n":"Lingettes désinfectantes St  Marc Anti-Bactériennes - x80","p":2.4,"u":"0,03 €/P","img":"https://fd6-photos.leclercdrive.fr/image.ashx?id=2811341&use=l&cat=p&typeid=i","cat":325358},{"id":216522,"n":"Fromage blanc Lindahls Protein  Pêche Passion - 2x160g","p":2.15,"u":"6,72 €/KG","img":"https://fd6-photos.leclercdrive.fr/image.ashx?id=2870197&use=l&cat=p&typeid=i","cat":284409},{"id":216596,"n":"Pâte à tartiner Andros be nuts Cacahuète croquant - 325g","p":3.38,"u":"10,40 €/KG","img":"https://fd6-photos.leclercdrive.fr/image.ashx?id=2906484&use=l&cat=p&typeid=i","cat":284481},{"id":216597,"n":"Pâte à tartiner Andros be nuts Cacahuète crémeux - 325g","p":3.33,"u":"10,25 €/KG","img":"https://fd6-photos.leclercdrive.fr/image.ashx?id=2916201&use=l&cat=p&typeid=i","cat":284481},{"id":216625,"n":"Préparation Lucien Georgelin Abricot SSA - 320g","p":3.85,"u":"1,20 €/L","img":"https://fd6-photos.leclercdrive.fr/image.ashx?id=2608836&use=l&cat=p&typeid=i","cat":284480},{"id":216626,"n":"Préparation Lucien Georgelin Fraise SSA - 320g","p":3.83,"u":"11,97 €/KG","img":"https://fd6-photos.leclercdrive.fr/image.ashx?id=2855229&use=l&cat=p&typeid=i","cat":284480},{"id":216627,"n":"Préparation Lucien Georgelin 3 agrumes SSA - 320g","p":3.8,"u":"11,88 €/KG","img":"https://fd6-photos.leclercdrive.fr/image.ashx?id=2855232&use=l&cat=p&typeid=i","cat":284480},{"id":216629,"n":"Soda Twist Pik Haribo Sachet bonbons acidulés - 190g","p":1.83,"u":"9,63 €/KG","img":"https://fd6-photos.leclercdrive.fr/image.ashx?id=2984958&use=l&cat=p&typeid=i","cat":304250},{"id":216638,"n":"Nectar multifruits Pressade Bio  - 1L","p":2.78,"u":"2,78 €/L","img":"https://fd6-photos.leclercdrive.fr/image.ashx?id=2692380&use=l&cat=p&typeid=i","cat":284917},{"id":216639,"n":"Nectar orange Pressade Bio  - 1L","p":2.77,"u":"2,77 €/L","img":"https://fd6-photos.leclercdrive.fr/image.ashx?id=2732545&use=l&cat=p&typeid=i","cat":284521},{"id":216719,"n":"Crème dessert vanille Yabon 4x120g","p":3.18,"u":"6,63 €/KG","img":"https://fd6-photos.leclercdrive.fr/image.ashx?id=2608983&use=l&cat=p&typeid=i","cat":284506},{"id":216723,"n":"Crème dessert chocolat Yabon - 4x120g","p":3.23,"u":"6,73 €/KG","img":"https://fd6-photos.leclercdrive.fr/image.ashx?id=2608986&use=l&cat=p&typeid=i","cat":284506},{"id":216724,"n":"Crème dessert Yabon Spéculoos - 4x120g","p":3.18,"u":"6,63 €/KG","img":"https://fd6-photos.leclercdrive.fr/image.ashx?id=2608989&use=l&cat=p&typeid=i","cat":284506},{"id":216741,"n":"Sauce tomate Gusti Amo Bio tomate basilic  - 350g","p":3.57,"u":"10,20 €/KG","img":"https://fd6-photos.leclercdrive.fr/image.ashx?id=2608872&use=l&cat=p&typeid=i","cat":288384},{"id":216746,"n":"Sauce tomate Gusti Amo Bio ricotta - 350g","p":3.57,"u":"10,20 €/KG","img":"https://fd6-photos.leclercdrive.fr/image.ashx?id=2608869&use=l&cat=p&typeid=i","cat":288384},{"id":216749,"n":"Sauce pesto Gusti Amo Bio Pesto verde - 130g","p":3.4,"u":"26,15 €/KG","img":"https://fd6-photos.leclercdrive.fr/image.ashx?id=2608875&use=l&cat=p&typeid=i","cat":299047},{"id":216772,"n":"Desserts Lactés P'TIT ONCTUEUX Pomme 6M+ - 4x90g","p":2.17,"u":"6,03 €/KG","img":"https://fd6-photos.leclercdrive.fr/image.ashx?id=2737765&use=l&cat=p&typeid=i","cat":312392},{"id":216999,"n":"Pétales céréales Grainea Nature - 750g","p":2.99,"u":"3,99 €/KG","img":"https://fd6-photos.leclercdrive.fr/image.ashx?id=2609438&use=l&cat=p&typeid=i","cat":309512},{"id":217003,"n":"Céréales coco pops Kellogg's Au chocolat - 550g","p":3.83,"u":"6,96 €/KG","img":"https://fd6-photos.leclercdrive.fr/image.ashx?id=2611080&use=l&cat=p&typeid=i","cat":309513},{"id":217017,"n":"Montagne St Emilion Château Angelot - 1.5L","p":15.99,"u":"10,66 €/L","img":"https://fd6-photos.leclercdrive.fr/image.ashx?id=2630061&use=l&cat=p&typeid=i","cat":289556},{"id":217023,"n":"Vin rouge Menetou Salon Domaine de Boisbelle - 75cl","p":12.5,"u":"16,67 €/L","img":"https://fd6-photos.leclercdrive.fr/image.ashx?id=2910347&use=l&cat=p&typeid=i","cat":289556},{"id":217026,"n":"AOP Savoie blanc Apremont  Domaine Philippe Viallet - 75cl","p":7.95,"u":"10,60 €/L","img":"https://fd6-photos.leclercdrive.fr/image.ashx?id=2677678&use=l&cat=p&typeid=i","cat":289557},{"id":217029,"n":"Saint-Estèphe  La Commanderie - 75cl","p":13.9,"u":"18,53 €/L","img":"https://fd6-photos.leclercdrive.fr/image.ashx?id=2615233&use=l&cat=p&typeid=i","cat":289556},{"id":217030,"n":"AOP Saint Joseph Domaine de Rochevine - 75cl","p":14.99,"u":"19,99 €/L","img":"https://fd6-photos.leclercdrive.fr/image.ashx?id=2615236&use=l&cat=p&typeid=i","cat":289556},{"id":217041,"n":"Gin London Dry Brighton's 37.5% vol - 50cl","p":13.47,"u":"26,94 €/L","img":"https://fd6-photos.leclercdrive.fr/image.ashx?id=2869883&use=l&cat=p&typeid=i","cat":284550},{"id":217042,"n":"Bitter Amaro Voltano Saveur orange 25% vol - 70cl","p":13.99,"u":"19,99 €/L","img":"https://fd6-photos.leclercdrive.fr/image.ashx?id=2613738&use=l&cat=p&typeid=i","cat":284913},{"id":217096,"n":"Boisson énergisante Crazy Tiger Tropical - 1L","p":1.99,"u":"1,99 €/L","img":"https://fd6-photos.leclercdrive.fr/image.ashx?id=2861078&use=l&cat=p&typeid=i","cat":284533},{"id":217097,"n":"Boisson énergisante Crazy Tiger Cerise - 1L","p":1.99,"u":"1,99 €/L","img":"https://fd6-photos.leclercdrive.fr/image.ashx?id=2859509&use=l&cat=p&typeid=i","cat":284533},{"id":217118,"n":"Dosettes café Senseo Espresso Intense x32","p":5.98,"u":"26,94 €/KG","img":"https://fd6-photos.leclercdrive.fr/image.ashx?id=2788055&use=l&cat=p&typeid=i","cat":293238},{"id":217119,"n":"Dosettes café Senseo Espresso Colombia x32","p":5.88,"u":"26,49 €/KG","img":"https://fd6-photos.leclercdrive.fr/image.ashx?id=2764646&use=l&cat=p&typeid=i","cat":293238},{"id":217256,"n":"Champignons de Paris blancs Panier du Primeur - 400g","p":2.39,"u":"5,98 €/KG","img":"https://fd6-photos.leclercdrive.fr/image.ashx?id=2610765&use=l&cat=p&typeid=i","cat":284352},{"id":217427,"n":"Moulage chocolat Kinder Pingouin - 35g","p":1.76,"u":"50,29 €/KG","img":"https://fd6-photos.leclercdrive.fr/image.ashx?id=2619294&use=l&cat=p&typeid=i","cat":327592},{"id":217470,"n":"Parmentier de canard confit Fleury Michon - 300g","p":4.27,"u":"14,23 €/KG","img":"https://fd6-photos.leclercdrive.fr/image.ashx?id=3003257&use=l&cat=p&typeid=i","cat":333665},{"id":217607,"n":"Les Authentiques Bistro Émile x40 - 477g","p":9.69,"pp":6.4,"u":"13,42 €/KG","img":"https://fd6-photos.leclercdrive.fr/image.ashx?id=2614059&use=l&cat=p&typeid=i","cat":319774},{"id":217610,"n":"Café en grain  Bio Village Bio Pur arabica - 500g","p":8.39,"u":"16,78 €/KG","img":"https://fd6-photos.leclercdrive.fr/image.ashx?id=2615376&use=l&cat=p&typeid=i","cat":293237},{"id":217611,"n":"Chataigne Bio Village Bio - 195g","p":3.71,"u":"19,03 €/KG","img":"https://fd6-photos.leclercdrive.fr/image.ashx?id=2613747&use=l&cat=p&typeid=i","cat":312612},{"id":217612,"n":"Café en grain Plantation Pur arabica - 1kg","p":13.06,"u":"13,06 €/KG","img":"https://fd6-photos.leclercdrive.fr/image.ashx?id=2824307&use=l&cat=p&typeid=i","cat":293237},{"id":217613,"n":"Café en grain Plantation Ethiopie - 500g","p":7.99,"u":"15,98 €/KG","img":"https://fd6-photos.leclercdrive.fr/image.ashx?id=2824310&use=l&cat=p&typeid=i","cat":293237},{"id":217615,"n":"Fèves edamame d'aucy  2x130g","p":3.7,"u":"14,23 €/KG","img":"https://fd6-photos.leclercdrive.fr/image.ashx?id=2614927&use=l&cat=p&typeid=i","cat":312606},{"id":217706,"n":"Brossettes Oral-B Pro Sensitive","p":97.06,"img":"https://fd6-photos.leclercdrive.fr/image.ashx?id=2615191&use=l&cat=p&typeid=i","cat":297133},{"id":217719,"n":"Déodorant spray Dove  Advanced Care - 2x100ml","p":5.14,"u":"25,70 €/L","img":"https://fd6-photos.leclercdrive.fr/image.ashx?id=2903872&use=l&cat=p&typeid=i","cat":284595},{"id":217721,"n":"Déodorant spray Dove Invisible Dry - 2x100ml","p":5.14,"u":"25,70 €/L","img":"https://fd6-photos.leclercdrive.fr/image.ashx?id=2903875&use=l&cat=p&typeid=i","cat":284595},{"id":217917,"n":"IGP Nids d'Alsace 500g","p":2.69,"u":"5,38 €/KG","img":"https://fd6-photos.leclercdrive.fr/image.ashx?id=2856624&use=l&cat=p&typeid=i","cat":284427},{"id":217934,"n":"Gel douche Adidas Active Skin & Mind - Cool Down - 250ml","p":2.59,"u":"10,36 €/L","img":"https://fd6-photos.leclercdrive.fr/image.ashx?id=2990775&use=l&cat=p&typeid=i","cat":284619},{"id":217936,"n":"Désodorisant diffuseur Airwick  Active Fresh Magnolia - 75ml","p":3.65,"u":"48,67 €/L","img":"https://fd6-photos.leclercdrive.fr/image.ashx?id=2616435&use=l&cat=p&typeid=i","cat":311629},{"id":217946,"n":"Détachant textile Texil Multi-usage - 500g","p":2.8,"u":"5,60 €/KG","img":"https://fd6-photos.leclercdrive.fr/image.ashx?id=2988132&use=l&cat=p&typeid=i","cat":284651},{"id":217982,"n":"Dentifrice Integral 8 Signal Complet Effet Prébiotique 75ml","p":1.72,"u":"22,93 €/L","img":"https://fd6-photos.leclercdrive.fr/image.ashx?id=2974665&use=l&cat=p&typeid=i","cat":284612},{"id":217989,"n":"Dentifrice Integral 8 Signal HaleineFraîche Prébiotique 75ml","p":2.3,"u":"30,67 €/L","img":"https://fd6-photos.leclercdrive.fr/image.ashx?id=2985660&use=l&cat=p&typeid=i","cat":284612},{"id":217991,"n":"Dentifrice Signal Integral 8 Nettoyage intense - 75ml","p":2.38,"u":"31,73 €/L","img":"https://fd6-photos.leclercdrive.fr/image.ashx?id=2818190&use=l&cat=p&typeid=i","cat":284612},{"id":217995,"n":"Dentifrice Signal Integral 8 Resist +Prébiotique - 75ml","p":2.61,"u":"34,80 €/L","img":"https://fd6-photos.leclercdrive.fr/image.ashx?id=2818199&use=l&cat=p&typeid=i","cat":284612},{"id":218000,"n":"Dentifrice Signal Système Blancheur 1 semaine - 75ml","p":1.79,"u":"23,87 €/L","img":"https://fd6-photos.leclercdrive.fr/image.ashx?id=2777516&use=l&cat=p&typeid=i","cat":284612},{"id":218001,"n":"Dentifrice Signal Système Blancheur - Charbon - 75ml","p":1.78,"u":"23,73 €/L","img":"https://fd6-photos.leclercdrive.fr/image.ashx?id=2981421&use=l&cat=p&typeid=i","cat":284612},{"id":218002,"n":"Dentifrice Signal Système Blancheur Eclat brillance 75ml","p":1.65,"u":"22,00 €/L","img":"https://fd6-photos.leclercdrive.fr/image.ashx?id=2981424&use=l&cat=p&typeid=i","cat":284612},{"id":218003,"n":"Brosse à dents Signal Integral  8 - Noir - Souple - x1","p":1.83,"img":"https://fd6-photos.leclercdrive.fr/image.ashx?id=2748707&use=l&cat=p&typeid=i","cat":284614},{"id":218033,"n":"Menu complet Hamster 800g","p":1.88,"u":"2,35 €/KG","img":"https://fd6-photos.leclercdrive.fr/image.ashx?id=2646809&use=l&cat=p&typeid=i","cat":284677},{"id":218042,"n":"Saumon naturel Pêche Océan ASC 112g","p":3.1,"u":"27,68 €/KG","img":"https://fd6-photos.leclercdrive.fr/image.ashx?id=2615937&use=l&cat=p&typeid=i","cat":305147},{"id":218059,"n":"Coquillettes d'Alsace IGP Nos Régions ont du talent -500g","p":2.49,"u":"4,98 €/KG","img":"https://fd6-photos.leclercdrive.fr/image.ashx?id=2856627&use=l&cat=p&typeid=i","cat":284427},{"id":218108,"n":"Chocolats liqueurs Abtey Collection chardons - x20  280g","p":7.95,"u":"28,39 €/KG","img":"https://fd6-photos.leclercdrive.fr/image.ashx?id=2616559&use=l&cat=p&typeid=i","cat":327601},{"id":218216,"n":"Bonbon surfizz Lutti cola - 200g","p":1.59,"u":"7,95 €/KG","img":"https://fd6-photos.leclercdrive.fr/image.ashx?id=2817446&use=l&cat=p&typeid=i","cat":304250},{"id":218231,"n":"Bonbons Krema Fruits rouges - 240g","p":2.15,"u":"8,96 €/KG","img":"https://fd6-photos.leclercdrive.fr/image.ashx?id=2618047&use=l&cat=p&typeid=i","cat":304250},{"id":218303,"n":"Haricots blancs Cassegrain 2x250g","p":3.13,"u":"6,26 €/KG","img":"https://fd6-photos.leclercdrive.fr/image.ashx?id=2953450&use=l&cat=p&typeid=i","cat":312606},{"id":218304,"n":"Cordon bleu de dinde Côté Croc 1kg","p":5.99,"u":"5,99 €/KG","img":"https://fd6-photos.leclercdrive.fr/image.ashx?id=2617319&use=l&cat=p&typeid=i","cat":333683},{"id":218305,"n":"Saucisses de Montbéliard IGP NRT - 500g","p":5.99,"u":"11,98 €/KG","img":"https://fd6-photos.leclercdrive.fr/image.ashx?id=2991509&use=l&cat=p&typeid=i","cat":316012},{"id":218330,"n":"Mini croque-monsieur Côté Table Truffe x12 - 100g","p":4.99,"u":"49,90 €/KG","img":"https://fd6-photos.leclercdrive.fr/image.ashx?id=2617383&use=l&cat=p&typeid=i","cat":319774},{"id":218331,"n":"Saumon fumé Petit Navire Écosse 10 tranches - 290g","p":10.7,"u":"36,90 €/KG","img":"https://fd6-photos.leclercdrive.fr/image.ashx?id=2950495&use=l&cat=p&typeid=i","cat":285188},{"id":218332,"n":"Pizza feu de bois Turini Montagnarde - 450g","p":3.24,"u":"7,20 €/KG","img":"https://fd6-photos.leclercdrive.fr/image.ashx?id=2816621&use=l&cat=p&typeid=i","cat":284256},{"id":218333,"n":"Yakitori poulet Ajinomoto Sauce Teriaki - 200g","p":4.99,"u":"24,95 €/KG","img":"https://fd6-photos.leclercdrive.fr/image.ashx?id=2692596&use=l&cat=p&typeid=i","cat":319774},{"id":218336,"n":"Bûche glacée Erhard Marron vanille - 420g","p":9.97,"pp":6.98,"u":"16,62 €/KG","img":"https://fd6-photos.leclercdrive.fr/image.ashx?id=2631135&use=l&cat=p&typeid=i","cat":284266},{"id":218370,"n":"Pizza Turini Poulet - 400g","p":3.35,"u":"8,38 €/KG","img":"https://fd6-photos.leclercdrive.fr/image.ashx?id=2888971&use=l&cat=p&typeid=i","cat":333679},{"id":218399,"n":"Mélange BBQ Ducros 27g","p":1.15,"u":"42,59 €/KG","img":"https://fd6-photos.leclercdrive.fr/image.ashx?id=2731552&use=l&cat=p&typeid=i","cat":298297},{"id":218423,"n":"Burrata di Bufala Les Croisés - 125g","p":2.91,"u":"23,28 €/KG","img":"https://fd6-photos.leclercdrive.fr/image.ashx?id=3009529&use=l&cat=p&typeid=i","cat":314026},{"id":218488,"n":"Pizza XXL Turini La Montagnarde - 520g","p":4.39,"u":"8,44 €/KG","img":"https://fd6-photos.leclercdrive.fr/image.ashx?id=2905943&use=l&cat=p&typeid=i","cat":333679},{"id":218490,"n":"Foie gras de canard entier Torchon Jean Larnaudie - 160g","p":27.95,"u":"174,69 €/KG","img":"https://fd6-photos.leclercdrive.fr/image.ashx?id=2916800&use=l&cat=p&typeid=i","cat":316008},{"id":218492,"n":"Brisures de saumon fumé Eco+ 150g","p":3.06,"u":"20,40 €/KG","img":"https://fd6-photos.leclercdrive.fr/image.ashx?id=3005528&use=l&cat=p&typeid=i","cat":285188},{"id":218494,"n":"Panés aux poissons Eco+ 200g","p":1.55,"u":"7,75 €/KG","img":"https://fd6-photos.leclercdrive.fr/image.ashx?id=2618706&use=l&cat=p&typeid=i","cat":284344},{"id":218518,"n":"Oeuf Kinder surprise Géant Frozen - 220g","p":12.32,"u":"56,00 €/KG","img":"https://fd6-photos.leclercdrive.fr/image.ashx?id=2764329&use=l&cat=p&typeid=i","cat":284958},{"id":218563,"n":"Sauce Tomates Cuisinées Panzani - 650G","p":2.39,"u":"3,68 €/KG","img":"https://fd6-photos.leclercdrive.fr/image.ashx?id=2977936&use=l&cat=p&typeid=i","cat":287599},{"id":218581,"n":"Pesto alla genovese Sacla 190g","p":2.72,"u":"14,32 €/KG","img":"https://fd6-photos.leclercdrive.fr/image.ashx?id=2620737&use=l&cat=p&typeid=i","cat":289010},{"id":218582,"n":"Biscuits Tentation Delacre Chocolat Boîte - 150g","p":2.92,"u":"19,47 €/KG","img":"https://fd6-photos.leclercdrive.fr/image.ashx?id=2673142&use=l&cat=p&typeid=i","cat":284490},{"id":218584,"n":"Curry madras 45G - DUCROS","p":2.07,"u":"46,00 €/KG","img":"https://fd6-photos.leclercdrive.fr/image.ashx?id=2620131&use=l&cat=p&typeid=i","cat":298297},{"id":218586,"n":"Curry korma 42G- DUCROS","p":2.3,"u":"54,76 €/KG","img":"https://fd6-photos.leclercdrive.fr/image.ashx?id=2620134&use=l&cat=p&typeid=i","cat":298297},{"id":218587,"n":"Curry tandoori 37G - DUCROS","p":2.72,"u":"73,51 €/KG","img":"https://fd6-photos.leclercdrive.fr/image.ashx?id=2620137&use=l&cat=p&typeid=i","cat":298297},{"id":218606,"n":"Maxi œuf surprise Kinder Père Noel & oiseau 100g","p":6.47,"u":"64,70 €/KG","img":"https://fd6-photos.leclercdrive.fr/image.ashx?id=2621717&use=l&cat=p&typeid=i","cat":327592},{"id":218831,"n":"Saumon fumé Delpeyrat Écosse 12 tranches - 330g","p":12.43,"u":"37,67 €/KG","img":"https://fd6-photos.leclercdrive.fr/image.ashx?id=2755348&use=l&cat=p&typeid=i","cat":285188},{"id":218833,"n":"Saumon fumé Delpeyrat Norvège - 12 tranches - 360g","p":12.43,"u":"34,53 €/KG","img":"https://fd6-photos.leclercdrive.fr/image.ashx?id=2755345&use=l&cat=p&typeid=i","cat":285188},{"id":218838,"n":"Rillettes de thon MSC Cap Océan - 140g","p":1.88,"u":"13,43 €/KG","img":"https://fd6-photos.leclercdrive.fr/image.ashx?id=3008845&use=l&cat=p&typeid=i","cat":285191},{"id":218862,"n":"Knacki Original Herta x20 - 700g","p":3.49,"u":"4,99 €/KG","img":"https://fd6-photos.leclercdrive.fr/image.ashx?id=2688848&use=l&cat=p&typeid=i","cat":316012},{"id":219039,"n":"Pétales de céréales Grainea Chocolat noir - 550g","p":2.73,"u":"4,96 €/KG","img":"https://fd6-photos.leclercdrive.fr/image.ashx?id=2917672&use=l&cat=p&typeid=i","cat":309512},{"id":219041,"n":"Pétales de céréales Grainea Chocolat au lait - 550g","p":2.58,"u":"4,69 €/KG","img":"https://fd6-photos.leclercdrive.fr/image.ashx?id=2917669&use=l&cat=p&typeid=i","cat":309512},{"id":219068,"n":"Thym Ducros 35g","p":1.67,"u":"47,71 €/KG","img":"https://fd6-photos.leclercdrive.fr/image.ashx?id=2624589&use=l&cat=p&typeid=i","cat":298297},{"id":219125,"n":"Liquide vaisselle Uni Vert Ecologique - Rose - 500ml","p":1.25,"u":"2,50 €/L","img":"https://fd6-photos.leclercdrive.fr/image.ashx?id=2999520&use=l&cat=p&typeid=i","cat":284655},{"id":219142,"n":"Lessive liquide Chanteclair Musc Blanc - 1800ml","p":7.14,"u":"3,97 €/L","img":"https://fd6-photos.leclercdrive.fr/image.ashx?id=2997298&use=l&cat=p&typeid=i","cat":284640},{"id":219478,"n":"AOP Cabernet d'Anjou Bernard Cordelier - 3L","p":11.49,"u":"3,83 €/L","img":"https://fd6-photos.leclercdrive.fr/image.ashx?id=2726694&use=l&cat=p&typeid=i","cat":289558},{"id":219483,"n":"AOP Cabernet d'Anjou  Bernard Cordelier - 75cl","p":2.99,"u":"3,99 €/L","img":"https://fd6-photos.leclercdrive.fr/image.ashx?id=2746787&use=l&cat=p&typeid=i","cat":289558},{"id":219486,"n":"Vin d'Espagne Chardonnay Bernard Cordelier - 75cl","p":1.89,"u":"2,52 €/L","img":"https://fd6-photos.leclercdrive.fr/image.ashx?id=2756858&use=l&cat=p&typeid=i","cat":289557},{"id":219490,"n":"Vin d'Espagne grenache Bernard Cordelier - 75cl","p":1.75,"u":"2,33 €/L","img":"https://fd6-photos.leclercdrive.fr/image.ashx?id=2714977&use=l&cat=p&typeid=i","cat":289558},{"id":219495,"n":"AOP Côtes du Rhône Vin  rouge Bernard Cordelier - 3L","p":7.49,"u":"2,50 €/L","img":"https://fd6-photos.leclercdrive.fr/image.ashx?id=2744359&use=l&cat=p&typeid=i","cat":289556},{"id":219500,"n":"AOP vin rouge Bordeaux  Bernard Cordelier - 3L","p":7.49,"u":"2,50 €/L","img":"https://fd6-photos.leclercdrive.fr/image.ashx?id=2825209&use=l&cat=p&typeid=i","cat":289556},{"id":219720,"n":"Oeufs de truite Ronde des Mers 80g","p":4.69,"u":"58,63 €/KG","img":"https://fd6-photos.leclercdrive.fr/image.ashx?id=2653092&use=l&cat=p&typeid=i","cat":285191},{"id":219722,"n":"Bloc de foie gras de canard Pierre de Chaumeyrac - 300g","p":16.9,"u":"56,33 €/KG","img":"https://fd6-photos.leclercdrive.fr/image.ashx?id=2804341&use=l&cat=p&typeid=i","cat":316008},{"id":219921,"n":"Saumon fumé Ronde des Mers Islande 4 tranches - 140g","p":4.99,"u":"35,64 €/KG","img":"https://fd6-photos.leclercdrive.fr/image.ashx?id=2833138&use=l&cat=p&typeid=i","cat":285188},{"id":220027,"n":"Miel Soutenons nos agriculteurs Liquide - 500 g","p":5.59,"u":"11,18 €/KG","img":"https://fd6-photos.leclercdrive.fr/image.ashx?id=2724865&use=l&cat=p&typeid=i","cat":287643},{"id":220132,"n":"Dosettes café Senseo Espresso Classique x32","p":5.9,"u":"26,82 €/KG","img":"https://fd6-photos.leclercdrive.fr/image.ashx?id=2788061&use=l&cat=p&typeid=i","cat":293238},{"id":220243,"n":"Croquettes chien  Pedigree au bœuf - 3kg","p":8.03,"u":"2,68 €/KG","img":"https://fd6-photos.leclercdrive.fr/image.ashx?id=2634328&use=l&cat=p&typeid=i","cat":284672},{"id":220245,"n":"Croquettes chien  Pedigree à la volaille - 7kg","p":19.36,"u":"2,77 €/KG","img":"https://fd6-photos.leclercdrive.fr/image.ashx?id=2813495&use=l&cat=p&typeid=i","cat":284672},{"id":220252,"n":"Croquettes chien  Pedigree à la volaille - 3kg","p":7.83,"u":"2,61 €/KG","img":"https://fd6-photos.leclercdrive.fr/image.ashx?id=2832320&use=l&cat=p&typeid=i","cat":284672},{"id":220254,"n":"Croquettes chien  Pedigree au bœuf - 7kg","p":19.26,"u":"2,75 €/KG","img":"https://fd6-photos.leclercdrive.fr/image.ashx?id=2981286&use=l&cat=p&typeid=i","cat":284672},{"id":220258,"n":"Sachet fraîcheur chat Sheba  Volaille en sauce - 40x85g","p":16.67,"u":"4,90 €/KG","img":"https://fd6-photos.leclercdrive.fr/image.ashx?id=2642729&use=l&cat=p&typeid=i","cat":285286},{"id":220269,"n":"Friandises chat Catisfactions  Herbe à chat - 60g","p":1.03,"u":"17,17 €/KG","img":"https://fd6-photos.leclercdrive.fr/image.ashx?id=2914765&use=l&cat=p&typeid=i","cat":285285},{"id":220277,"n":"Vin Mousseux Muscador Gold Label - 75cl","p":4.13,"u":"5,51 €/L","img":"https://fd6-photos.leclercdrive.fr/image.ashx?id=2646903&use=l&cat=p&typeid=i","cat":284544},{"id":220278,"n":"Vin Mousseux Muscador Pink Label - 75cl","p":4.13,"u":"5,51 €/L","img":"https://fd6-photos.leclercdrive.fr/image.ashx?id=2646906&use=l&cat=p&typeid=i","cat":284544},{"id":220286,"n":"Sachet fraîcheur chat Whiskas Festins volaille sauce - 24x85g","p":10.5,"u":"5,15 €/KG","img":"https://fd6-photos.leclercdrive.fr/image.ashx?id=2633881&use=l&cat=p&typeid=i","cat":285286},{"id":220289,"n":"Stevia en poudre Edulcorel 200g","p":2.69,"u":"13,45 €/KG","img":"https://fd6-photos.leclercdrive.fr/image.ashx?id=2632680&use=l&cat=p&typeid=i","cat":324846},{"id":220298,"n":"Bonbons Tubes Acid'  Copains Copines - 180g","p":1.39,"u":"7,72 €/KG","img":"https://fd6-photos.leclercdrive.fr/image.ashx?id=2934775&use=l&cat=p&typeid=i","cat":304250},{"id":220310,"n":"Le Traineau Glacé Erhard Chocolat noisettes - 495g","p":12.99,"u":"26,24 €/KG","img":"https://fd6-photos.leclercdrive.fr/image.ashx?id=2634151&use=l&cat=p&typeid=i","cat":284266},{"id":220350,"n":"Stevia en comprimés Edulcorel x100 - 7g","p":0.99,"u":"141,43 €/KG","img":"https://fd6-photos.leclercdrive.fr/image.ashx?id=2632915&use=l&cat=p&typeid=i","cat":324846},{"id":220386,"n":"Vodka premium Grey Goose Edition Limitée 2023 40° - 70cl","p":46.0,"u":"65,71 €/L","img":"https://fd6-photos.leclercdrive.fr/image.ashx?id=2635271&use=l&cat=p&typeid=i","cat":284550},{"id":220434,"n":"AOC Bordeaux blanc La Grande Bastide - 75cl","p":6.98,"u":"9,31 €/L","img":"https://fd6-photos.leclercdrive.fr/image.ashx?id=2639017&use=l&cat=p&typeid=i","cat":289557},{"id":220539,"n":"Raisin rosé sans pépins Panier du Primeur - 500g","p":3.99,"u":"7,98 €/KG","img":"https://fd6-photos.leclercdrive.fr/image.ashx?id=2858144&use=l&cat=p&typeid=i","cat":284356},{"id":220546,"n":"Raisin blanc sans pépins Panier du Primeur - 500g","p":3.99,"u":"7,98 €/KG","img":"https://fd6-photos.leclercdrive.fr/image.ashx?id=2858132&use=l&cat=p&typeid=i","cat":284356},{"id":220689,"n":"Dentifrice Integral 8 Signal Interdentaire Prébiotique 75ml","p":2.15,"u":"28,67 €/L","img":"https://fd6-photos.leclercdrive.fr/image.ashx?id=2940654&use=l&cat=p&typeid=i","cat":284612},{"id":220716,"n":"Boisson gazeuse Schweppes Saveur Agrumes Zéro - 4x1.5L","p":6.9,"u":"1,15 €/P","img":"https://fd6-photos.leclercdrive.fr/image.ashx?id=2852450&use=l&cat=p&typeid=i","cat":284532},{"id":220742,"n":"Savon Le Petit Marseillais  Recharge antibacterien - 250ml","p":1.43,"u":"5,72 €/L","img":"https://fd6-photos.leclercdrive.fr/image.ashx?id=2684230&use=l&cat=p&typeid=i","cat":284597},{"id":220756,"n":"Raisin noir sans pépin Panier du Primeur - 500g","p":3.49,"u":"6,98 €/KG","img":"https://fd6-photos.leclercdrive.fr/image.ashx?id=2858138&use=l&cat=p&typeid=i","cat":284356},{"id":220786,"n":"Papier toilette humide Lotus Confort - x38","p":1.68,"u":"0,04 €/P","img":"https://fd6-photos.leclercdrive.fr/image.ashx?id=2864843&use=l&cat=p&typeid=i","cat":284634},{"id":220788,"n":"Recharge crème lavante mains Le Petit Marseillais Lait 250ml","p":0.82,"u":"3,28 €/L","img":"https://fd6-photos.leclercdrive.fr/image.ashx?id=2735242&use=l&cat=p&typeid=i","cat":284597},{"id":220794,"n":"Sérum Éclat La Provençale Bio Jouvence à la Vitamine C - 30ml","p":9.92,"u":"330,67 €/L","img":"https://fd6-photos.leclercdrive.fr/image.ashx?id=2950363&use=l&cat=p&typeid=i","cat":325345},{"id":220797,"n":"Rasoirs rechargeables Bic Hybrid Flex 3 - Hommes - x4","p":4.67,"u":"1,17 €/P","img":"https://fd6-photos.leclercdrive.fr/image.ashx?id=2636066&use=l&cat=p&typeid=i","cat":284616},{"id":220799,"n":"Rasoirs rechargeables Bic Hybrid Flex 5 - Hommes - x4","p":8.66,"u":"2,17 €/P","img":"https://fd6-photos.leclercdrive.fr/image.ashx?id=2636069&use=l&cat=p&typeid=i","cat":284616},{"id":220800,"n":"Pommes rissolées Findus 1.08kg","p":3.38,"u":"3,13 €/KG","img":"https://fd6-photos.leclercdrive.fr/image.ashx?id=2843183&use=l&cat=p&typeid=i","cat":319792},{"id":220804,"n":"Rasoirs rechargeables Homme Bic Hybrid Flex 3 - x1+4 recharges","p":6.95,"u":"1,39 €/P","img":"https://fd6-photos.leclercdrive.fr/image.ashx?id=2636075&use=l&cat=p&typeid=i","cat":284616},{"id":220821,"n":"Crème lavante mains Le Petit Marseillais - Amande - 250ml","p":0.87,"u":"3,48 €/L","img":"https://fd6-photos.leclercdrive.fr/image.ashx?id=2684209&use=l&cat=p&typeid=i","cat":284597},{"id":220822,"n":"Gel lavant mains Le Petit Marseillais Antibactérien 300ml","p":1.88,"u":"6,27 €/L","img":"https://fd6-photos.leclercdrive.fr/image.ashx?id=2684557&use=l&cat=p&typeid=i","cat":284597},{"id":220823,"n":"Gel lavant mains Le Petit Marseillais - Lavande - 300ml","p":1.64,"u":"5,47 €/L","img":"https://fd6-photos.leclercdrive.fr/image.ashx?id=2684221&use=l&cat=p&typeid=i","cat":284597},{"id":220824,"n":"Crème lavante mains Le Petit Marseillais - Lait - 300ml","p":1.82,"u":"6,07 €/L","img":"https://fd6-photos.leclercdrive.fr/image.ashx?id=2684224&use=l&cat=p&typeid=i","cat":284597},{"id":220826,"n":"Gel lavant mains Le Petit  Marseillais Le cuisinier 250ml","p":1.21,"u":"4,84 €/L","img":"https://fd6-photos.leclercdrive.fr/image.ashx?id=2684560&use=l&cat=p&typeid=i","cat":284597},{"id":220827,"n":"Sérum Autobronzant Garnier Natural Bronzer visage - 30ml","p":12.03,"u":"401,00 €/L","img":"https://fd6-photos.leclercdrive.fr/image.ashx?id=2669280&use=l&cat=p&typeid=i","cat":325355},{"id":220851,"n":"Saumon fumé Ronde des Mers Écosse - 14 tranches - 490g","p":17.49,"u":"35,69 €/KG","img":"https://fd6-photos.leclercdrive.fr/image.ashx?id=2976303&use=l&cat=p&typeid=i","cat":285188},{"id":220946,"n":"Chocolat Peluche mix Kinder Pingouin - 133g","p":13.92,"u":"104,66 €/KG","img":"https://fd6-photos.leclercdrive.fr/image.ashx?id=2638072&use=l&cat=p&typeid=i","cat":327789},{"id":221109,"n":"Huile Solaire SPF50 Garnier Sublimatrice - 150ml","p":12.61,"u":"84,07 €/L","img":"https://fd6-photos.leclercdrive.fr/image.ashx?id=2669274&use=l&cat=p&typeid=i","cat":325355},{"id":221193,"n":"Gressins sésame  Eco+ 120g","p":1.04,"u":"8,32 €/KG","img":"https://fd6-photos.leclercdrive.fr/image.ashx?id=2640004&use=l&cat=p&typeid=i","cat":297000},{"id":221203,"n":"Jus multivitamines Andros 1,5L","p":4.01,"u":"2,67 €/L","img":"https://fd6-photos.leclercdrive.fr/image.ashx?id=2904269&use=l&cat=p&typeid=i","cat":284917},{"id":221205,"n":"Fromage fondu Burger Eco+ x10 - 200g","p":1.15,"u":"5,75 €/KG","img":"https://fd6-photos.leclercdrive.fr/image.ashx?id=2956960&use=l&cat=p&typeid=i","cat":314028},{"id":221208,"n":"Disques à démaquiller x120","p":0.39,"img":"https://fd6-photos.leclercdrive.fr/image.ashx?id=2640119&use=l&cat=p&typeid=i","cat":285593},{"id":221211,"n":"Milky goûter fromage enfants  Les Croisés 8 portions 280g","p":2.99,"u":"10,68 €/KG","img":"https://fd6-photos.leclercdrive.fr/image.ashx?id=2791902&use=l&cat=p&typeid=i","cat":314030},{"id":221222,"n":"Mini croustis Italian Bonduelle Aubergine poivron mozza - 240g","p":3.36,"u":"14,00 €/KG","img":"https://fd6-photos.leclercdrive.fr/image.ashx?id=2960708&use=l&cat=p&typeid=i","cat":319822},{"id":221279,"n":"Cerneaux de noix Eco+ 400g","p":4.59,"u":"11,48 €/KG","img":"https://fd6-photos.leclercdrive.fr/image.ashx?id=2768454&use=l&cat=p&typeid=i","cat":284357},{"id":221401,"n":"Saumon fumé Ronde des Mers Norvège 14 tranches - 490g","p":17.49,"u":"35,69 €/KG","img":"https://fd6-photos.leclercdrive.fr/image.ashx?id=2976300&use=l&cat=p&typeid=i","cat":285188},{"id":221493,"n":"Stevia en comprimés Eco+ x650 - 42,25g","p":1.52,"u":"36,19 €/KG","img":"https://fd6-photos.leclercdrive.fr/image.ashx?id=2641789&use=l&cat=p&typeid=i","cat":284502},{"id":221498,"n":"Infusion nuit tranquille miel Elephant - x20 - 30g","p":2.22,"u":"74,00 €/KG","img":"https://fd6-photos.leclercdrive.fr/image.ashx?id=2655650&use=l&cat=p&typeid=i","cat":293234},{"id":221505,"n":"Infusion digestion légère  Elephant - x20 - 32g","p":2.09,"u":"65,31 €/KG","img":"https://fd6-photos.leclercdrive.fr/image.ashx?id=2655653&use=l&cat=p&typeid=i","cat":293234},{"id":221507,"n":"Infusion nuit tranquille  Elephant - x20 - 30g","p":1.53,"u":"51,00 €/KG","img":"https://fd6-photos.leclercdrive.fr/image.ashx?id=2655647&use=l&cat=p&typeid=i","cat":293234},{"id":221513,"n":"Gel lavant mains Le Petit Marseillais - Olive - 250ml","p":1.05,"img":"https://fd6-photos.leclercdrive.fr/image.ashx?id=2684227&use=l&cat=p&typeid=i","cat":284597},{"id":222027,"n":"Sérum physiologique Prorhinel 2x15cl","p":6.2,"u":"20,67 €/L","img":"https://fd6-photos.leclercdrive.fr/image.ashx?id=2826834&use=l&cat=p&typeid=i","cat":284741},{"id":222036,"n":"Rasoir jetable Gillette Sensor3 Recycled - x9","p":13.51,"u":"1,50 €/P","img":"https://fd6-photos.leclercdrive.fr/image.ashx?id=2648340&use=l&cat=p&typeid=i","cat":284616},{"id":222043,"n":"Brossettes Oral-B Pro Cross action - x12","p":89.6,"u":"7,47 €/P","img":"https://fd6-photos.leclercdrive.fr/image.ashx?id=2648355&use=l&cat=p&typeid=i","cat":297133},{"id":222045,"n":"Déodorant Axe Aero Blue - Lavender - 2x150ml","p":7.86,"u":"26,20 €/L","img":"https://fd6-photos.leclercdrive.fr/image.ashx?id=2858714&use=l&cat=p&typeid=i","cat":284618},{"id":222052,"n":"Fruit de la passion 1p","p":0.69,"img":"https://fd6-photos.leclercdrive.fr/image.ashx?id=1633904&use=l&cat=p&typeid=i","cat":284356},{"id":222056,"n":"Citron vert  1p","p":0.39,"img":"https://fd6-photos.leclercdrive.fr/image.ashx?id=1628331&use=l&cat=p&typeid=i","cat":284356},{"id":222059,"n":"Oranges à déguster  1p","p":1.25,"img":"https://fd6-photos.leclercdrive.fr/image.ashx?id=1629690&use=l&cat=p&typeid=i","cat":284356},{"id":222082,"n":"Shampoing nutrition Ultra Doux Argan et Camélia - 600ml","p":5.06,"u":"8,43 €/L","img":"https://fd6-photos.leclercdrive.fr/image.ashx?id=2648781&use=l&cat=p&typeid=i","cat":284606},{"id":222083,"n":"Shampoing illuminant Ultra Doux Camomille Miel - 600ml","p":5.04,"u":"8,40 €/L","img":"https://fd6-photos.leclercdrive.fr/image.ashx?id=2926602&use=l&cat=p&typeid=i","cat":284606},{"id":222087,"n":"Shampoing Enfants Ultra Doux Abricot - 600ml","p":5.33,"u":"8,88 €/L","img":"https://fd6-photos.leclercdrive.fr/image.ashx?id=2851096&use=l&cat=p&typeid=i","cat":284606},{"id":222089,"n":"Shampoing nutrition Ultra Doux Avocat et Karité - 600ml","p":4.93,"u":"8,22 €/L","img":"https://fd6-photos.leclercdrive.fr/image.ashx?id=2944852&use=l&cat=p&typeid=i","cat":284606},{"id":222096,"n":"Pomme Pink Lady  1p","p":0.89,"img":"https://fd6-photos.leclercdrive.fr/image.ashx?id=2121659&use=l&cat=p&typeid=i","cat":284356},{"id":222101,"n":"Melon jaune  1p","p":2.99,"img":"https://fd6-photos.leclercdrive.fr/image.ashx?id=1636377&use=l&cat=p&typeid=i","cat":284356},{"id":222113,"n":"Fenouil  1p","p":1.25,"img":"https://fd6-photos.leclercdrive.fr/image.ashx?id=612612&use=l&cat=p&typeid=i","cat":284352},{"id":222126,"n":"Courgette ronde  1p","p":0.85,"img":"https://fd6-photos.leclercdrive.fr/image.ashx?id=1631976&use=l&cat=p&typeid=i","cat":284352},{"id":222131,"n":"Poivron doux vert  1p","p":0.59,"img":"https://fd6-photos.leclercdrive.fr/image.ashx?id=1633202&use=l&cat=p&typeid=i","cat":284352},{"id":222132,"n":"Poivron doux jaune  1p","p":0.75,"img":"https://fd6-photos.leclercdrive.fr/image.ashx?id=1631227&use=l&cat=p&typeid=i","cat":284352},{"id":222148,"n":"Echalote longue  La pièce","p":0.85,"img":"https://fd6-photos.leclercdrive.fr/image.ashx?id=1631940&use=l&cat=p&typeid=i","cat":284352},{"id":222171,"n":"Citron  1p","p":0.49,"img":"https://fd6-photos.leclercdrive.fr/image.ashx?id=1628602&use=l&cat=p&typeid=i","cat":284356},{"id":222179,"n":"Pomelo rouge 1p","p":0.69,"img":"https://fd6-photos.leclercdrive.fr/image.ashx?id=1636326&use=l&cat=p&typeid=i","cat":284356},{"id":222181,"n":"Grenade 1p","p":0.79,"img":"https://fd6-photos.leclercdrive.fr/image.ashx?id=1633898&use=l&cat=p&typeid=i","cat":284356},{"id":222217,"n":"Poire Conférence 1p","p":0.75,"img":"https://fd6-photos.leclercdrive.fr/image.ashx?id=1636641&use=l&cat=p&typeid=i","cat":284356},{"id":222224,"n":"Pomme Golden  1p","p":0.55,"img":"https://fd6-photos.leclercdrive.fr/image.ashx?id=1630966&use=l&cat=p&typeid=i","cat":284356},{"id":222229,"n":"Pomme Royal Gala  1p","p":0.55,"img":"https://fd6-photos.leclercdrive.fr/image.ashx?id=1630963&use=l&cat=p&typeid=i","cat":284356},{"id":222238,"n":"Pomme Granny Smith  1p","p":0.55,"img":"https://fd6-photos.leclercdrive.fr/image.ashx?id=1630969&use=l&cat=p&typeid=i","cat":284356},{"id":222257,"n":"Avocat  1p","p":1.19,"img":"https://fd6-photos.leclercdrive.fr/image.ashx?id=1633637&use=l&cat=p&typeid=i","cat":284352},{"id":222281,"n":"Aubergine 1p","p":0.69,"img":"https://fd6-photos.leclercdrive.fr/image.ashx?id=1631421&use=l&cat=p&typeid=i","cat":284352},{"id":222283,"n":"Courgette  1p","p":0.75,"img":"https://fd6-photos.leclercdrive.fr/image.ashx?id=1631964&use=l&cat=p&typeid=i","cat":284352},{"id":222290,"n":"Poivron doux rouge  1p","p":0.65,"img":"https://fd6-photos.leclercdrive.fr/image.ashx?id=1633094&use=l&cat=p&typeid=i","cat":284352},{"id":222298,"n":"Tomate allongée  1p","p":0.69,"img":"https://fd6-photos.leclercdrive.fr/image.ashx?id=1631200&use=l&cat=p&typeid=i","cat":284352},{"id":222303,"n":"Tomate ronde à farcir  1p","p":0.69,"img":"https://fd6-photos.leclercdrive.fr/image.ashx?id=1631239&use=l&cat=p&typeid=i","cat":284352},{"id":222326,"n":"Ail blanc  1p","p":2.55,"img":"https://fd6-photos.leclercdrive.fr/image.ashx?id=1631469&use=l&cat=p&typeid=i","cat":284352},{"id":222332,"n":"Oignon jaune  1p","p":0.59,"img":"https://fd6-photos.leclercdrive.fr/image.ashx?id=764178&use=l&cat=p&typeid=i","cat":284352},{"id":222334,"n":"Oignon rouge  1p","p":1.25,"img":"https://fd6-photos.leclercdrive.fr/image.ashx?id=2910419&use=l&cat=p&typeid=i","cat":284352},{"id":222390,"n":"Décor pour gateaux Vahiné Pirate","p":1.66,"img":"https://fd6-photos.leclercdrive.fr/image.ashx?id=2649683&use=l&cat=p&typeid=i","cat":284504},{"id":222394,"n":"Décor pour gateaux Vahiné Animaux","p":1.66,"img":"https://fd6-photos.leclercdrive.fr/image.ashx?id=2649686&use=l&cat=p&typeid=i","cat":284504},{"id":222397,"n":"Décor pour gateaux Vahiné Princesse","p":1.66,"img":"https://fd6-photos.leclercdrive.fr/image.ashx?id=2649689&use=l&cat=p&typeid=i","cat":284504},{"id":222453,"n":"Acide citrique Briochin Ecocert - 450g","p":4.23,"u":"9,40 €/KG","img":"https://fd6-photos.leclercdrive.fr/image.ashx?id=3000755&use=l&cat=p&typeid=i","cat":325365},{"id":222455,"n":"Recharge lessive détachante  savon noir 37 lavages - 1,7L","p":5.87,"u":"3,45 €/L","img":"https://fd6-photos.leclercdrive.fr/image.ashx?id=3000782&use=l&cat=p&typeid=i","cat":284640},{"id":222472,"n":"Ananas Eco+ Morceaux - Sirop léger - 340g","p":1.06,"u":"3,12 €/KG","img":"https://fd6-photos.leclercdrive.fr/image.ashx?id=2650907&use=l&cat=p&typeid=i","cat":284507},{"id":222473,"n":"Thé blanc bio Joyce Fraise menthe - 30g","p":2.4,"u":"80,00 €/KG","img":"https://fd6-photos.leclercdrive.fr/image.ashx?id=2924140&use=l&cat=p&typeid=i","cat":293233},{"id":222474,"n":"Thé blanc Bio Joyce  Saveur tarte au citron - 30g","p":2.4,"u":"80,00 €/KG","img":"https://fd6-photos.leclercdrive.fr/image.ashx?id=2651624&use=l&cat=p&typeid=i","cat":293233},{"id":222475,"n":"Thé noir Joyce Bio Earl grey fleuri - 30g","p":2.37,"u":"79,00 €/KG","img":"https://fd6-photos.leclercdrive.fr/image.ashx?id=2651627&use=l&cat=p&typeid=i","cat":293233},{"id":222476,"n":"Thé noir Joyce Bio pain grillé - 30g","p":2.34,"u":"78,00 €/KG","img":"https://fd6-photos.leclercdrive.fr/image.ashx?id=2651630&use=l&cat=p&typeid=i","cat":293233},{"id":222479,"n":"Pop corn sucre de canne Vico Micro-ondable 240g","p":2.0,"u":"8,33 €/KG","img":"https://fd6-photos.leclercdrive.fr/image.ashx?id=2651585&use=l&cat=p&typeid=i","cat":304249},{"id":222482,"n":"Mélange oiseaux du ciel Eco+ - 4kg","p":3.38,"u":"0,85 €/KG","img":"https://fd6-photos.leclercdrive.fr/image.ashx?id=2651327&use=l&cat=p&typeid=i","cat":284678},{"id":222484,"n":"Café en capsules Lavazza Qualita ORO - x10 - 55g","p":3.69,"u":"67,09 €/KG","img":"https://fd6-photos.leclercdrive.fr/image.ashx?id=2919030&use=l&cat=p&typeid=i","cat":284749},{"id":222486,"n":"Thé noir bio Joyce Pain d'épices - 30g","p":2.34,"u":"78,00 €/KG","img":"https://fd6-photos.leclercdrive.fr/image.ashx?id=2896651&use=l&cat=p&typeid=i","cat":293233},{"id":222487,"n":"Punch planteur Eco+ 70cl","p":3.97,"u":"5,67 €/L","img":"https://fd6-photos.leclercdrive.fr/image.ashx?id=2675750&use=l&cat=p&typeid=i","cat":284551},{"id":222488,"n":"AOC tuile Rivesaltes Eco+ Vin doux naturel - 75cl","p":3.22,"u":"4,29 €/L","img":"https://fd6-photos.leclercdrive.fr/image.ashx?id=2974729&use=l&cat=p&typeid=i","cat":284913},{"id":222489,"n":"Pina Colada 70cl","p":5.79,"u":"8,27 €/L","img":"https://fd6-photos.leclercdrive.fr/image.ashx?id=2650910&use=l&cat=p&typeid=i","cat":284551},{"id":222515,"n":"Chou rouge émincé Notre Jardin 250g","p":0.99,"u":"3,96 €/KG","img":"https://fd6-photos.leclercdrive.fr/image.ashx?id=2693324&use=l&cat=p&typeid=i","cat":284352},{"id":222516,"n":"Frites de poulet Maître Coq 800g","p":6.67,"u":"8,34 €/KG","img":"https://fd6-photos.leclercdrive.fr/image.ashx?id=2853931&use=l&cat=p&typeid=i","cat":333684},{"id":222582,"n":"Shampoing Restaurateur Eslève Glycolic Gloss - 200ml","p":6.5,"u":"32,50 €/L","img":"https://fd6-photos.leclercdrive.fr/image.ashx?id=2657157&use=l&cat=p&typeid=i","cat":284606},{"id":222583,"n":"Soin Cheveux Lamination Elsève Glycolic Gloss - 200ml","p":6.89,"u":"34,45 €/L","img":"https://fd6-photos.leclercdrive.fr/image.ashx?id=2656796&use=l&cat=p&typeid=i","cat":284608},{"id":222584,"n":"Pâte à tartiner Nutella 220g","p":2.41,"u":"10,95 €/KG","img":"https://fd6-photos.leclercdrive.fr/image.ashx?id=2755216&use=l&cat=p&typeid=i","cat":284481},{"id":222586,"n":"Démêlant Cheveux Elsève Glycolic Gloss - 150ml","p":6.25,"u":"41,67 €/L","img":"https://fd6-photos.leclercdrive.fr/image.ashx?id=2657160&use=l&cat=p&typeid=i","cat":284607},{"id":222589,"n":"Sérum Soin Sans Rinçage Elsève Glycolic Gloss - 150ml","p":11.6,"u":"77,33 €/L","img":"https://fd6-photos.leclercdrive.fr/image.ashx?id=2656069&use=l&cat=p&typeid=i","cat":284608},{"id":222591,"n":"Soin anti-tâches L'Oréal Paris Bright Reveal SPF50+ - 50ml","p":13.46,"u":"269,20 €/L","img":"https://fd6-photos.leclercdrive.fr/image.ashx?id=2921879&use=l&cat=p&typeid=i","cat":325345},{"id":222594,"n":"Pur jus de raisin Jafaden  90cl","p":2.21,"u":"2,46 €/L","img":"https://fd6-photos.leclercdrive.fr/image.ashx?id=2723183&use=l&cat=p&typeid=i","cat":285435},{"id":222595,"n":"Pur jus d'ananas passion  Jafaden - 90cl","p":2.29,"u":"2,54 €/L","img":"https://fd6-photos.leclercdrive.fr/image.ashx?id=2723189&use=l&cat=p&typeid=i","cat":285435},{"id":222596,"n":"Pur jus de pomme mangue Jafaden - 90cl","p":2.49,"u":"2,77 €/L","img":"https://fd6-photos.leclercdrive.fr/image.ashx?id=2723192&use=l&cat=p&typeid=i","cat":285435},{"id":222597,"n":"Sérum anti-taches L'Oréal Paris Bright Reveal - 30ml","p":12.66,"u":"422,00 €/L","img":"https://fd6-photos.leclercdrive.fr/image.ashx?id=2865881&use=l&cat=p&typeid=i","cat":325345},{"id":222598,"n":"Pur jus de pomme framboise Jafaden - 90cl","p":2.43,"u":"2,70 €/L","img":"https://fd6-photos.leclercdrive.fr/image.ashx?id=2723195&use=l&cat=p&typeid=i","cat":285435},{"id":222599,"n":"Sérum correcteur L'Oréal Paris  Age Perfect - 30ml","p":11.97,"pp":7.9,"u":"263,33 €/L","img":"https://fd6-photos.leclercdrive.fr/image.ashx?id=2664491&use=l&cat=p&typeid=i","cat":325345},{"id":222633,"n":"Pack de 5 bûches densifiées 100% feuillus - La fabrique","p":4.3,"u":"0,86 €/P","img":"https://fd6-photos.leclercdrive.fr/image.ashx?id=2652879&use=l&cat=p&typeid=i","cat":300577},{"id":222689,"n":"Lessive liquide au bicarbonate Maison Nett - 1.85L -41 lavages","p":5.71,"u":"3,09 €/L","img":"https://fd6-photos.leclercdrive.fr/image.ashx?id=2656826&use=l&cat=p&typeid=i","cat":284640},{"id":222690,"n":"Lessive Marseille et Aloe vera Maison Nett - 1.85L -41 lavages","p":5.94,"u":"3,21 €/L","img":"https://fd6-photos.leclercdrive.fr/image.ashx?id=2656829&use=l&cat=p&typeid=i","cat":284640},{"id":222702,"n":"Dentifrice Integral 8 Signal Fraîcheur Intense 75ml","p":2.39,"u":"31,87 €/L","img":"https://fd6-photos.leclercdrive.fr/image.ashx?id=2818196&use=l&cat=p&typeid=i","cat":284612},{"id":222703,"n":"Dentifrice Signal Extra fraîcheur blancheur 75ml","p":2.1,"u":"28,00 €/L","img":"https://fd6-photos.leclercdrive.fr/image.ashx?id=2938328&use=l&cat=p&typeid=i","cat":284612},{"id":222704,"n":"Dentifrice Signal Extra fraîcheur intense - 75ml","p":1.99,"u":"26,53 €/L","img":"https://fd6-photos.leclercdrive.fr/image.ashx?id=2654212&use=l&cat=p&typeid=i","cat":284612},{"id":222718,"n":"Liquide vaisselle & mains Briochin - Ecocert 500ml","p":2.89,"u":"5,78 €/L","img":"https://fd6-photos.leclercdrive.fr/image.ashx?id=3000740&use=l&cat=p&typeid=i","cat":284655},{"id":222735,"n":"Déodorant spray Dove 2x100ml","p":5.2,"u":"26,00 €/L","img":"https://fd6-photos.leclercdrive.fr/image.ashx?id=2905714&use=l&cat=p&typeid=i","cat":284595},{"id":222742,"n":"Swiffer wetjet Kit Lavable Système anti-poussière - x1","p":30.48,"pp":18.29,"img":"https://fd6-photos.leclercdrive.fr/image.ashx?id=2927708&use=l&cat=p&typeid=i","cat":325364},{"id":222778,"n":"Eau de javel La Croix Traditionnelle désinfectant- 5L","p":3.92,"u":"0,78 €/L","img":"https://fd6-photos.leclercdrive.fr/image.ashx?id=2672740&use=l&cat=p&typeid=i","cat":284661},{"id":222779,"n":"Eau de javel La Croix Traditionnelle - 1.5L","p":1.49,"u":"0,99 €/L","img":"https://fd6-photos.leclercdrive.fr/image.ashx?id=2667556&use=l&cat=p&typeid=i","cat":284661},{"id":222782,"n":"Adoucissant Soupline Lingettes Voile Sèche-linge Grand air-x20","p":2.77,"u":"0,14 €/P","img":"https://fd6-photos.leclercdrive.fr/image.ashx?id=2654435&use=l&cat=p&typeid=i","cat":325302},{"id":222820,"n":"Bonbons Haribo Pocket Assortiment mini sachets - 340g","p":3.08,"u":"9,06 €/KG","img":"https://fd6-photos.leclercdrive.fr/image.ashx?id=2654653&use=l&cat=p&typeid=i","cat":304250},{"id":222824,"n":"Carottes râpées Notre Jardin 250g","p":1.49,"u":"5,96 €/KG","img":"https://fd6-photos.leclercdrive.fr/image.ashx?id=2693321&use=l&cat=p&typeid=i","cat":284353},{"id":222826,"n":"Chou blanc carotte Notre Jardin 250g","p":1.51,"u":"6,04 €/KG","img":"https://fd6-photos.leclercdrive.fr/image.ashx?id=2680830&use=l&cat=p&typeid=i","cat":284353},{"id":222839,"n":"Duo mâche et betterave Notre Jardin - 175g","p":1.32,"u":"7,54 €/KG","img":"https://fd6-photos.leclercdrive.fr/image.ashx?id=2693330&use=l&cat=p&typeid=i","cat":284353},{"id":222841,"n":"Mâche Bio Village Bio - 100g","p":1.89,"u":"18,90 €/KG","img":"https://fd6-photos.leclercdrive.fr/image.ashx?id=2663302&use=l&cat=p&typeid=i","cat":284353},{"id":222842,"n":"Acide citrique Clair 500g","p":2.99,"u":"5,98 €/KG","img":"https://fd6-photos.leclercdrive.fr/image.ashx?id=2822147&use=l&cat=p&typeid=i","cat":325365},{"id":222843,"n":"Liquide vaisselle Uni vert Ecolo amande - 500ml","p":1.15,"u":"2,30 €/L","img":"https://fd6-photos.leclercdrive.fr/image.ashx?id=2999523&use=l&cat=p&typeid=i","cat":284655},{"id":222844,"n":"Gel douche Le Petit Marseillais Fleur de tiaré - 650ml","p":3.28,"u":"5,05 €/L","img":"https://fd6-photos.leclercdrive.fr/image.ashx?id=2656060&use=l&cat=p&typeid=i","cat":284594},{"id":222846,"n":"Gel douche Le Petit Marseillais Cerise & jasmin - 250ml","p":1.77,"u":"7,08 €/L","img":"https://fd6-photos.leclercdrive.fr/image.ashx?id=2685198&use=l&cat=p&typeid=i","cat":284594},{"id":222849,"n":"Mélange gourmand Notre Jardin 320g","p":1.58,"u":"4,94 €/KG","img":"https://fd6-photos.leclercdrive.fr/image.ashx?id=2693333&use=l&cat=p&typeid=i","cat":284353},{"id":222854,"n":"Lingette lavable Swiffer Wetj Wetjet - Microfibre - x1","p":8.65,"pp":5.19,"img":"https://fd6-photos.leclercdrive.fr/image.ashx?id=2656240&use=l&cat=p&typeid=i","cat":325364},{"id":222860,"n":"Pommes bicolores Eco+ x4","p":0.99,"u":"0,25 €/P","img":"https://fd6-photos.leclercdrive.fr/image.ashx?id=2928210&use=l&cat=p&typeid=i","cat":284356},{"id":222899,"n":"Dentifrice Sensodyne Email renforcé - 75ml","p":6.38,"u":"85,07 €/L","img":"https://fd6-photos.leclercdrive.fr/image.ashx?id=2997208&use=l&cat=p&typeid=i","cat":284612},{"id":222942,"n":"Les Palmiers snack Tokapi Fromage gouda edam - 75g","p":1.87,"u":"24,93 €/KG","img":"https://fd6-photos.leclercdrive.fr/image.ashx?id=2656396&use=l&cat=p&typeid=i","cat":297000},{"id":222958,"n":"Sérum bio So'Bio Etic Anti-âge global - Argan - 30ml","p":16.99,"u":"566,33 €/L","img":"https://fd6-photos.leclercdrive.fr/image.ashx?id=2977480&use=l&cat=p&typeid=i","cat":325345},{"id":222959,"n":"Soin jour bio So'Bio Etic Anti-tâches - Lys - 50ml","p":18.25,"u":"365,00 €/L","img":"https://fd6-photos.leclercdrive.fr/image.ashx?id=3000207&use=l&cat=p&typeid=i","cat":325345},{"id":222960,"n":"Soin nuit bio So'Bio Etic Peeling - Anti-tâche - Lys 50ml","p":18.37,"u":"367,40 €/L","img":"https://fd6-photos.leclercdrive.fr/image.ashx?id=2997019&use=l&cat=p&typeid=i","cat":325345},{"id":222961,"n":"Soin regard So'Bio Etic Lift Grenade bio - 15ml","p":11.99,"u":"799,33 €/L","img":"https://fd6-photos.leclercdrive.fr/image.ashx?id=2787113&use=l&cat=p&typeid=i","cat":325345},{"id":222964,"n":"Colin d'Alaska MSC Pêche Océan Façon Fish & Chips - 400g","p":2.69,"u":"6,73 €/KG","img":"https://fd6-photos.leclercdrive.fr/image.ashx?id=2856211&use=l&cat=p&typeid=i","cat":319788},{"id":223024,"n":"Shampooing Herbal Essences Aloe - 250ml","p":3.48,"u":"13,92 €/L","img":"https://fd6-photos.leclercdrive.fr/image.ashx?id=2748671&use=l&cat=p&typeid=i","cat":284606},{"id":223028,"n":"Shampooing Herbal Essences Coconut - 250ml","p":3.48,"u":"13,92 €/L","img":"https://fd6-photos.leclercdrive.fr/image.ashx?id=2677600&use=l&cat=p&typeid=i","cat":284606},{"id":223035,"n":"Shampooing Herbal Essences Rose - 250ml","p":3.48,"u":"13,92 €/L","img":"https://fd6-photos.leclercdrive.fr/image.ashx?id=2737819&use=l&cat=p&typeid=i","cat":284606},{"id":223108,"n":"Oeufs frais sol Eco+ x30","p":4.93,"u":"0,16 €/P","img":"https://fd6-photos.leclercdrive.fr/image.ashx?id=2724817&use=l&cat=p&typeid=i","cat":284378},{"id":223115,"n":"Muesli amande sans gluten bio  Terres et Céréales - 500g","p":4.92,"u":"9,84 €/KG","img":"https://fd6-photos.leclercdrive.fr/image.ashx?id=2659352&use=l&cat=p&typeid=i","cat":309512},{"id":223146,"n":"Bière de Flandre 3 Monts Triple - 6x33cl   9.5%vol.","p":7.35,"u":"3,71 €/L","img":"https://fd6-photos.leclercdrive.fr/image.ashx?id=2661051&use=l&cat=p&typeid=i","cat":334852},{"id":223157,"n":"Vinaigre blanc 5L - 10°","p":3.57,"u":"0,71 €/L","img":"https://fd6-photos.leclercdrive.fr/image.ashx?id=2659792&use=l&cat=p&typeid=i","cat":298543},{"id":223229,"n":"Dentifrice Parodontax Réparation active gencives 75ml","p":5.45,"u":"72,67 €/L","img":"https://fd6-photos.leclercdrive.fr/image.ashx?id=2917534&use=l&cat=p&typeid=i","cat":284612},{"id":223274,"n":"Gel nettoyant WC Antikal - 750ml","p":2.96,"u":"3,95 €/L","img":"https://fd6-photos.leclercdrive.fr/image.ashx?id=2728864&use=l&cat=p&typeid=i","cat":284662},{"id":223279,"n":"Bière Houthakker 75cl","p":3.79,"u":"5,05 €/L","img":"https://fd6-photos.leclercdrive.fr/image.ashx?id=2833480&use=l&cat=p&typeid=i","cat":334872},{"id":223280,"n":"Bière ambrée 3 Monts 6x33cl","p":7.35,"u":"3,71 €/L","img":"https://fd6-photos.leclercdrive.fr/image.ashx?id=2661688&use=l&cat=p&typeid=i","cat":334852},{"id":223365,"n":"Boisson aux fruits Jafun Multifruits - 4x20cl","p":1.44,"u":"1,80 €/L","img":"https://fd6-photos.leclercdrive.fr/image.ashx?id=2992570&use=l&cat=p&typeid=i","cat":295018},{"id":223392,"n":"Boisson aux fruits Jafun Fruits rouges - 4x20cl","p":1.44,"u":"1,80 €/L","img":"https://fd6-photos.leclercdrive.fr/image.ashx?id=2992573&use=l&cat=p&typeid=i","cat":295018},{"id":223394,"n":"Boisson aux fruits Jafun Tropical - 4x20cl","p":1.49,"u":"1,86 €/L","img":"https://fd6-photos.leclercdrive.fr/image.ashx?id=2992576&use=l&cat=p&typeid=i","cat":295018},{"id":223396,"n":"Boisson aux fruits Jafun Pomme cassis framboise 10x20cl","p":3.35,"u":"1,68 €/L","img":"https://fd6-photos.leclercdrive.fr/image.ashx?id=2992594&use=l&cat=p&typeid=i","cat":295018},{"id":223401,"n":"Bâtonnets Manger Main Bio Yooji Fraise banane avoine - 150g","p":4.2,"u":"28,00 €/KG","img":"https://fd6-photos.leclercdrive.fr/image.ashx?id=2662475&use=l&cat=p&typeid=i","cat":290631},{"id":223402,"n":"Bâtonnets Manger Main Bio Yooji Mangue banane avoine - 150g","p":3.77,"u":"25,13 €/KG","img":"https://fd6-photos.leclercdrive.fr/image.ashx?id=2662478&use=l&cat=p&typeid=i","cat":312394},{"id":223444,"n":"Shampoing 2en1 Fructis Force et brillance - 300ml","p":2.77,"u":"9,23 €/L","img":"https://fd6-photos.leclercdrive.fr/image.ashx?id=2669268&use=l&cat=p&typeid=i","cat":284606},{"id":223445,"n":"Shampoing fortifiant Fructis Force et Brillance - 300ml","p":2.77,"u":"9,23 €/L","img":"https://fd6-photos.leclercdrive.fr/image.ashx?id=2669271&use=l&cat=p&typeid=i","cat":284606},{"id":223499,"n":"Ketchup Rustica 390g","p":1.09,"u":"2,79 €/KG","img":"https://fd6-photos.leclercdrive.fr/image.ashx?id=2954391&use=l&cat=p&typeid=i","cat":284455},{"id":223500,"n":"Mais croquant Notre Jardin 2x285g","p":1.7,"u":"2,98 €/KG","img":"https://fd6-photos.leclercdrive.fr/image.ashx?id=3005694&use=l&cat=p&typeid=i","cat":312611},{"id":223520,"n":"Biscuit sablé bio  Nocciolata Fourré pâte à tartiner - 250g","p":3.38,"u":"13,52 €/KG","img":"https://fd6-photos.leclercdrive.fr/image.ashx?id=2664244&use=l&cat=p&typeid=i","cat":284488},{"id":223521,"n":"Biscuit bio  Nocciolata bianca Fourré pâte à tartiner - 250g","p":3.38,"u":"13,52 €/KG","img":"https://fd6-photos.leclercdrive.fr/image.ashx?id=2664554&use=l&cat=p&typeid=i","cat":284487},{"id":223528,"n":"Culotte menstruelle Feel Natural - Noir - Taille XS","p":13.08,"pp":7.85,"img":"https://fd6-photos.leclercdrive.fr/image.ashx?id=2795216&use=l&cat=p&typeid=i","cat":284624},{"id":223533,"n":"Culotte menstruelle Feel Natural - Noir - Taille XL","p":13.08,"pp":7.85,"img":"https://fd6-photos.leclercdrive.fr/image.ashx?id=2830642&use=l&cat=p&typeid=i","cat":284624},{"id":223534,"n":"Culotte menstruelle Feel Natural - Noir - Taille XXL","p":13.08,"pp":7.85,"img":"https://fd6-photos.leclercdrive.fr/image.ashx?id=2664503&use=l&cat=p&typeid=i","cat":284624},{"id":223537,"n":"Bloc Energy 5 WC Net Actions - Brise aquatique - 38g","p":1.98,"u":"52,11 €/KG","img":"https://fd6-photos.leclercdrive.fr/image.ashx?id=2664449&use=l&cat=p&typeid=i","cat":284662},{"id":223538,"n":"Bloc Energy 5 actions WC Net Javel Agrumes et iris - 38g","p":1.93,"u":"50,79 €/KG","img":"https://fd6-photos.leclercdrive.fr/image.ashx?id=2664452&use=l&cat=p&typeid=i","cat":284662},{"id":223539,"n":"Bloc Energy 5 actions WC Net Fraîcheur givrée et menthe 38g","p":1.75,"u":"46,05 €/KG","img":"https://fd6-photos.leclercdrive.fr/image.ashx?id=2664455&use=l&cat=p&typeid=i","cat":284662},{"id":223540,"n":"Bloc Energy 5 actions WC Net Lavande et patchouli - 38g","p":2.25,"u":"59,21 €/KG","img":"https://fd6-photos.leclercdrive.fr/image.ashx?id=2664458&use=l&cat=p&typeid=i","cat":284662},{"id":223541,"n":"Bloc Energy 5 actions WC Net Citronniers et tilleul - 38g","p":1.99,"u":"52,37 €/KG","img":"https://fd6-photos.leclercdrive.fr/image.ashx?id=2664461&use=l&cat=p&typeid=i","cat":284662},{"id":223542,"n":"Bloc Energy WC Net Eau bleue / Marine fresh 40g","p":2.11,"u":"52,75 €/KG","img":"https://fd6-photos.leclercdrive.fr/image.ashx?id=2664464&use=l&cat=p&typeid=i","cat":284662},{"id":223554,"n":"Tablettes WC Harpic  Power Plus Fraicheur Active- x6","p":3.26,"u":"24,15 €/KG","img":"https://fd6-photos.leclercdrive.fr/image.ashx?id=2665391&use=l&cat=p&typeid=i","cat":284662},{"id":223561,"n":"Culottes fuites urinaires Always Discreet - Taille L x11","p":9.96,"u":"0,91 €/P","img":"https://fd6-photos.leclercdrive.fr/image.ashx?id=2927032&use=l&cat=p&typeid=i","cat":284628},{"id":223563,"n":"Culottes fuites urinaires Always Discreet Noir - L x8","p":10.65,"u":"1,33 €/P","img":"https://fd6-photos.leclercdrive.fr/image.ashx?id=2685432&use=l&cat=p&typeid=i","cat":284628},{"id":223574,"n":"Serviettes fuites urinaires Always Discreet - Nuit - x12","p":8.46,"u":"0,71 €/P","img":"https://fd6-photos.leclercdrive.fr/image.ashx?id=2685459&use=l&cat=p&typeid=i","cat":284628},{"id":223578,"n":"Serviettes fuites urinaires Always Discreet - Long - x26","p":9.41,"u":"0,36 €/P","img":"https://fd6-photos.leclercdrive.fr/image.ashx?id=2685465&use=l&cat=p&typeid=i","cat":284628},{"id":223579,"n":"Serviettes fuites urinaires Always Discreet - Long+ - x8","p":3.85,"u":"0,48 €/P","img":"https://fd6-photos.leclercdrive.fr/image.ashx?id=3005386&use=l&cat=p&typeid=i","cat":284628},{"id":223581,"n":"Serviettes fuites urinaires Always Discreet - Long+ - x16","p":8.22,"u":"0,51 €/P","img":"https://fd6-photos.leclercdrive.fr/image.ashx?id=2685471&use=l&cat=p&typeid=i","cat":284628},{"id":223583,"n":"Serviettes fuites urinaires Always Discreet - Normal - x12","p":3.62,"u":"0,30 €/P","img":"https://fd6-photos.leclercdrive.fr/image.ashx?id=2665517&use=l&cat=p&typeid=i","cat":284628},{"id":223586,"n":"Serviettes fuites urinaires Always Discreet - Taille S x20","p":4.22,"u":"0,21 €/P","img":"https://fd6-photos.leclercdrive.fr/image.ashx?id=3009221&use=l&cat=p&typeid=i","cat":284628},{"id":223588,"n":"Serviettes fuites urinaires Always Discreet - Nuit - x16","p":9.34,"u":"0,58 €/P","img":"https://fd6-photos.leclercdrive.fr/image.ashx?id=2680479&use=l&cat=p&typeid=i","cat":284628},{"id":223589,"n":"Serviettes fuites urinaires Always Discreet - x8","p":5.74,"u":"0,72 €/P","img":"https://fd6-photos.leclercdrive.fr/image.ashx?id=2953995&use=l&cat=p&typeid=i","cat":284628},{"id":223603,"n":"Fil dentaire Dentamyl Cire menthe - 80m","p":2.72,"u":"0,03 €/MT","img":"https://fd6-photos.leclercdrive.fr/image.ashx?id=2672888&use=l&cat=p&typeid=i","cat":285159},{"id":223604,"n":"Shampoing fortifiant Fructis Antipelliculaire - 300ml","p":2.77,"u":"9,23 €/L","img":"https://fd6-photos.leclercdrive.fr/image.ashx?id=2667862&use=l&cat=p&typeid=i","cat":284606},{"id":223605,"n":"Crème Douche Hydratation Cadum Peaux Sèches - 500ml","p":2.46,"u":"4,92 €/L","img":"https://fd6-photos.leclercdrive.fr/image.ashx?id=2739318&use=l&cat=p&typeid=i","cat":284594},{"id":223611,"n":"Désodorisant Febreze Petit coin Fleur naissante - 7.5ml","p":3.2,"u":"400,00 €/L","img":"https://fd6-photos.leclercdrive.fr/image.ashx?id=2955230&use=l&cat=p&typeid=i","cat":311628},{"id":223612,"n":"Désodorisant Febreze Petit coin Linge frais - 7.5ml","p":3.86,"u":"482,50 €/L","img":"https://fd6-photos.leclercdrive.fr/image.ashx?id=2955233&use=l&cat=p&typeid=i","cat":311628},{"id":223613,"n":"Désodorisant Febreze Petit coin Coton - 7.5ml","p":3.2,"u":"400,00 €/L","img":"https://fd6-photos.leclercdrive.fr/image.ashx?id=2955236&use=l&cat=p&typeid=i","cat":311628},{"id":223631,"n":"Huile précieuse Gliss Hair Repair - Schwarzkopf - 75ml","p":6.43,"u":"85,73 €/L","img":"https://fd6-photos.leclercdrive.fr/image.ashx?id=2665274&use=l&cat=p&typeid=i","cat":284608},{"id":223633,"n":"Brossettes Oral-B Pro  Cross Action 4x2","p":56.6,"u":"7,08 €/P","img":"https://fd6-photos.leclercdrive.fr/image.ashx?id=2664848&use=l&cat=p&typeid=i","cat":297133},{"id":223635,"n":"Brossettes Oral-B Pro Sensitive - 4x2","p":56.6,"u":"7,08 €/P","img":"https://fd6-photos.leclercdrive.fr/image.ashx?id=2670122&use=l&cat=p&typeid=i","cat":297133},{"id":223648,"n":"Rasoir Gillette Skinguard + 1 recharge - Aloe vera - x1","p":10.59,"img":"https://fd6-photos.leclercdrive.fr/image.ashx?id=2665499&use=l&cat=p&typeid=i","cat":284616},{"id":223649,"n":"Shampooing Head & shoulder 2-en-1 - Classic - 300ml","p":4.69,"u":"15,63 €/L","img":"https://fd6-photos.leclercdrive.fr/image.ashx?id=2863003&use=l&cat=p&typeid=i","cat":284606},{"id":223650,"n":"Shampooing Head & shoulder 1in1 - Classic - 330ml","p":4.74,"u":"14,36 €/L","img":"https://fd6-photos.leclercdrive.fr/image.ashx?id=2859962&use=l&cat=p&typeid=i","cat":284606},{"id":223654,"n":"Shampooing Head & shoulders 2en1 - Anti-démangeaisons 300ml","p":4.84,"u":"16,13 €/L","img":"https://fd6-photos.leclercdrive.fr/image.ashx?id=2828964&use=l&cat=p&typeid=i","cat":284606},{"id":223661,"n":"Pains au chocolat Croustipate  x6 - 275g","p":2.7,"u":"9,82 €/KG","img":"https://fd6-photos.leclercdrive.fr/image.ashx?id=2902055&use=l&cat=p&typeid=i","cat":333681},{"id":223688,"n":"tasse Barbie tasse Barbie 34g","p":5.74,"u":"168,82 €/KG","img":"https://fd6-photos.leclercdrive.fr/image.ashx?id=2677537&use=l&cat=p&typeid=i","cat":327789},{"id":223764,"n":"licorne ROHAN moulage décoré","p":5.19,"u":"22,09 €/KG","img":"https://fd6-photos.leclercdrive.fr/image.ashx?id=2666039&use=l&cat=p&typeid=i","cat":327592},{"id":223820,"n":"Moulage chocolat Kinder 35g","p":1.76,"u":"50,29 €/KG","img":"https://fd6-photos.leclercdrive.fr/image.ashx?id=2688785&use=l&cat=p&typeid=i","cat":327592},{"id":223826,"n":"Moulage avec surprise Kinder Chocolat - 36g","p":2.17,"u":"60,28 €/KG","img":"https://fd6-photos.leclercdrive.fr/image.ashx?id=2993158&use=l&cat=p&typeid=i","cat":327592},{"id":223834,"n":"Shampooing Head & shoulders Apple fresh - 330ml","p":5.1,"u":"15,45 €/L","img":"https://fd6-photos.leclercdrive.fr/image.ashx?id=2668767&use=l&cat=p&typeid=i","cat":284606},{"id":223839,"n":"Shampooing Head & shoulders 1in1 - Anti-démangeaisons 330ml","p":5.28,"u":"16,00 €/L","img":"https://fd6-photos.leclercdrive.fr/image.ashx?id=2681329&use=l&cat=p&typeid=i","cat":284606},{"id":223850,"n":"Déodorant Spray Femme Narta Anti-Trace Blanche 48h - 200ml","p":2.36,"u":"11,80 €/L","img":"https://fd6-photos.leclercdrive.fr/image.ashx?id=2678589&use=l&cat=p&typeid=i","cat":284595},{"id":223851,"n":"Déodorant Spray Homme 48h Narta Fraîcheur Classique - 200mL","p":2.37,"u":"11,85 €/L","img":"https://fd6-photos.leclercdrive.fr/image.ashx?id=2675511&use=l&cat=p&typeid=i","cat":284618},{"id":223852,"n":"Déodorant Spray Homme Sans Alcool - Anti-transpirant 200ml","p":2.37,"u":"11,85 €/L","img":"https://fd6-photos.leclercdrive.fr/image.ashx?id=2681880&use=l&cat=p&typeid=i","cat":284618},{"id":223853,"n":"Déodorant Spray Femme Narta Fraîcheur Cologne 48h - 200ml","p":2.36,"u":"11,80 €/L","img":"https://fd6-photos.leclercdrive.fr/image.ashx?id=2678592&use=l&cat=p&typeid=i","cat":284595},{"id":223855,"n":"Déodorant Spray Homme 48h Narta Anti-Traces Blanches - 200ml","p":2.37,"u":"11,85 €/L","img":"https://fd6-photos.leclercdrive.fr/image.ashx?id=2681883&use=l&cat=p&typeid=i","cat":284618},{"id":223857,"n":"Déodorant Spray Femme Narta 48h Sans Alcool - 200ML","p":2.36,"u":"11,80 €/L","img":"https://fd6-photos.leclercdrive.fr/image.ashx?id=2680242&use=l&cat=p&typeid=i","cat":284595},{"id":223883,"n":"Gel cheveux Taft  Effet mouillé - 300ml","p":3.95,"u":"13,17 €/L","img":"https://fd6-photos.leclercdrive.fr/image.ashx?id=2666773&use=l&cat=p&typeid=i","cat":284609},{"id":223884,"n":"Brossettes Dentamyl Perfect angle - x2","p":6.99,"u":"3,50 €/P","img":"https://fd6-photos.leclercdrive.fr/image.ashx?id=2824298&use=l&cat=p&typeid=i","cat":297133},{"id":223893,"n":"Lingettes de nettoyage Swiffer Wet Jet - x12","p":7.19,"pp":4.31,"u":"0,36 €/P","img":"https://fd6-photos.leclercdrive.fr/image.ashx?id=2948525&use=l&cat=p&typeid=i","cat":325364},{"id":223925,"n":"Riz Long grain Ben's original Vrac 10mn - 1kg","p":2.93,"u":"2,93 €/KG","img":"https://fd6-photos.leclercdrive.fr/image.ashx?id=2990961&use=l&cat=p&typeid=i","cat":284428},{"id":223945,"n":"Boudin blanc artisanal cèpes Lartigue et fils - 250g","p":5.79,"pp":4.05,"u":"16,20 €/KG","img":"https://fd6-photos.leclercdrive.fr/image.ashx?id=2667049&use=l&cat=p&typeid=i","cat":316012},{"id":223965,"n":"Ampoule LED Foxter Standard - E27 60W  - Chaud x1","p":4.99,"u":"Dont 0,29 € d'éco-part.","img":"https://fd6-photos.leclercdrive.fr/image.ashx?id=2670491&use=l&cat=p&typeid=i","cat":300573},{"id":223966,"n":"Ampoule LED Foxter Standard - E27 60W - Froid - x1","p":4.99,"u":"Dont 0,29 € d'éco-part.","img":"https://fd6-photos.leclercdrive.fr/image.ashx?id=2670494&use=l&cat=p&typeid=i","cat":300573},{"id":223968,"n":"Ampoule LED Foxter Standard - E27 60W - Chaud x1","p":4.99,"u":"Dont 0,29 € d'éco-part.","img":"https://fd6-photos.leclercdrive.fr/image.ashx?id=2670497&use=l&cat=p&typeid=i","cat":300573},{"id":223975,"n":"Ampoule LED Foxter Standard - B22 60W - Chaud - x1","p":4.99,"u":"Dont 0,29 € d'éco-part.","img":"https://fd6-photos.leclercdrive.fr/image.ashx?id=2670482&use=l&cat=p&typeid=i","cat":300573},{"id":223976,"n":"Ampoule LED Foxter Flamme - E14 40W - Chaud  x1","p":4.49,"u":"Dont 0,29 € d'éco-part.","img":"https://fd6-photos.leclercdrive.fr/image.ashx?id=2670485&use=l&cat=p&typeid=i","cat":300573},{"id":223977,"n":"Ampoule LED Foxter Flamme - E14 40W - Froid x1","p":4.49,"u":"Dont 0,29 € d'éco-part.","img":"https://fd6-photos.leclercdrive.fr/image.ashx?id=2670488&use=l&cat=p&typeid=i","cat":300573},{"id":223978,"n":"Ampoule LED Foxter Spot - GU10 35W - Chaud x1","p":2.99,"u":"Dont 0,29 € d'éco-part.","img":"https://fd6-photos.leclercdrive.fr/image.ashx?id=2670500&use=l&cat=p&typeid=i","cat":300573},{"id":223979,"n":"Ampoule LED Foxter Spot - GU10 35W - Froid x1","p":2.99,"u":"Dont 0,29 € d'éco-part.","img":"https://fd6-photos.leclercdrive.fr/image.ashx?id=2669753&use=l&cat=p&typeid=i","cat":300573},{"id":223980,"n":"Ampoules Eco+ Standard - E27 60W - Chaud x3","p":3.19,"u":"Dont 1,15 € d'éco-part.","img":"https://fd6-photos.leclercdrive.fr/image.ashx?id=2670479&use=l&cat=p&typeid=i","cat":300573},{"id":224064,"n":"Mini bâtonnets surimi MSC Fleury Michon - 230g","p":2.59,"u":"11,26 €/KG","img":"https://fd6-photos.leclercdrive.fr/image.ashx?id=2936914&use=l&cat=p&typeid=i","cat":285189},{"id":224076,"n":"Eponges grattantes vertes Nicols - x3","p":1.85,"u":"0,62 €/P","img":"https://fd6-photos.leclercdrive.fr/image.ashx?id=2770720&use=l&cat=p&typeid=i","cat":284667},{"id":224082,"n":"Biscuits croquants Délichoc Chocolat au lait pocket - 250g","p":3.17,"u":"12,68 €/KG","img":"https://fd6-photos.leclercdrive.fr/image.ashx?id=2682192&use=l&cat=p&typeid=i","cat":284488},{"id":224140,"n":"Bun's jambon ketchup McCain 460g","p":3.5,"u":"7,61 €/KG","img":"https://fd6-photos.leclercdrive.fr/image.ashx?id=2741180&use=l&cat=p&typeid=i","cat":319822},{"id":224141,"n":"Bun's bolognaise McCain 460g","p":3.68,"u":"8,00 €/KG","img":"https://fd6-photos.leclercdrive.fr/image.ashx?id=2750675&use=l&cat=p&typeid=i","cat":319822},{"id":224143,"n":"Bun's Burger McCain 460g","p":3.78,"u":"8,22 €/KG","img":"https://fd6-photos.leclercdrive.fr/image.ashx?id=2741183&use=l&cat=p&typeid=i","cat":319822},{"id":224144,"n":"Bun's jambon 4 fromages McCain 460g","p":4.11,"u":"8,93 €/KG","img":"https://fd6-photos.leclercdrive.fr/image.ashx?id=2668111&use=l&cat=p&typeid=i","cat":319822},{"id":224146,"n":"Bun's Raclette McCain 460g","p":4.04,"u":"8,78 €/KG","img":"https://fd6-photos.leclercdrive.fr/image.ashx?id=2750678&use=l&cat=p&typeid=i","cat":319822},{"id":224240,"n":"Dentifrice L'Arbre vert Blancheur - Mente - 75ml","p":2.61,"u":"34,80 €/L","img":"https://fd6-photos.leclercdrive.fr/image.ashx?id=2892805&use=l&cat=p&typeid=i","cat":284612},{"id":224248,"n":"Eau micellaire So'Bio Etic Hydratante Bio 500ml","p":5.37,"u":"10,74 €/L","img":"https://fd6-photos.leclercdrive.fr/image.ashx?id=2669235&use=l&cat=p&typeid=i","cat":284603},{"id":224255,"n":"Recharches lames Wilkinson Intuition complete - x3","p":10.75,"u":"3,58 €/P","img":"https://fd6-photos.leclercdrive.fr/image.ashx?id=2669337&use=l&cat=p&typeid=i","cat":325352},{"id":224263,"n":"Monster Energy zéro sucres 50cl","p":1.58,"u":"3,16 €/L","img":"https://fd6-photos.leclercdrive.fr/image.ashx?id=2669358&use=l&cat=p&typeid=i","cat":284533},{"id":224275,"n":"Crème pieds Scholl Réparatrice - 2x75ml","p":5.88,"u":"39,20 €/L","img":"https://fd6-photos.leclercdrive.fr/image.ashx?id=2670044&use=l&cat=p&typeid=i","cat":325354},{"id":224350,"n":"Mascara L'Oréal Panorama - Noir - x1","p":11.95,"img":"https://fd6-photos.leclercdrive.fr/image.ashx?id=2973538&use=l&cat=p&typeid=i","cat":287029},{"id":224352,"n":"Rouge à lèvres L'Oréal Paris Color Riche 302 Bois de rose","p":12.86,"img":"https://fd6-photos.leclercdrive.fr/image.ashx?id=3014431&use=l&cat=p&typeid=i","cat":287029},{"id":224353,"n":"Eosine Mercurochrome 2% Solution aquese - 100ml","p":3.77,"u":"37,70 €/L","img":"https://fd6-photos.leclercdrive.fr/image.ashx?id=2670710&use=l&cat=p&typeid=i","cat":284630},{"id":224354,"n":"Répulsif Anti-moustiques  Marie Rose - Végétale 100ml","p":7.49,"u":"74,90 €/L","img":"https://fd6-photos.leclercdrive.fr/image.ashx?id=2670713&use=l&cat=p&typeid=i","cat":299654},{"id":224357,"n":"Coloration Permanente Garnier 3.0 Châtain Foncé Chocolat Noir","p":12.9,"img":"https://fd6-photos.leclercdrive.fr/image.ashx?id=2752122&use=l&cat=p&typeid=i","cat":288899},{"id":224359,"n":"Crème Visage Homme Nivea Men Anti-taches Power 2en1 - 50ml","p":13.4,"pp":8.84,"u":"176,80 €/L","img":"https://fd6-photos.leclercdrive.fr/image.ashx?id=3014617&use=l&cat=p&typeid=i","cat":284622},{"id":224360,"n":"Sérum Visage Homme Nivea Men Anti-taches Power 2en1 - 30ml","p":14.62,"pp":9.65,"u":"321,67 €/L","img":"https://fd6-photos.leclercdrive.fr/image.ashx?id=2944915&use=l&cat=p&typeid=i","cat":284622},{"id":224361,"n":"Lait Corps Anti-taches  Nivea Anti-vergeture Luminous - 200ml","p":11.36,"u":"56,80 €/L","img":"https://fd6-photos.leclercdrive.fr/image.ashx?id=2689049&use=l&cat=p&typeid=i","cat":325349},{"id":224362,"n":"Huile Corps Anti-taches  Nivea Anti-vergeture Luminous - 100ml","p":11.18,"u":"111,80 €/L","img":"https://fd6-photos.leclercdrive.fr/image.ashx?id=2689052&use=l&cat=p&typeid=i","cat":325349},{"id":224363,"n":"Piles alcalines Eco+ LR03 - x4","p":0.7,"u":"0,18 €/P","img":"https://fd6-photos.leclercdrive.fr/image.ashx?id=2714829&use=l&cat=p&typeid=i","cat":300572},{"id":224506,"n":"Tasse céramique Hulk Avengers Chocolat - 34g","p":5.65,"u":"166,18 €/KG","img":"https://fd6-photos.leclercdrive.fr/image.ashx?id=2671595&use=l&cat=p&typeid=i","cat":327789},{"id":224507,"n":"Tasse céramique Avengers Iron Man - Chocolat - 34g","p":5.65,"u":"166,18 €/KG","img":"https://fd6-photos.leclercdrive.fr/image.ashx?id=2671598&use=l&cat=p&typeid=i","cat":327789},{"id":224670,"n":"Eau minérale naturelle Hépar 6x75cl","p":3.9,"u":"0,87 €/L","img":"https://fd6-photos.leclercdrive.fr/image.ashx?id=2673361&use=l&cat=p&typeid=i","cat":284535},{"id":224706,"n":"Gnocchi star à poêler Lustucru  300g","p":1.82,"u":"6,07 €/KG","img":"https://fd6-photos.leclercdrive.fr/image.ashx?id=2921630&use=l&cat=p&typeid=i","cat":333682},{"id":224717,"n":"Gnocchi roll à poêler Lustucru Cheddar bacon - 280g","p":2.43,"u":"8,68 €/KG","img":"https://fd6-photos.leclercdrive.fr/image.ashx?id=2995121&use=l&cat=p&typeid=i","cat":333682},{"id":224762,"n":"Infusion Elephant  Douce elimination - x20 - 36g","p":2.22,"u":"61,67 €/KG","img":"https://fd6-photos.leclercdrive.fr/image.ashx?id=2677633&use=l&cat=p&typeid=i","cat":293234},{"id":224783,"n":"Liqueur Rivière du Mat L'Onctueux - 70cl","p":13.24,"u":"18,91 €/L","img":"https://fd6-photos.leclercdrive.fr/image.ashx?id=2693539&use=l&cat=p&typeid=i","cat":286032},{"id":224787,"n":"Liqueur Rivière du Mat Vanille Bourbon 17° - 70cl","p":12.93,"u":"18,47 €/L","img":"https://fd6-photos.leclercdrive.fr/image.ashx?id=2740001&use=l&cat=p&typeid=i","cat":286032},{"id":224790,"n":"Préservatifs Durex Pleasure Me Standard x20","p":12.02,"u":"0,60 €/P","img":"https://fd6-photos.leclercdrive.fr/image.ashx?id=2964974&use=l&cat=p&typeid=i","cat":284631},{"id":224805,"n":"Biscuits Kinder Kinderini Nature et cacao - 250g","p":2.95,"u":"11,80 €/KG","img":"https://fd6-photos.leclercdrive.fr/image.ashx?id=2708372&use=l&cat=p&typeid=i","cat":284488},{"id":224808,"n":"Riz Citron Ben's original  Express 2mn - 220g","p":1.29,"u":"5,86 €/KG","img":"https://fd6-photos.leclercdrive.fr/image.ashx?id=2906442&use=l&cat=p&typeid=i","cat":287600},{"id":224818,"n":"Riz Basmati Ben's original  Express 2mn - 220g","p":1.23,"u":"5,59 €/KG","img":"https://fd6-photos.leclercdrive.fr/image.ashx?id=2995292&use=l&cat=p&typeid=i","cat":287600},{"id":224830,"n":"Riz Complet Ben's original Vrac 12mn - 1kg","p":4.31,"u":"4,31 €/KG","img":"https://fd6-photos.leclercdrive.fr/image.ashx?id=2886307&use=l&cat=p&typeid=i","cat":284428},{"id":224863,"n":"Vinaigre ménager multi-usages Citron - Le Droguiste - 1L","p":1.48,"u":"1,48 €/L","img":"https://fd6-photos.leclercdrive.fr/image.ashx?id=2675076&use=l&cat=p&typeid=i","cat":325365},{"id":224873,"n":"Riz Paella Ben's original Express 2mn - 220g","p":1.6,"u":"7,27 €/KG","img":"https://fd6-photos.leclercdrive.fr/image.ashx?id=2995310&use=l&cat=p&typeid=i","cat":287600},{"id":224874,"n":"Riz Champignons Ben's original Express 2mn - 220g","p":1.32,"u":"6,00 €/KG","img":"https://fd6-photos.leclercdrive.fr/image.ashx?id=2995307&use=l&cat=p&typeid=i","cat":287600},{"id":224877,"n":"Riz Cantonais Ben's original  Express 2mn - 220g","p":1.48,"u":"6,73 €/KG","img":"https://fd6-photos.leclercdrive.fr/image.ashx?id=2995304&use=l&cat=p&typeid=i","cat":287600},{"id":224879,"n":"Riz Curry Ben's original Express 2mn - 220g","p":1.51,"u":"6,86 €/KG","img":"https://fd6-photos.leclercdrive.fr/image.ashx?id=2906433&use=l&cat=p&typeid=i","cat":287600},{"id":224880,"n":"Riz aux Légumes Ben's original Express 2mn - 220g","p":1.55,"u":"7,05 €/KG","img":"https://fd6-photos.leclercdrive.fr/image.ashx?id=2906430&use=l&cat=p&typeid=i","cat":287600},{"id":224882,"n":"Riz Long grain Ben's original  Sachet cuisson 10mn - 1kg","p":2.99,"u":"2,99 €/KG","img":"https://fd6-photos.leclercdrive.fr/image.ashx?id=2957272&use=l&cat=p&typeid=i","cat":284428},{"id":224916,"n":"Biscuits speculoos Eco+ 600g","p":1.59,"u":"2,65 €/KG","img":"https://fd6-photos.leclercdrive.fr/image.ashx?id=2675058&use=l&cat=p&typeid=i","cat":284487},{"id":224926,"n":"Ketchup Bio Village Bio - 330g","p":1.09,"u":"3,30 €/KG","img":"https://fd6-photos.leclercdrive.fr/image.ashx?id=2958374&use=l&cat=p&typeid=i","cat":284455},{"id":224930,"n":"Lait d'avoine Bjorg Bio Vanille - 1L","p":2.39,"u":"2,39 €/L","img":"https://fd6-photos.leclercdrive.fr/image.ashx?id=2906253&use=l&cat=p&typeid=i","cat":316067},{"id":224931,"n":"Boisson soja Bjorg Bio Proteines - 1L","p":2.39,"u":"2,39 €/L","img":"https://fd6-photos.leclercdrive.fr/image.ashx?id=2939469&use=l&cat=p&typeid=i","cat":316067},{"id":224932,"n":"Boisson végétale Bjorg Bio noisettes sans sucres - 1L","p":2.39,"u":"2,39 €/L","img":"https://fd6-photos.leclercdrive.fr/image.ashx?id=2939466&use=l&cat=p&typeid=i","cat":316067},{"id":224935,"n":"Barquette chat Sheba  Mixte en sauce - 12x85g","p":7.08,"img":"https://fd6-photos.leclercdrive.fr/image.ashx?id=2870248&use=l&cat=p&typeid=i","cat":285286},{"id":224937,"n":"Plat en morceaux Bledina 200g","p":2.36,"u":"11,80 €/KG","img":"https://fd6-photos.leclercdrive.fr/image.ashx?id=2866298&use=l&cat=p&typeid=i","cat":312239},{"id":224938,"n":"Liqueur au rhum Valois & Cie Mangue & abricot - 70cl","p":18.8,"u":"26,86 €/L","img":"https://fd6-photos.leclercdrive.fr/image.ashx?id=2954803&use=l&cat=p&typeid=i","cat":284550},{"id":224939,"n":"Liqueur au rhum Valoie & Cie FRamboise - 70cl","p":18.8,"u":"26,86 €/L","img":"https://fd6-photos.leclercdrive.fr/image.ashx?id=2954806&use=l&cat=p&typeid=i","cat":284550},{"id":224941,"n":"Champagne Veuve Clicquot Brut - 12,5% - 75cl","p":43.49,"u":"57,99 €/L","img":"https://fd6-photos.leclercdrive.fr/image.ashx?id=2675070&use=l&cat=p&typeid=i","cat":284542},{"id":224970,"n":"Camembert Eco+ 240g","p":1.34,"u":"5,58 €/KG","img":"https://fd6-photos.leclercdrive.fr/image.ashx?id=2675036&use=l&cat=p&typeid=i","cat":314033},{"id":224976,"n":"Shampooing Kératine Ogx Du brésil Cheveux frisés 385ml","p":6.74,"u":"17,51 €/L","img":"https://fd6-photos.leclercdrive.fr/image.ashx?id=2805075&use=l&cat=p&typeid=i","cat":284606},{"id":224980,"n":"Après-shamppoing Kératine OGX Du Brésil Cheveux frisés 385ml","p":6.74,"u":"17,51 €/L","img":"https://fd6-photos.leclercdrive.fr/image.ashx?id=2805078&use=l&cat=p&typeid=i","cat":284607},{"id":224983,"n":"Dentifrice Sensodyne Soin blancheur - 2x75ml","p":5.54,"u":"36,93 €/L","img":"https://fd6-photos.leclercdrive.fr/image.ashx?id=2921085&use=l&cat=p&typeid=i","cat":284612},{"id":224996,"n":"Crème de douche So'Bio Etic Amande Bio - 650ml","p":6.07,"u":"9,34 €/L","img":"https://fd6-photos.leclercdrive.fr/image.ashx?id=2850599&use=l&cat=p&typeid=i","cat":284594},{"id":225010,"n":"Sac poubelle coulissant Alfapac Ultra-résistant x10 - 50L","p":3.0,"img":"https://fd6-photos.leclercdrive.fr/image.ashx?id=2676693&use=l&cat=p&typeid=i","cat":285168},{"id":225026,"n":"Lait demi-écrémé bio Éleveurs Hauts-de-France - 1L","p":1.25,"u":"1,25 €/L","img":"https://fd6-photos.leclercdrive.fr/image.ashx?id=2676057&use=l&cat=p&typeid=i","cat":284377},{"id":225046,"n":"Huile à barbe homme King C. Gillette - 30ml","p":8.59,"u":"286,33 €/L","img":"https://fd6-photos.leclercdrive.fr/image.ashx?id=2746358&use=l&cat=p&typeid=i","cat":284622},{"id":225053,"n":"Lames Gillette Fusion Proglide x12","p":44.82,"u":"3,74 €/P","img":"https://fd6-photos.leclercdrive.fr/image.ashx?id=2676231&use=l&cat=p&typeid=i","cat":284616},{"id":225217,"n":"Infusion Nuit Calme Yogi Bio x15 - 27g","p":2.42,"u":"89,63 €/KG","img":"https://fd6-photos.leclercdrive.fr/image.ashx?id=2677486&use=l&cat=p&typeid=i","cat":293234},{"id":225218,"n":"Thé Chaï aux Epices Yogi Bio  x15 - 27g","p":2.66,"u":"88,67 €/KG","img":"https://fd6-photos.leclercdrive.fr/image.ashx?id=2677483&use=l&cat=p&typeid=i","cat":293234},{"id":225248,"n":"Tartine céréales Gerblé  Matin - 125g","p":1.66,"u":"13,28 €/KG","img":"https://fd6-photos.leclercdrive.fr/image.ashx?id=2688866&use=l&cat=p&typeid=i","cat":318651},{"id":225250,"n":"Recettes du Marché Tramier  Marinade Citron & Thym 150g","p":2.9,"u":"19,33 €/KG","img":"https://fd6-photos.leclercdrive.fr/image.ashx?id=2882617&use=l&cat=p&typeid=i","cat":284458},{"id":225254,"n":"Complément alimentaires  Juvamine  articulations","p":5.76,"u":"360,00 €/KG","img":"https://fd6-photos.leclercdrive.fr/image.ashx?id=2960153&use=l&cat=p&typeid=i","cat":313217},{"id":225256,"n":"Recettes du Marché Tramier  Basilic Herbes de Provence 150g","p":2.84,"u":"18,93 €/KG","img":"https://fd6-photos.leclercdrive.fr/image.ashx?id=2882611&use=l&cat=p&typeid=i","cat":284450},{"id":225276,"n":"Galette moelleuse tigrée Choco blanc - St Michel - 180g","p":1.92,"u":"10,67 €/KG","img":"https://fd6-photos.leclercdrive.fr/image.ashx?id=2953501&use=l&cat=p&typeid=i","cat":284495},{"id":225309,"n":"Bière blonde Kronenbourg 4,2° - 30x25cl","p":15.53,"u":"2,07 €/L","img":"https://fd6-photos.leclercdrive.fr/image.ashx?id=2992759&use=l&cat=p&typeid=i","cat":334873},{"id":225311,"n":"Boisson Tropico Orange Ananas - 1.25 L","p":1.7,"u":"1,36 €/L","img":"https://fd6-photos.leclercdrive.fr/image.ashx?id=2977702&use=l&cat=p&typeid=i","cat":295018},{"id":225313,"n":"Complément alimentaire Juvamine Charbon - x40 - 16g","p":6.08,"u":"380,00 €/KG","img":"https://fd6-photos.leclercdrive.fr/image.ashx?id=2785853&use=l&cat=p&typeid=i","cat":313217},{"id":225334,"n":"Complément alimentaire Vitavea Magnesium vitamine B6","p":3.04,"u":"0,07 €/P","img":"https://fd6-photos.leclercdrive.fr/image.ashx?id=2814548&use=l&cat=p&typeid=i","cat":313217},{"id":225358,"n":"Dentifrice Colgate Tonigencyl Gencive - 3x75ml","p":5.99,"u":"26,62 €/L","img":"https://fd6-photos.leclercdrive.fr/image.ashx?id=2679452&use=l&cat=p&typeid=i","cat":284612},{"id":225359,"n":"Culottes menstruelles Feel Natural - Taille xs - x3","p":10.82,"img":"https://fd6-photos.leclercdrive.fr/image.ashx?id=2679287&use=l&cat=p&typeid=i","cat":284624},{"id":225374,"n":"Pizza L'Ovale Sodebo Poulet cheddar - 200g","p":1.84,"u":"9,20 €/KG","img":"https://fd6-photos.leclercdrive.fr/image.ashx?id=2995124&use=l&cat=p&typeid=i","cat":333679},{"id":225440,"n":"Duo de poissons Fleury Michon Riz cuisiné sauce citron - 280g","p":2.84,"u":"10,14 €/KG","img":"https://fd6-photos.leclercdrive.fr/image.ashx?id=3003266&use=l&cat=p&typeid=i","cat":333665},{"id":225441,"n":"Fusilli au poulet Fleury Michon Sauce champignons - 280g","p":2.79,"u":"9,96 €/KG","img":"https://fd6-photos.leclercdrive.fr/image.ashx?id=3003233&use=l&cat=p&typeid=i","cat":333665},{"id":225445,"n":"Les tranches Fleury Michon Pois chiches x4 - 120g","p":2.12,"u":"17,67 €/KG","img":"https://fd6-photos.leclercdrive.fr/image.ashx?id=2902007&use=l&cat=p&typeid=i","cat":316036},{"id":225446,"n":"Les tranches Fleury Michon Lentilles corail  x4 - 120g","p":2.13,"u":"17,75 €/KG","img":"https://fd6-photos.leclercdrive.fr/image.ashx?id=2900905&use=l&cat=p&typeid=i","cat":316036},{"id":225447,"n":"Les tranches Fleury Michon Haricots blancs x4 - 120g","p":2.15,"u":"17,92 €/KG","img":"https://fd6-photos.leclercdrive.fr/image.ashx?id=2902010&use=l&cat=p&typeid=i","cat":316036},{"id":225461,"n":"Déodorant Bille Homme 48h Narta Anti-traces - 50ml","p":2.36,"u":"47,20 €/L","img":"https://fd6-photos.leclercdrive.fr/image.ashx?id=2681859&use=l&cat=p&typeid=i","cat":284618},{"id":225462,"n":"Déodorant Bille Femme Narta Anti-Transpirant 48h - 50ml","p":2.36,"u":"47,20 €/L","img":"https://fd6-photos.leclercdrive.fr/image.ashx?id=2681862&use=l&cat=p&typeid=i","cat":284595},{"id":225463,"n":"Déodorant Bille Homme 48h Narta Fraîcheur Polaire - 50ml","p":2.36,"u":"47,20 €/L","img":"https://fd6-photos.leclercdrive.fr/image.ashx?id=2681865&use=l&cat=p&typeid=i","cat":284618},{"id":225464,"n":"Déodorant Bille bio Femme Narta Sans Alcool - 50ml","p":2.36,"u":"47,20 €/L","img":"https://fd6-photos.leclercdrive.fr/image.ashx?id=2681868&use=l&cat=p&typeid=i","cat":284595},{"id":225465,"n":"Déodorant Bille Femme Narta Anti-Traces 48h - 50ml","p":2.4,"u":"48,00 €/L","img":"https://fd6-photos.leclercdrive.fr/image.ashx?id=2681871&use=l&cat=p&typeid=i","cat":284595},{"id":225466,"n":"Déodorant Bille Femme Narta Anti-Traces Sans alcool - 50ml","p":2.36,"u":"47,20 €/L","img":"https://fd6-photos.leclercdrive.fr/image.ashx?id=2681874&use=l&cat=p&typeid=i","cat":284595},{"id":225467,"n":"Déodorant Bille Homme 48h Narta Invisible Sans Alcool - 50ml","p":4.36,"u":"87,20 €/L","img":"https://fd6-photos.leclercdrive.fr/image.ashx?id=2681877&use=l&cat=p&typeid=i","cat":284618},{"id":225468,"n":"Déodorant Bille Homme 48h Narta Anti-Traces Blanches - 50ml","p":2.39,"u":"47,80 €/L","img":"https://fd6-photos.leclercdrive.fr/image.ashx?id=2681886&use=l&cat=p&typeid=i","cat":284618},{"id":225471,"n":"Brossettes Oral-B Ultimate Clean - x4","p":37.59,"u":"9,40 €/P","img":"https://fd6-photos.leclercdrive.fr/image.ashx?id=2682409&use=l&cat=p&typeid=i","cat":297133},{"id":225496,"n":"Empanadas Haché végétal Hari&Co  Et poivrons rouges - 120g","p":3.99,"u":"33,25 €/KG","img":"https://fd6-photos.leclercdrive.fr/image.ashx?id=2903608&use=l&cat=p&typeid=i","cat":316036},{"id":225608,"n":"Triangolo Fromage enfants vache Les Croisés 8 portions - 140g","p":1.19,"u":"8,50 €/KG","img":"https://fd6-photos.leclercdrive.fr/image.ashx?id=2791917&use=l&cat=p&typeid=i","cat":314030},{"id":225614,"n":"Désinfectant Sanytol Eucalyptus - Multi-usage 500ml","p":2.15,"u":"4,30 €/L","img":"https://fd6-photos.leclercdrive.fr/image.ashx?id=2894800&use=l&cat=p&typeid=i","cat":325357},{"id":225615,"n":"Chips NRT Sel du Morbihan - 125g","p":1.79,"u":"14,32 €/KG","img":"https://fd6-photos.leclercdrive.fr/image.ashx?id=2771432&use=l&cat=p&typeid=i","cat":284447},{"id":225616,"n":"Chips NRT Piment d'espelette - 125g","p":1.99,"u":"15,92 €/KG","img":"https://fd6-photos.leclercdrive.fr/image.ashx?id=2771435&use=l&cat=p&typeid=i","cat":284447},{"id":225617,"n":"Désinfectant Sanytol Pamplemousse Multi-usage 500ml","p":2.82,"u":"5,64 €/L","img":"https://fd6-photos.leclercdrive.fr/image.ashx?id=2682144&use=l&cat=p&typeid=i","cat":325357},{"id":225619,"n":"Désinfectant nettoyant Sanytol Multi-surfaces - Eucalyptus 1L","p":2.03,"u":"2,03 €/L","img":"https://fd6-photos.leclercdrive.fr/image.ashx?id=2866319&use=l&cat=p&typeid=i","cat":284907},{"id":225622,"n":"Lingettes optiques - Nettoyant lunettes x52","p":1.33,"u":"0,03 €/P","img":"https://fd6-photos.leclercdrive.fr/image.ashx?id=2681536&use=l&cat=p&typeid=i","cat":288862},{"id":225623,"n":"Lingettes optiques - Nettoyant  lunettes x30","p":1.29,"u":"0,04 €/P","img":"https://fd6-photos.leclercdrive.fr/image.ashx?id=2681539&use=l&cat=p&typeid=i","cat":288862},{"id":225642,"n":"Batonnet de glace Ferrero  Rocher lait noisettes - x6 300g","p":5.12,"u":"17,07 €/KG","img":"https://fd6-photos.leclercdrive.fr/image.ashx?id=2964036&use=l&cat=p&typeid=i","cat":284265},{"id":225645,"n":"Crêpes au caramel Whaou x8 - 256g","p":2.34,"u":"9,14 €/KG","img":"https://fd6-photos.leclercdrive.fr/image.ashx?id=2962869&use=l&cat=p&typeid=i","cat":284494},{"id":225647,"n":"Maïs Géant Vert extra tendre sans résidu pesticides - 3x140g","p":2.48,"u":"5,90 €/KG","img":"https://fd6-photos.leclercdrive.fr/image.ashx?id=2977366&use=l&cat=p&typeid=i","cat":312611},{"id":225653,"n":"Mini pots Häagen-Dazs  Delight collection x4 - 324g","p":5.69,"u":"17,56 €/KG","img":"https://fd6-photos.leclercdrive.fr/image.ashx?id=2893489&use=l&cat=p&typeid=i","cat":284725},{"id":225655,"n":"Huile d'olive Terra Delyssa Vierge extra - 75cl","p":8.59,"u":"11,45 €/L","img":"https://fd6-photos.leclercdrive.fr/image.ashx?id=2686153&use=l&cat=p&typeid=i","cat":284453},{"id":225657,"n":"Mon Huile d'Olive Tramier  Subtile 1l","p":11.65,"u":"11,65 €/L","img":"https://fd6-photos.leclercdrive.fr/image.ashx?id=2834047&use=l&cat=p&typeid=i","cat":284453},{"id":225662,"n":"Purée lisse petits pois Yooji Bio - 4 mois - 400g","p":3.85,"u":"9,63 €/KG","img":"https://fd6-photos.leclercdrive.fr/image.ashx?id=2683187&use=l&cat=p&typeid=i","cat":319805},{"id":225700,"n":"Bière blonde Leffe Prestige 124 8,5% - 6x25cl","p":7.4,"u":"4,93 €/L","img":"https://fd6-photos.leclercdrive.fr/image.ashx?id=2695007&use=l&cat=p&typeid=i","cat":334852},{"id":225703,"n":"Aérosol répulsif Raid Moustiques - 300ml","p":3.12,"u":"10,40 €/L","img":"https://fd6-photos.leclercdrive.fr/image.ashx?id=2736385&use=l&cat=p&typeid=i","cat":298368},{"id":225706,"n":"Aérosol répulsif Raid Fourmis et cafards - 300ml","p":3.04,"u":"10,13 €/L","img":"https://fd6-photos.leclercdrive.fr/image.ashx?id=2736382&use=l&cat=p&typeid=i","cat":298368},{"id":225707,"n":"Piège Raid Mites alimentaires - x2","p":2.47,"u":"1,24 €/P","img":"https://fd6-photos.leclercdrive.fr/image.ashx?id=2683257&use=l&cat=p&typeid=i","cat":298368},{"id":225709,"n":"Piège lumineux Raid Essentials Diffuseur - Insectes - x1","p":12.81,"img":"https://fd6-photos.leclercdrive.fr/image.ashx?id=2911549&use=l&cat=p&typeid=i","cat":298368},{"id":225710,"n":"Piège lumineux Raid Essentials Recharge - Insectes volants x2","p":7.21,"u":"3,61 €/P","img":"https://fd6-photos.leclercdrive.fr/image.ashx?id=2798218&use=l&cat=p&typeid=i","cat":298368},{"id":225732,"n":"Bonbons Haribo méga fête Assortiment mini sachets - 880g","p":8.82,"u":"10,02 €/KG","img":"https://fd6-photos.leclercdrive.fr/image.ashx?id=2984961&use=l&cat=p&typeid=i","cat":304250},{"id":225734,"n":"Tablette chocolat au lait Noisettes et amandes - 100g","p":2.94,"u":"29,40 €/KG","img":"https://fd6-photos.leclercdrive.fr/image.ashx?id=2683835&use=l&cat=p&typeid=i","cat":284497},{"id":225743,"n":"Coloration Permanente Garnier Color Sensation 1.0 Noir","p":4.3,"img":"https://fd6-photos.leclercdrive.fr/image.ashx?id=2684254&use=l&cat=p&typeid=i","cat":288899},{"id":225744,"n":"Coloration Permanente Garnier 2.10 Noir Bleuté","p":4.39,"img":"https://fd6-photos.leclercdrive.fr/image.ashx?id=2684242&use=l&cat=p&typeid=i","cat":288899},{"id":225745,"n":"Coloration Permanente Garnier Color Sensation 4.0 Châtain","p":4.08,"img":"https://fd6-photos.leclercdrive.fr/image.ashx?id=2684245&use=l&cat=p&typeid=i","cat":288899},{"id":225747,"n":"Coloration Permanente Garnier 5.35 Châtain Clair Cannelle","p":4.39,"img":"https://fd6-photos.leclercdrive.fr/image.ashx?id=2684251&use=l&cat=p&typeid=i","cat":288899},{"id":225749,"n":"Masque Lissant Ultra Doux Eau de Riz - 340ml","p":5.0,"u":"14,71 €/L","img":"https://fd6-photos.leclercdrive.fr/image.ashx?id=2684233&use=l&cat=p&typeid=i","cat":284608},{"id":225751,"n":"Shampoing Lissant Ultra Doux Cheveux longs - 250ml","p":2.42,"u":"9,68 €/L","img":"https://fd6-photos.leclercdrive.fr/image.ashx?id=2684236&use=l&cat=p&typeid=i","cat":284606},{"id":225752,"n":"Après-shampooing Garnier Ultra Doux - Eau de riz - 200ml","p":2.76,"u":"13,80 €/L","img":"https://fd6-photos.leclercdrive.fr/image.ashx?id=2684239&use=l&cat=p&typeid=i","cat":284607},{"id":225755,"n":"Crème dépilatoire Veet Men Peaux sensibles - 400ml","p":8.86,"u":"22,15 €/L","img":"https://fd6-photos.leclercdrive.fr/image.ashx?id=2785448&use=l&cat=p&typeid=i","cat":284617},{"id":225766,"n":"Shampooing OGX Huile argan Maroc - 385ml","p":6.97,"u":"18,10 €/L","img":"https://fd6-photos.leclercdrive.fr/image.ashx?id=2805081&use=l&cat=p&typeid=i","cat":284606},{"id":225768,"n":"Protèges-slips Eco+ A plat -  Normal - x50","p":0.87,"u":"0,02 €/P","img":"https://fd6-photos.leclercdrive.fr/image.ashx?id=2684688&use=l&cat=p&typeid=i","cat":284625},{"id":225769,"n":"Change culottes Mots d'enfants T7 - 17kg - x15","p":5.15,"u":"0,34 €/P","img":"https://fd6-photos.leclercdrive.fr/image.ashx?id=2907249&use=l&cat=p&typeid=i","cat":290633},{"id":225770,"n":"Filtres à café Plantation N°2 - x80","p":1.33,"u":"0,02 €/P","img":"https://fd6-photos.leclercdrive.fr/image.ashx?id=2756940&use=l&cat=p&typeid=i","cat":284751},{"id":225771,"n":"Disque à démaquiller Inell Lavables - x5","p":4.99,"u":"1,00 €/P","img":"https://fd6-photos.leclercdrive.fr/image.ashx?id=2683496&use=l&cat=p&typeid=i","cat":285593},{"id":225773,"n":"Mouchoirs Lotus Sensitive - x110","p":2.28,"u":"0,02 €/P","img":"https://fd6-photos.leclercdrive.fr/image.ashx?id=2684296&use=l&cat=p&typeid=i","cat":284638},{"id":225781,"n":"Rouleau de laine Silex Bois - x40","p":4.23,"u":"0,11 €/P","img":"https://fd6-photos.leclercdrive.fr/image.ashx?id=2931862&use=l&cat=p&typeid=i","cat":300578},{"id":225784,"n":"Bandes de cire Veet Pure Froide - Aisselles - x16","p":4.75,"u":"0,30 €/P","img":"https://fd6-photos.leclercdrive.fr/image.ashx?id=2970795&use=l&cat=p&typeid=i","cat":325351},{"id":225785,"n":"Bandes de cire Veet Pure Jambes - x20","p":4.73,"u":"0,24 €/P","img":"https://fd6-photos.leclercdrive.fr/image.ashx?id=2964956&use=l&cat=p&typeid=i","cat":325351},{"id":225786,"n":"Lingettes Intima Regul'Active - x20","p":2.64,"u":"0,13 €/P","img":"https://fd6-photos.leclercdrive.fr/image.ashx?id=2689787&use=l&cat=p&typeid=i","cat":284627},{"id":225788,"n":"Recharge savon Dettol Karité - 250ml","p":3.14,"u":"12,56 €/L","img":"https://fd6-photos.leclercdrive.fr/image.ashx?id=2969016&use=l&cat=p&typeid=i","cat":284597},{"id":225789,"n":"Bandes de cire Veet Maillot - x16","p":5.47,"u":"0,34 €/P","img":"https://fd6-photos.leclercdrive.fr/image.ashx?id=2865662&use=l&cat=p&typeid=i","cat":325351},{"id":225793,"n":"Liquide vaisselle Paic Acti Froid - Menthe - 500ml","p":2.59,"u":"5,18 €/L","img":"https://fd6-photos.leclercdrive.fr/image.ashx?id=2684335&use=l&cat=p&typeid=i","cat":284655},{"id":225819,"n":"Canderel liquide 200 ml","p":2.54,"u":"12,70 €/L","img":"https://fd6-photos.leclercdrive.fr/image.ashx?id=2812828&use=l&cat=p&typeid=i","cat":324846},{"id":225891,"n":"Bière blonde 1664 5,5° - 18x25cl","p":11.4,"pp":8.55,"u":"1,90 €/L","img":"https://fd6-photos.leclercdrive.fr/image.ashx?id=2684931&use=l&cat=p&typeid=i","cat":334873},{"id":225931,"n":"Tuiles Monster Munch  Crazy barbecue - 150g","p":1.9,"u":"12,67 €/KG","img":"https://fd6-photos.leclercdrive.fr/image.ashx?id=2923993&use=l&cat=p&typeid=i","cat":287899},{"id":225933,"n":"Jus d'orange avec pulpe Montebelo - 1L","p":2.69,"u":"2,69 €/L","img":"https://fd6-photos.leclercdrive.fr/image.ashx?id=2743502&use=l&cat=p&typeid=i","cat":284354},{"id":225936,"n":"Jus d'orange sans pulpe Montebelo - 1L","p":2.69,"u":"2,69 €/L","img":"https://fd6-photos.leclercdrive.fr/image.ashx?id=2743505&use=l&cat=p&typeid=i","cat":284354},{"id":225937,"n":"Citronnade duo de citrons Montebelo - 1L","p":1.99,"pp":1.31,"u":"1,31 €/L","img":"https://fd6-photos.leclercdrive.fr/image.ashx?id=2743523&use=l&cat=p&typeid=i","cat":284354},{"id":225939,"n":"Jus d'orange maracuja Montebelo - 1L","p":3.52,"u":"3,52 €/L","img":"https://fd6-photos.leclercdrive.fr/image.ashx?id=2896381&use=l&cat=p&typeid=i","cat":284354},{"id":225941,"n":"Jus de mangue ananas Montebelo  Citron vert 1L","p":2.99,"pp":1.97,"u":"1,97 €/L","img":"https://fd6-photos.leclercdrive.fr/image.ashx?id=2903668&use=l&cat=p&typeid=i","cat":284354},{"id":225943,"n":"Jus d'orange eau de coco mangue Montebelo - 1L","p":2.99,"pp":1.97,"u":"1,97 €/L","img":"https://fd6-photos.leclercdrive.fr/image.ashx?id=2903671&use=l&cat=p&typeid=i","cat":284354},{"id":225947,"n":"Bière blonde 1664 5,5° 24x25cl","p":14.99,"u":"2,50 €/L","img":"https://fd6-photos.leclercdrive.fr/image.ashx?id=2686597&use=l&cat=p&typeid=i","cat":334873},{"id":225951,"n":"Riz tandoori Jardin Bio bio 220g","p":2.72,"u":"12,36 €/KG","img":"https://fd6-photos.leclercdrive.fr/image.ashx?id=2686048&use=l&cat=p&typeid=i","cat":284953},{"id":225952,"n":"Purée Jardin Bio Bio lentilles corail - 250g","p":2.21,"u":"8,84 €/KG","img":"https://fd6-photos.leclercdrive.fr/image.ashx?id=2976824&use=l&cat=p&typeid=i","cat":284953},{"id":225953,"n":"Sauce korma Jardin Bio Bio - 330g","p":3.38,"u":"10,24 €/KG","img":"https://fd6-photos.leclercdrive.fr/image.ashx?id=2686054&use=l&cat=p&typeid=i","cat":289012},{"id":225954,"n":"Sauce Jardin Bio Tikka Masala bio - 330g","p":3.64,"u":"11,03 €/KG","img":"https://fd6-photos.leclercdrive.fr/image.ashx?id=2686057&use=l&cat=p&typeid=i","cat":287599},{"id":225955,"n":"Petale barbecue Jardin Bio Bio 85g","p":1.8,"u":"21,18 €/KG","img":"https://fd6-photos.leclercdrive.fr/image.ashx?id=2686039&use=l&cat=p&typeid=i","cat":284449},{"id":225963,"n":"Petit beurre fourrés Jardin Bio Bio - 197g","p":2.91,"u":"14,77 €/KG","img":"https://fd6-photos.leclercdrive.fr/image.ashx?id=2859452&use=l&cat=p&typeid=i","cat":284487},{"id":225969,"n":"Cookie Jardin Bio Bio Pepites de chocolat - 175g","p":3.02,"u":"17,26 €/KG","img":"https://fd6-photos.leclercdrive.fr/image.ashx?id=2963208&use=l&cat=p&typeid=i","cat":325066},{"id":226108,"n":"Chocolat Nesquik 800g","p":4.69,"u":"5,86 €/KG","img":"https://fd6-photos.leclercdrive.fr/image.ashx?id=3005377&use=l&cat=p&typeid=i","cat":293235},{"id":226111,"n":"Muesli  Grainea Chocolat noir - 500g","p":2.27,"u":"4,54 €/KG","img":"https://fd6-photos.leclercdrive.fr/image.ashx?id=2931859&use=l&cat=p&typeid=i","cat":309512},{"id":226116,"n":"Chewing-gum Mentos Pure Fresh  Fresh Mint sans sucres - 100g","p":2.89,"u":"28,90 €/KG","img":"https://fd6-photos.leclercdrive.fr/image.ashx?id=2687707&use=l&cat=p&typeid=i","cat":304251},{"id":226122,"n":"Biscuits Delacre Cigarettes Russes - 230g","p":1.9,"u":"8,26 €/KG","img":"https://fd6-photos.leclercdrive.fr/image.ashx?id=2688833&use=l&cat=p&typeid=i","cat":284490},{"id":226134,"n":"Gel wc canard Fresh disc 1p","p":3.26,"img":"https://fd6-photos.leclercdrive.fr/image.ashx?id=2690093&use=l&cat=p&typeid=i","cat":284662},{"id":226141,"n":"Purée lisse Bio Yooji Patate douce - Dès 4 mois 400g","p":4.03,"u":"10,08 €/KG","img":"https://fd6-photos.leclercdrive.fr/image.ashx?id=2689246&use=l&cat=p&typeid=i","cat":290631},{"id":226194,"n":"Tomates cerises gustatives Panier du Primeur - 300g","p":3.99,"u":"13,30 €/KG","img":"https://fd6-photos.leclercdrive.fr/image.ashx?id=2686350&use=l&cat=p&typeid=i","cat":284352},{"id":226206,"n":"Compote Materne Pommes d'Occitanie  - 1.2kg","p":4.39,"u":"3,66 €/KG","img":"https://fd6-photos.leclercdrive.fr/image.ashx?id=3003125&use=l&cat=p&typeid=i","cat":284416},{"id":226313,"n":"Purée d'amande bio Jardin Bio 170g","p":5.55,"u":"32,65 €/KG","img":"https://fd6-photos.leclercdrive.fr/image.ashx?id=2692533&use=l&cat=p&typeid=i","cat":284481},{"id":226315,"n":"Croquettes Vitafit Friskies Boeuf - 12kg","p":24.95,"u":"2,08 €/KG","img":"https://fd6-photos.leclercdrive.fr/image.ashx?id=2986996&use=l&cat=p&typeid=i","cat":284672},{"id":226317,"n":"Croquettes Vitafit Friskies Light Poulet légumes 7 kg","p":18.67,"u":"2,67 €/KG","img":"https://fd6-photos.leclercdrive.fr/image.ashx?id=2986993&use=l&cat=p&typeid=i","cat":284672},{"id":226330,"n":"Croziflette Alpina Savoie 400g","p":2.88,"u":"7,20 €/KG","img":"https://fd6-photos.leclercdrive.fr/image.ashx?id=2692374&use=l&cat=p&typeid=i","cat":284427},{"id":226334,"n":"Vinaigre de cidre breton NRT - 75cl","p":2.29,"u":"3,05 €/L","img":"https://fd6-photos.leclercdrive.fr/image.ashx?id=2856630&use=l&cat=p&typeid=i","cat":298543},{"id":226346,"n":"Boisson Gazeuse Maison Perrier Forever Gingembre Citron 1L","p":1.01,"u":"1,01 €/L","img":"https://fd6-photos.leclercdrive.fr/image.ashx?id=2692818&use=l&cat=p&typeid=i","cat":284536},{"id":226348,"n":"Céréales P'tit Déli Caramel & Chocolat - 400g","p":2.12,"u":"5,30 €/KG","img":"https://fd6-photos.leclercdrive.fr/image.ashx?id=2691528&use=l&cat=p&typeid=i","cat":309513},{"id":226349,"n":"Boisson Gazeuse Maison Perrier Chic Citrus Fizz 4x25cl","p":2.86,"u":"2,86 €/L","img":"https://fd6-photos.leclercdrive.fr/image.ashx?id=2841595&use=l&cat=p&typeid=i","cat":284536},{"id":226350,"n":"Boisson Gazeuse Maison Perrier Chic Lemonjito 4x25cl","p":2.91,"u":"2,91 €/L","img":"https://fd6-photos.leclercdrive.fr/image.ashx?id=2692809&use=l&cat=p&typeid=i","cat":284536},{"id":226352,"n":"Boisson énergisante Maison Perrier mûre - 4x25cl","p":2.98,"u":"2,98 €/L","img":"https://fd6-photos.leclercdrive.fr/image.ashx?id=2692815&use=l&cat=p&typeid=i","cat":284533},{"id":226398,"n":"Céréales Eco+ Caramel cacao - 750g","p":2.97,"u":"3,96 €/KG","img":"https://fd6-photos.leclercdrive.fr/image.ashx?id=2691559&use=l&cat=p&typeid=i","cat":309513},{"id":226412,"n":"Barre de céréales Nature Valley  Protéine cranberries x4 -160g","p":2.8,"u":"17,50 €/KG","img":"https://fd6-photos.leclercdrive.fr/image.ashx?id=2693869&use=l&cat=p&typeid=i","cat":285869},{"id":226430,"n":"Café grains Plantation Pérou pur arabica - 500g","p":8.29,"u":"16,58 €/KG","img":"https://fd6-photos.leclercdrive.fr/image.ashx?id=2824313&use=l&cat=p&typeid=i","cat":293237},{"id":226438,"n":"Soda Coca-Cola Original Canette - Pack 6x20CL","p":3.68,"u":"3,07 €/L","img":"https://fd6-photos.leclercdrive.fr/image.ashx?id=2766571&use=l&cat=p&typeid=i","cat":284530},{"id":226449,"n":"Lait de coco Eco+ 200ml","p":0.69,"u":"3,45 €/L","img":"https://fd6-photos.leclercdrive.fr/image.ashx?id=2691790&use=l&cat=p&typeid=i","cat":288992},{"id":226455,"n":"Chewing-gum Mentos Pure Fresh  Fresh Chloro sans sucres - 100g","p":2.89,"u":"28,90 €/KG","img":"https://fd6-photos.leclercdrive.fr/image.ashx?id=2693434&use=l&cat=p&typeid=i","cat":304251},{"id":226478,"n":"Liqueurs Baileys  Expresso coffee - 70cl","p":11.56,"u":"16,51 €/L","img":"https://fd6-photos.leclercdrive.fr/image.ashx?id=2736448&use=l&cat=p&typeid=i","cat":286032},{"id":226482,"n":"Wafers Balconi Noisettes - 10x45g","p":2.65,"u":"5,89 €/KG","img":"https://fd6-photos.leclercdrive.fr/image.ashx?id=2695061&use=l&cat=p&typeid=i","cat":294777},{"id":226484,"n":"Cookies Crunchy Kinder Pépites au cacao et lait - 136g","p":2.75,"u":"20,22 €/KG","img":"https://fd6-photos.leclercdrive.fr/image.ashx?id=2691995&use=l&cat=p&typeid=i","cat":325066},{"id":226486,"n":"Whisky West Cork Bourbon cask 40% - 70cl","p":18.5,"pp":14.8,"u":"21,14 €/L","img":"https://fd6-photos.leclercdrive.fr/image.ashx?id=2845023&use=l&cat=p&typeid=i","cat":284547},{"id":226510,"n":"Biscuits BN Chocolats -570g","p":2.35,"img":"https://fd6-photos.leclercdrive.fr/image.ashx?id=2693509&use=l&cat=p&typeid=i","cat":284488},{"id":226528,"n":"Olives vertes Tramier Dénoyautées - 160g","p":2.14,"u":"13,38 €/KG","img":"https://fd6-photos.leclercdrive.fr/image.ashx?id=2988309&use=l&cat=p&typeid=i","cat":284450},{"id":226583,"n":"Boisson gazeuse Maison Perrier Magnetic Juice Fraise 4x25cl","p":2.9,"u":"2,90 €/L","img":"https://fd6-photos.leclercdrive.fr/image.ashx?id=2887314&use=l&cat=p&typeid=i","cat":284536},{"id":226591,"n":"Glace cone Extreme  Lemon cheesecake  x6 - 426g","p":3.88,"u":"9,11 €/KG","img":"https://fd6-photos.leclercdrive.fr/image.ashx?id=2732950&use=l&cat=p&typeid=i","cat":284264},{"id":226611,"n":"Mini surimi Moelleux Cocktail Fleury Michon - 230g","p":2.58,"u":"11,22 €/KG","img":"https://fd6-photos.leclercdrive.fr/image.ashx?id=2936917&use=l&cat=p&typeid=i","cat":285189},{"id":226636,"n":"Déodorant Homme Adidas Fresh Endurance - 150ml","p":2.98,"u":"19,87 €/L","img":"https://fd6-photos.leclercdrive.fr/image.ashx?id=2990772&use=l&cat=p&typeid=i","cat":284618},{"id":226646,"n":"Boisson Gazeuse Maison Perrier Forever Citron Vert 1L","p":1.02,"u":"1,02 €/L","img":"https://fd6-photos.leclercdrive.fr/image.ashx?id=2695103&use=l&cat=p&typeid=i","cat":284536},{"id":226649,"n":"Lait demi-écrémé J'aime le lait d'ici - 1L","p":0.95,"u":"0,95 €/L","img":"https://fd6-photos.leclercdrive.fr/image.ashx?id=2772125&use=l&cat=p&typeid=i","cat":284377},{"id":226657,"n":"Boisson Gazeuse Maison Perrier Forever Citron 1L","p":0.99,"u":"0,99 €/L","img":"https://fd6-photos.leclercdrive.fr/image.ashx?id=2887311&use=l&cat=p&typeid=i","cat":284536},{"id":226659,"n":"Boisson Gazeuse Maison Perrier Forever Orange 1L","p":1.01,"u":"1,01 €/L","img":"https://fd6-photos.leclercdrive.fr/image.ashx?id=2695106&use=l&cat=p&typeid=i","cat":284536},{"id":226661,"n":"Boisson Gazeuse Maison Perrier Forever Menthe 1L","p":1.01,"u":"1,01 €/L","img":"https://fd6-photos.leclercdrive.fr/image.ashx?id=2695112&use=l&cat=p&typeid=i","cat":284536},{"id":226663,"n":"Boisson Gazeuse Maison Perrier Forever Citron 6x50cl","p":4.27,"u":"1,42 €/L","img":"https://fd6-photos.leclercdrive.fr/image.ashx?id=2695100&use=l&cat=p&typeid=i","cat":284536},{"id":226664,"n":"Boisson Gazeuse Maison Perrier Forever Citron Vert 6x50cl","p":4.23,"u":"1,41 €/L","img":"https://fd6-photos.leclercdrive.fr/image.ashx?id=2695109&use=l&cat=p&typeid=i","cat":284536},{"id":226667,"n":"Boisson Gazeuse Maison Perrier Forever Citron 6x33cl","p":3.3,"u":"1,67 €/L","img":"https://fd6-photos.leclercdrive.fr/image.ashx?id=2878447&use=l&cat=p&typeid=i","cat":284536},{"id":226668,"n":"Boisson Gazeuse Maison Perrier Forever Citron Vert 6x33cl","p":3.3,"u":"1,67 €/L","img":"https://fd6-photos.leclercdrive.fr/image.ashx?id=2887308&use=l&cat=p&typeid=i","cat":284536},{"id":226776,"n":"Thé noir fruits rouges Lipton 20 sachets - 30g","p":1.67,"u":"55,67 €/KG","img":"https://fd6-photos.leclercdrive.fr/image.ashx?id=2695359&use=l&cat=p&typeid=i","cat":293233},{"id":226777,"n":"Thé noir vanille et caramel 20 sachets - 34g","p":2.45,"u":"72,06 €/KG","img":"https://fd6-photos.leclercdrive.fr/image.ashx?id=2736703&use=l&cat=p&typeid=i","cat":293233},{"id":226778,"n":"Thé noir orange Lipton 20 sachets - 34g","p":2.46,"u":"72,35 €/KG","img":"https://fd6-photos.leclercdrive.fr/image.ashx?id=2695371&use=l&cat=p&typeid=i","cat":293233},{"id":226781,"n":"Thé noir pêche mangue Lipton 20 sachets - 34g","p":2.41,"u":"70,88 €/KG","img":"https://fd6-photos.leclercdrive.fr/image.ashx?id=2695362&use=l&cat=p&typeid=i","cat":293233},{"id":226787,"n":"Parfum de linge billes Lenor Fraîcheur coton x19 doses 235g","p":6.7,"u":"28,51 €/KG","img":"https://fd6-photos.leclercdrive.fr/image.ashx?id=2863012&use=l&cat=p&typeid=i","cat":325302},{"id":226795,"n":"Glace mini cone Extreme Café x8 - 312g","p":4.05,"u":"12,98 €/KG","img":"https://fd6-photos.leclercdrive.fr/image.ashx?id=2694668&use=l&cat=p&typeid=i","cat":284264},{"id":226801,"n":"Parfum de linge billes Lenor  Jasmin Rose de mai x19 doses","p":6.7,"u":"28,51 €/KG","img":"https://fd6-photos.leclercdrive.fr/image.ashx?id=2841598&use=l&cat=p&typeid=i","cat":325302},{"id":226805,"n":"Glace cone Extreme  Fraise vanille x4 - 284g","p":2.79,"u":"9,82 €/KG","img":"https://fd6-photos.leclercdrive.fr/image.ashx?id=2694680&use=l&cat=p&typeid=i","cat":284264},{"id":226806,"n":"Liquide de rinçage Sun Brillance - 500ml","p":3.41,"u":"6,82 €/L","img":"https://fd6-photos.leclercdrive.fr/image.ashx?id=2829099&use=l&cat=p&typeid=i","cat":284657},{"id":226807,"n":"Liquide de rinçage Sun Séchage - 500ml","p":3.66,"u":"7,32 €/L","img":"https://fd6-photos.leclercdrive.fr/image.ashx?id=2738716&use=l&cat=p&typeid=i","cat":284657},{"id":226813,"n":"Déodorant stick Sanex  Zéro% Sensitive - 65ml","p":3.22,"u":"49,54 €/L","img":"https://fd6-photos.leclercdrive.fr/image.ashx?id=2745415&use=l&cat=p&typeid=i","cat":284595},{"id":226815,"n":"Dentifrice Oral-B kids 0-6ans - 50ml","p":2.1,"u":"42,00 €/L","img":"https://fd6-photos.leclercdrive.fr/image.ashx?id=2737801&use=l&cat=p&typeid=i","cat":288898},{"id":226818,"n":"Dentifrice Sensodyne Soin  complet Triple action - 75ml","p":4.04,"u":"53,87 €/L","img":"https://fd6-photos.leclercdrive.fr/image.ashx?id=2997778&use=l&cat=p&typeid=i","cat":284612},{"id":226819,"n":"Dentifrice Sensodyne Soin gencives Triple action - 75ml","p":4.24,"u":"56,53 €/L","img":"https://fd6-photos.leclercdrive.fr/image.ashx?id=3000384&use=l&cat=p&typeid=i","cat":284612},{"id":226824,"n":"Dentifrice Sensodyne Soin  Blancheur naturelle 24h - 75ml","p":4.19,"u":"55,87 €/L","img":"https://fd6-photos.leclercdrive.fr/image.ashx?id=2694944&use=l&cat=p&typeid=i","cat":284612},{"id":226825,"n":"Dentifrice Sensodyne Répare & protège Novamin - 75ml","p":4.5,"u":"60,00 €/L","img":"https://fd6-photos.leclercdrive.fr/image.ashx?id=2694947&use=l&cat=p&typeid=i","cat":284612},{"id":226826,"n":"Dentifrice Sensodyne Soin Blancheur triple action - 75ml","p":4.35,"u":"58,00 €/L","img":"https://fd6-photos.leclercdrive.fr/image.ashx?id=3000381&use=l&cat=p&typeid=i","cat":284612},{"id":226827,"n":"Nettoyant Machine Sun Lave Vaisselle 3 Doses","p":3.22,"u":"26,83 €/KG","img":"https://fd6-photos.leclercdrive.fr/image.ashx?id=2738710&use=l&cat=p&typeid=i","cat":284657},{"id":226829,"n":"Dentifrice Sensodyne Répare & protège extra fresh - 75ml","p":4.88,"u":"65,07 €/L","img":"https://fd6-photos.leclercdrive.fr/image.ashx?id=2694956&use=l&cat=p&typeid=i","cat":284612},{"id":226830,"n":"Dentifrice Sensodyne Répare & protège Blancheur - 75ml","p":4.73,"u":"63,07 €/L","img":"https://fd6-photos.leclercdrive.fr/image.ashx?id=2872955&use=l&cat=p&typeid=i","cat":284612},{"id":226831,"n":"Nettoyant machine Sun Pendant le cycle x4 - 60g","p":4.09,"u":"8,52 €/KG","img":"https://fd6-photos.leclercdrive.fr/image.ashx?id=2738713&use=l&cat=p&typeid=i","cat":284657},{"id":226834,"n":"Savon extra pur Lot 5x100g","p":2.63,"u":"5,26 €/KG","img":"https://fd6-photos.leclercdrive.fr/image.ashx?id=2694578&use=l&cat=p&typeid=i","cat":325365},{"id":226856,"n":"P'tit onctueux pêche Nestlé sans sucres ajoutés - 4x90g","p":2.13,"u":"5,92 €/KG","img":"https://fd6-photos.leclercdrive.fr/image.ashx?id=2695124&use=l&cat=p&typeid=i","cat":312392},{"id":226876,"n":"P'tit brassé banane Nestlé mangue sans sucre - 4x90g","p":2.1,"u":"5,83 €/KG","img":"https://fd6-photos.leclercdrive.fr/image.ashx?id=2696133&use=l&cat=p&typeid=i","cat":312392},{"id":226899,"n":"Mini bille chocolaté M&Ms 176g","p":2.48,"u":"14,09 €/KG","img":"https://fd6-photos.leclercdrive.fr/image.ashx?id=3009074&use=l&cat=p&typeid=i","cat":304238},{"id":226903,"n":"Boisson énergisante Maison Perrier mûre - 25cl","p":0.87,"u":"3,48 €/L","img":"https://fd6-photos.leclercdrive.fr/image.ashx?id=2696130&use=l&cat=p&typeid=i","cat":284533},{"id":226912,"n":"Boisson énergisante Maison Perrier pêche - 25cl","p":0.73,"u":"2,92 €/L","img":"https://fd6-photos.leclercdrive.fr/image.ashx?id=2696142&use=l&cat=p&typeid=i","cat":284533},{"id":226920,"n":"Bonbons Skittles  152g","p":1.21,"u":"7,96 €/KG","img":"https://fd6-photos.leclercdrive.fr/image.ashx?id=3008984&use=l&cat=p&typeid=i","cat":304250},{"id":226921,"n":"Boisson énergisante Maison Perrier citron - 25cl","p":0.79,"u":"3,16 €/L","img":"https://fd6-photos.leclercdrive.fr/image.ashx?id=2696145&use=l&cat=p&typeid=i","cat":284533},{"id":226938,"n":"Capsules café Dolce Gusto intensité 5 Grande - x30 255g","p":8.45,"u":"0,28 €/P","img":"https://fd6-photos.leclercdrive.fr/image.ashx?id=2891755&use=l&cat=p&typeid=i","cat":284843},{"id":226970,"n":"Tablette lave-vaisselle Sun  Expert Plus x40 -700g","p":7.9,"u":"11,29 €/KG","img":"https://fd6-photos.leclercdrive.fr/image.ashx?id=2738734&use=l&cat=p&typeid=i","cat":284656},{"id":226971,"n":"Sun Tablettes Lave-Vaisselle Tout en 1 Expert Plus x40","p":7.9,"u":"11,29 €/KG","img":"https://fd6-photos.leclercdrive.fr/image.ashx?id=2942012&use=l&cat=p&typeid=i","cat":284656},{"id":226973,"n":"Sun Tablettes Lave-Vaisselle Tout en 1 Citron Ecolabel x46","p":7.9,"u":"10,41 €/KG","img":"https://fd6-photos.leclercdrive.fr/image.ashx?id=3000905&use=l&cat=p&typeid=i","cat":284656},{"id":226975,"n":"Crème de douche Corine de Farme Soin nourrissant - Monoï 500ml","p":3.22,"u":"6,44 €/L","img":"https://fd6-photos.leclercdrive.fr/image.ashx?id=2696613&use=l&cat=p&typeid=i","cat":284594},{"id":226978,"n":"Crème Anti-Âge Rose Re-Fortifiant - 50ml","p":11.97,"pp":7.9,"u":"158,00 €/L","img":"https://fd6-photos.leclercdrive.fr/image.ashx?id=2757425&use=l&cat=p&typeid=i","cat":325345},{"id":226995,"n":"Patchs Bioré Ultra purifiants - x6","p":4.66,"u":"0,78 €/P","img":"https://fd6-photos.leclercdrive.fr/image.ashx?id=2696649&use=l&cat=p&typeid=i","cat":325346},{"id":227063,"n":"Gaufrettes Wafers Balconi  Noisette - 3x300g","p":4.89,"u":"5,43 €/KG","img":"https://fd6-photos.leclercdrive.fr/image.ashx?id=2697321&use=l&cat=p&typeid=i","cat":284488},{"id":227065,"n":"Pack wafers cacao  3x300g","p":4.47,"u":"4,97 €/KG","img":"https://fd6-photos.leclercdrive.fr/image.ashx?id=2697324&use=l&cat=p&typeid=i","cat":284488},{"id":227070,"n":"Thé glacé pétillant Lipton Ice Tea pêche - bouteille 1.25L","p":1.63,"u":"1,30 €/L","img":"https://fd6-photos.leclercdrive.fr/image.ashx?id=2887704&use=l&cat=p&typeid=i","cat":295019},{"id":227071,"n":"Thé pétillant Lipton Ice Tea Citron citron vert - 1.25L","p":1.69,"u":"1,35 €/L","img":"https://fd6-photos.leclercdrive.fr/image.ashx?id=2887707&use=l&cat=p&typeid=i","cat":295019},{"id":227153,"n":"Couches Carryboo de nos Régions Couches locales Taille 2 - x 50","p":15.33,"u":"0,31 €/P","img":"https://fd6-photos.leclercdrive.fr/image.ashx?id=2969245&use=l&cat=p&typeid=i","cat":284737},{"id":227154,"n":"Couches Carryboo de nos Régions Couches locales Taille 3 - x50","p":14.83,"u":"0,30 €/P","img":"https://fd6-photos.leclercdrive.fr/image.ashx?id=2833801&use=l&cat=p&typeid=i","cat":284737},{"id":227155,"n":"Couche Carryboo de nos Régions Couches locales Taille 4 - x44","p":14.83,"u":"0,34 €/P","img":"https://fd6-photos.leclercdrive.fr/image.ashx?id=2787404&use=l&cat=p&typeid=i","cat":284737},{"id":227158,"n":"Couches Carryboo de nos Régions Couches locales Taille 4+ - x42","p":14.6,"u":"0,35 €/P","img":"https://fd6-photos.leclercdrive.fr/image.ashx?id=2787407&use=l&cat=p&typeid=i","cat":284737},{"id":227159,"n":"Couche Carryboo de nos Régions Couches locales Taille 5 - x40","p":14.83,"u":"0,37 €/P","img":"https://fd6-photos.leclercdrive.fr/image.ashx?id=2805486&use=l&cat=p&typeid=i","cat":284737},{"id":227165,"n":"Serum Acide Hyaluronique Mixa 30mL","p":7.15,"u":"238,33 €/L","img":"https://fd6-photos.leclercdrive.fr/image.ashx?id=2698711&use=l&cat=p&typeid=i","cat":325345},{"id":227166,"n":"Sérum Anti-tâches Vitamine C Mixa 30 mL","p":7.15,"u":"238,33 €/L","img":"https://fd6-photos.leclercdrive.fr/image.ashx?id=2698714&use=l&cat=p&typeid=i","cat":325345},{"id":227167,"n":"Serum anti-imperfections Niacinamide Mixa 30mL","p":10.18,"u":"339,33 €/L","img":"https://fd6-photos.leclercdrive.fr/image.ashx?id=2698717&use=l&cat=p&typeid=i","cat":325345},{"id":227220,"n":"Eau pétillante aromatisée Diabolo grenadine - Lorina - 1L","p":2.34,"u":"2,34 €/L","img":"https://fd6-photos.leclercdrive.fr/image.ashx?id=2705593&use=l&cat=p&typeid=i","cat":284536},{"id":227307,"n":"Café capsules Dolce Gusto Starbucks White Moka - 123g","p":4.39,"u":"35,69 €/KG","img":"https://fd6-photos.leclercdrive.fr/image.ashx?id=3000459&use=l&cat=p&typeid=i","cat":284749},{"id":227313,"n":"AOP St Emilion Château Mazouet Mazouet - 75cl","p":11.16,"u":"14,88 €/L","img":"https://fd6-photos.leclercdrive.fr/image.ashx?id=2700158&use=l&cat=p&typeid=i","cat":289556},{"id":227318,"n":"P'tite Céréale Nestlé Vanille - 415g","p":2.62,"u":"6,31 €/KG","img":"https://fd6-photos.leclercdrive.fr/image.ashx?id=2700773&use=l&cat=p&typeid=i","cat":312225},{"id":227320,"n":"Céréales Nesquik 675g","p":4.48,"u":"6,64 €/KG","img":"https://fd6-photos.leclercdrive.fr/image.ashx?id=2971434&use=l&cat=p&typeid=i","cat":309513},{"id":227323,"n":"Céréales Crunch Nestlé 675g","p":4.45,"u":"6,59 €/KG","img":"https://fd6-photos.leclercdrive.fr/image.ashx?id=2949085&use=l&cat=p&typeid=i","cat":309513},{"id":227325,"n":"P'tite céréales Nestlé Saveur biscuit - 415g","p":3.23,"u":"7,78 €/KG","img":"https://fd6-photos.leclercdrive.fr/image.ashx?id=2700776&use=l&cat=p&typeid=i","cat":312225},{"id":227329,"n":"P'tite céréale Nestlé 415g","p":3.19,"u":"7,69 €/KG","img":"https://fd6-photos.leclercdrive.fr/image.ashx?id=2700770&use=l&cat=p&typeid=i","cat":312225},{"id":227331,"n":"P'tite céréales Nestlé Cacao - 415g","p":2.62,"u":"6,31 €/KG","img":"https://fd6-photos.leclercdrive.fr/image.ashx?id=2700767&use=l&cat=p&typeid=i","cat":312225},{"id":227339,"n":"Capsules Nescafé Dolce Gusto  Lungo - x16","p":4.48,"u":"49,78 €/KG","img":"https://fd6-photos.leclercdrive.fr/image.ashx?id=2907716&use=l&cat=p&typeid=i","cat":293239},{"id":227341,"n":"Céréales Lion Nestlé 1.05kg","p":6.08,"u":"6,08 €/KG","img":"https://fd6-photos.leclercdrive.fr/image.ashx?id=2995433&use=l&cat=p&typeid=i","cat":309513},{"id":227347,"n":"Déodorant Spray L'Oréal Paris Men Expert 48h - 150ml","p":3.14,"u":"20,93 €/L","img":"https://fd6-photos.leclercdrive.fr/image.ashx?id=2802509&use=l&cat=p&typeid=i","cat":284618},{"id":227352,"n":"Céréales Chocapic  645g","p":4.27,"u":"6,62 €/KG","img":"https://fd6-photos.leclercdrive.fr/image.ashx?id=2977732&use=l&cat=p&typeid=i","cat":309513},{"id":227372,"n":"Céréales Lion 675g","p":4.66,"u":"6,90 €/KG","img":"https://fd6-photos.leclercdrive.fr/image.ashx?id=2997256&use=l&cat=p&typeid=i","cat":309513},{"id":227373,"n":"Gelée de viande Eco+ 12x100g","p":2.99,"u":"2,49 €/KG","img":"https://fd6-photos.leclercdrive.fr/image.ashx?id=2744216&use=l&cat=p&typeid=i","cat":285286},{"id":227374,"n":"Céréales Chocapic 375g","p":2.85,"u":"7,60 €/KG","img":"https://fd6-photos.leclercdrive.fr/image.ashx?id=2977408&use=l&cat=p&typeid=i","cat":309513},{"id":227375,"n":"Capsule Nescafé Farmers Origins  Brazil Int 8 - x10","p":2.37,"u":"53,86 €/KG","img":"https://fd6-photos.leclercdrive.fr/image.ashx?id=2952166&use=l&cat=p&typeid=i","cat":284749},{"id":227376,"n":"Croquette Friskies Vitafit  Boeuf - 3kg","p":6.22,"u":"2,07 €/KG","img":"https://fd6-photos.leclercdrive.fr/image.ashx?id=2986999&use=l&cat=p&typeid=i","cat":284672},{"id":227377,"n":"Croquette Friskies Vitafit Boeuf - 12kg","p":21.84,"img":"https://fd6-photos.leclercdrive.fr/image.ashx?id=2986984&use=l&cat=p&typeid=i","cat":284672},{"id":227378,"n":"Croquettes Friskies junior Poulet & legumes - 1.5kg","p":5.37,"u":"3,58 €/KG","img":"https://fd6-photos.leclercdrive.fr/image.ashx?id=2699612&use=l&cat=p&typeid=i","cat":284680},{"id":227381,"n":"Croquettes Friskies Vitafit Poulet & legumes - 3kg","p":6.22,"u":"2,07 €/KG","img":"https://fd6-photos.leclercdrive.fr/image.ashx?id=2986981&use=l&cat=p&typeid=i","cat":284672},{"id":227383,"n":"Lait infantile Hipp Biologique Bio Dès 10 mois Combiotic  800g","p":16.93,"u":"21,16 €/KG","img":"https://fd6-photos.leclercdrive.fr/image.ashx?id=2926834&use=l&cat=p&typeid=i","cat":290219},{"id":227391,"n":"Croquettes Friskies Saumon & legumes - 3 kg","p":10.22,"u":"3,41 €/KG","img":"https://fd6-photos.leclercdrive.fr/image.ashx?id=2940615&use=l&cat=p&typeid=i","cat":284680},{"id":227397,"n":"Croquettes Friskies  Dinde & legumes - 1.5kg","p":5.37,"u":"3,58 €/KG","img":"https://fd6-photos.leclercdrive.fr/image.ashx?id=2699621&use=l&cat=p&typeid=i","cat":284680},{"id":227400,"n":"Croquettes chat Friskies Saumon et legumes - 1.5 kg","p":4.49,"u":"2,99 €/KG","img":"https://fd6-photos.leclercdrive.fr/image.ashx?id=2940600&use=l&cat=p&typeid=i","cat":284680},{"id":227404,"n":"Parfum de linge billes Lenor Unstoppable - Aérien - x41 495g","p":9.89,"u":"19,98 €/KG","img":"https://fd6-photos.leclercdrive.fr/image.ashx?id=2889982&use=l&cat=p&typeid=i","cat":325302},{"id":227408,"n":"Riz basmati Taureau Ailé 220g","p":1.65,"u":"7,50 €/KG","img":"https://fd6-photos.leclercdrive.fr/image.ashx?id=2916330&use=l&cat=p&typeid=i","cat":287600},{"id":227409,"n":"Gel douche Le Petit Marseillais Mangue Bio et passion 650ml","p":3.99,"u":"6,14 €/L","img":"https://fd6-photos.leclercdrive.fr/image.ashx?id=2700497&use=l&cat=p&typeid=i","cat":284594},{"id":227412,"n":"Masque pieds Scholl Exfoliant talon - x1","p":6.45,"img":"https://fd6-photos.leclercdrive.fr/image.ashx?id=2981313&use=l&cat=p&typeid=i","cat":325354},{"id":227413,"n":"Semelles GelActiv' Scholl Décontracté - Taille 1","p":15.99,"img":"https://fd6-photos.leclercdrive.fr/image.ashx?id=2700665&use=l&cat=p&typeid=i","cat":325354},{"id":227414,"n":"Semelles GelActiv' Scholl Décontracté - Taille 2 - x1","p":16.42,"img":"https://fd6-photos.leclercdrive.fr/image.ashx?id=2700668&use=l&cat=p&typeid=i","cat":325354},{"id":227418,"n":"Gel détartrant WC Net Détartrant total - 750ml","p":2.59,"u":"3,45 €/L","img":"https://fd6-photos.leclercdrive.fr/image.ashx?id=2702118&use=l&cat=p&typeid=i","cat":284662},{"id":227419,"n":"Gel Energy WC Net Javel - Action immédiate 750ml","p":2.4,"u":"3,20 €/L","img":"https://fd6-photos.leclercdrive.fr/image.ashx?id=2791659&use=l&cat=p&typeid=i","cat":284662},{"id":227422,"n":"Etuis mouchoirs Lotus Classic+ - x12","p":1.93,"img":"https://fd6-photos.leclercdrive.fr/image.ashx?id=2700689&use=l&cat=p&typeid=i","cat":284638},{"id":227423,"n":"Etuis mouchoirs Lotus Compact+ - x24","p":3.78,"img":"https://fd6-photos.leclercdrive.fr/image.ashx?id=2700692&use=l&cat=p&typeid=i","cat":284638},{"id":227424,"n":"Etuis mouchoirs Lotus Compact+ - x18","p":2.93,"img":"https://fd6-photos.leclercdrive.fr/image.ashx?id=2988680&use=l&cat=p&typeid=i","cat":284638},{"id":227425,"n":"Boîte mouchoirs Lotus Classic+ - Pur Blanc - x80","p":1.55,"img":"https://fd6-photos.leclercdrive.fr/image.ashx?id=2700698&use=l&cat=p&typeid=i","cat":284638},{"id":227426,"n":"Boîte mouchoirs Lotus Classic+ - Pur Blanc - 2x80","p":3.27,"u":"0,02 €/P","img":"https://fd6-photos.leclercdrive.fr/image.ashx?id=2700701&use=l&cat=p&typeid=i","cat":284638},{"id":227427,"n":"Boîte mouchoirs Lotus Classic+ - Pur Blanc - x130","p":2.59,"u":"0,02 €/P","img":"https://fd6-photos.leclercdrive.fr/image.ashx?id=2700704&use=l&cat=p&typeid=i","cat":284638},{"id":227445,"n":"Riz basmati Taureau Ailé Nature - 220g","p":1.72,"u":"7,82 €/KG","img":"https://fd6-photos.leclercdrive.fr/image.ashx?id=2916327&use=l&cat=p&typeid=i","cat":287600},{"id":227448,"n":"Céréales Crunch 375g","p":2.67,"u":"7,12 €/KG","img":"https://fd6-photos.leclercdrive.fr/image.ashx?id=2939760&use=l&cat=p&typeid=i","cat":309513},{"id":227506,"n":"Capsule Nescafé Farmers Origins  India Int 9 - x18","p":4.32,"u":"54,68 €/KG","img":"https://fd6-photos.leclercdrive.fr/image.ashx?id=2700791&use=l&cat=p&typeid=i","cat":284749},{"id":227507,"n":"Capsule Nescafé Farmers Origins  India Int 9 - x10","p":2.37,"u":"53,86 €/KG","img":"https://fd6-photos.leclercdrive.fr/image.ashx?id=2952169&use=l&cat=p&typeid=i","cat":284749},{"id":227512,"n":"Chips Savour  Sel de guerande - 120g","p":1.48,"u":"12,33 €/KG","img":"https://fd6-photos.leclercdrive.fr/image.ashx?id=2743828&use=l&cat=p&typeid=i","cat":284447},{"id":227514,"n":"Chips Savour Sweet Chili - 120g","p":1.79,"u":"14,92 €/KG","img":"https://fd6-photos.leclercdrive.fr/image.ashx?id=2743825&use=l&cat=p&typeid=i","cat":284447},{"id":227515,"n":"Chips Savour Vinaigre de cidre - 120g","p":1.71,"u":"14,25 €/KG","img":"https://fd6-photos.leclercdrive.fr/image.ashx?id=2743822&use=l&cat=p&typeid=i","cat":284447},{"id":227516,"n":"Chips Savour Cheddar & Ciboulette - 120g","p":1.75,"u":"14,58 €/KG","img":"https://fd6-photos.leclercdrive.fr/image.ashx?id=2743819&use=l&cat=p&typeid=i","cat":284447},{"id":227520,"n":"Chips Lay's Sel & vinaigre - 130g","p":1.47,"u":"11,31 €/KG","img":"https://fd6-photos.leclercdrive.fr/image.ashx?id=3011161&use=l&cat=p&typeid=i","cat":284447},{"id":227528,"n":"Chips Lay's Poulet - 135g","p":1.25,"u":"9,26 €/KG","img":"https://fd6-photos.leclercdrive.fr/image.ashx?id=2995079&use=l&cat=p&typeid=i","cat":284447},{"id":227532,"n":"Chips Lay's Barbecue - 250g","p":2.04,"u":"8,16 €/KG","img":"https://fd6-photos.leclercdrive.fr/image.ashx?id=2994488&use=l&cat=p&typeid=i","cat":284447},{"id":227534,"n":"Chips Lay's Barbecue - 135g","p":1.16,"u":"8,59 €/KG","img":"https://fd6-photos.leclercdrive.fr/image.ashx?id=2994485&use=l&cat=p&typeid=i","cat":284447},{"id":227542,"n":"Croquettes pour chien Friskies Vitafit 12kg","p":25.67,"u":"2,14 €/KG","img":"https://fd6-photos.leclercdrive.fr/image.ashx?id=2986987&use=l&cat=p&typeid=i","cat":284672},{"id":227563,"n":"Serviettes Fuites urinaires  Always Discreet - Normal - x30","p":9.35,"u":"0,31 €/P","img":"https://fd6-photos.leclercdrive.fr/image.ashx?id=2700806&use=l&cat=p&typeid=i","cat":284628},{"id":227600,"n":"Croquettes chat Friskies Boeuf, poulet et légumes - 3kg","p":8.43,"u":"2,81 €/KG","img":"https://fd6-photos.leclercdrive.fr/image.ashx?id=2940603&use=l&cat=p&typeid=i","cat":284680},{"id":227602,"n":"Croquettes Friskies  Poulet & légumes  1,5 kg","p":5.5,"u":"3,67 €/KG","img":"https://fd6-photos.leclercdrive.fr/image.ashx?id=2701400&use=l&cat=p&typeid=i","cat":284680},{"id":227603,"n":"Croquettes chat stérilisé Friskies Agneau légumes - 1.5kg","p":5.59,"u":"3,73 €/KG","img":"https://fd6-photos.leclercdrive.fr/image.ashx?id=2701064&use=l&cat=p&typeid=i","cat":284680},{"id":227605,"n":"Croquettes petit chien Friskies Poulet & légumes - 1.5kg","p":4.98,"u":"3,32 €/KG","img":"https://fd6-photos.leclercdrive.fr/image.ashx?id=2986314&use=l&cat=p&typeid=i","cat":294526},{"id":227608,"n":"Croquettes Friskies Junior  Poulet avec du lait - 3kg","p":6.91,"u":"2,30 €/KG","img":"https://fd6-photos.leclercdrive.fr/image.ashx?id=2986900&use=l&cat=p&typeid=i","cat":284672},{"id":227612,"n":"Croquettes chien light Friskies Poulet & légumes - 3kg","p":8.55,"u":"2,85 €/KG","img":"https://fd6-photos.leclercdrive.fr/image.ashx?id=2987002&use=l&cat=p&typeid=i","cat":284672},{"id":227626,"n":"Barres chocolatées Mars  x7 - 315g","p":2.89,"u":"9,17 €/KG","img":"https://fd6-photos.leclercdrive.fr/image.ashx?id=2701043&use=l&cat=p&typeid=i","cat":284498},{"id":227629,"n":"Barres chocolatées Snickers x7 - 350g","p":3.29,"u":"9,40 €/KG","img":"https://fd6-photos.leclercdrive.fr/image.ashx?id=2701040&use=l&cat=p&typeid=i","cat":284498},{"id":227633,"n":"Barres chocolatées Twix  x10 -210g","p":2.25,"u":"10,71 €/KG","img":"https://fd6-photos.leclercdrive.fr/image.ashx?id=2980091&use=l&cat=p&typeid=i","cat":284498},{"id":227636,"n":"Chewing-gum Freedent Refresher Menthe verte x8 - 18g","p":1.06,"u":"58,89 €/KG","img":"https://fd6-photos.leclercdrive.fr/image.ashx?id=2863782&use=l&cat=p&typeid=i","cat":304251},{"id":227637,"n":"Canard WC Fresh disc Tropical - 1 appli + 6 disques","p":4.57,"img":"https://fd6-photos.leclercdrive.fr/image.ashx?id=2845578&use=l&cat=p&typeid=i","cat":284662},{"id":227639,"n":"Canard WC Fresh disc Tropical - 2 recharges","p":4.7,"img":"https://fd6-photos.leclercdrive.fr/image.ashx?id=2845584&use=l&cat=p&typeid=i","cat":284662},{"id":227658,"n":"Tropico original 6x20cl","p":2.75,"u":"2,29 €/L","img":"https://fd6-photos.leclercdrive.fr/image.ashx?id=2757800&use=l&cat=p&typeid=i","cat":295018},{"id":227669,"n":"Boisson Gazeuse Maison Perrier Chic Roséllini 4x25cl","p":2.93,"u":"2,93 €/L","img":"https://fd6-photos.leclercdrive.fr/image.ashx?id=2701403&use=l&cat=p&typeid=i","cat":284536},{"id":227670,"n":"Vin rosé Adrien Champaud 10L","p":15.99,"u":"1,60 €/L","img":"https://fd6-photos.leclercdrive.fr/image.ashx?id=2960529&use=l&cat=p&typeid=i","cat":289558},{"id":227671,"n":"Bière aromatisée Desperados Tropical -  6X33cl","p":8.8,"u":"4,44 €/L","img":"https://fd6-photos.leclercdrive.fr/image.ashx?id=2701142&use=l&cat=p&typeid=i","cat":334878},{"id":227676,"n":"Bière aromatisée Desquiles sans alcool - 3x33cl","p":3.35,"u":"3,38 €/L","img":"https://fd6-photos.leclercdrive.fr/image.ashx?id=2699932&use=l&cat=p&typeid=i","cat":334877},{"id":227684,"n":"Barres chocolatées Twix x7 - 350g","p":3.22,"u":"9,20 €/KG","img":"https://fd6-photos.leclercdrive.fr/image.ashx?id=2701028&use=l&cat=p&typeid=i","cat":284498},{"id":227690,"n":"Parfum de linge Lenor Ambre orchidée x19D - 235g","p":6.64,"u":"28,26 €/KG","img":"https://fd6-photos.leclercdrive.fr/image.ashx?id=2839457&use=l&cat=p&typeid=i","cat":325302},{"id":227697,"n":"Serviettes Always Discreet Noires Taille S - x16","p":5.2,"u":"0,33 €/P","img":"https://fd6-photos.leclercdrive.fr/image.ashx?id=2818118&use=l&cat=p&typeid=i","cat":284628},{"id":227702,"n":"Fromage enfant La Vache qui rit Pik&Croq 8 portions - 280g","p":3.32,"u":"11,86 €/KG","img":"https://fd6-photos.leclercdrive.fr/image.ashx?id=2945436&use=l&cat=p&typeid=i","cat":314030},{"id":227719,"n":"Jambon cuit supérieur découenné L'Atelier Charcuterie x4 - 220g","p":3.8,"u":"17,27 €/KG","img":"https://fd6-photos.leclercdrive.fr/image.ashx?id=2907413&use=l&cat=p&typeid=i","cat":316009},{"id":227731,"n":"Céréales Nesquik  375g","p":2.69,"u":"7,17 €/KG","img":"https://fd6-photos.leclercdrive.fr/image.ashx?id=2977411&use=l&cat=p&typeid=i","cat":309513},{"id":227738,"n":"Capsule Nescafé Farmers Origins  Africas Int 10 - x10","p":2.37,"u":"53,86 €/KG","img":"https://fd6-photos.leclercdrive.fr/image.ashx?id=2952172&use=l&cat=p&typeid=i","cat":284749},{"id":227739,"n":"Capsule Nescafé Farmers Origins  Colombia Décaféiné Int 6 - x10","p":2.85,"u":"53,77 €/KG","img":"https://fd6-photos.leclercdrive.fr/image.ashx?id=2701977&use=l&cat=p&typeid=i","cat":284749},{"id":227740,"n":"Capsule Nescafé Farmers Origins  Brazil Int 8 - x18","p":4.46,"u":"56,46 €/KG","img":"https://fd6-photos.leclercdrive.fr/image.ashx?id=3001521&use=l&cat=p&typeid=i","cat":284749},{"id":227745,"n":"Lait Combiotic Hipp Bio jusqu' à 6mois 800g","p":19.38,"u":"24,23 €/KG","img":"https://fd6-photos.leclercdrive.fr/image.ashx?id=2926843&use=l&cat=p&typeid=i","cat":284726},{"id":227746,"n":"Lait Combiotic nutrigest Hipp Bio - 800g","p":20.84,"u":"26,05 €/KG","img":"https://fd6-photos.leclercdrive.fr/image.ashx?id=2926840&use=l&cat=p&typeid=i","cat":284726},{"id":227767,"n":"Gel douche Men Expert Barber club - 300ml","p":3.38,"u":"11,27 €/L","img":"https://fd6-photos.leclercdrive.fr/image.ashx?id=3008773&use=l&cat=p&typeid=i","cat":284619},{"id":227780,"n":"Liqueur GET Menthe & Citrons 17,9° - 70cl","p":12.99,"u":"18,56 €/L","img":"https://fd6-photos.leclercdrive.fr/image.ashx?id=2840629&use=l&cat=p&typeid=i","cat":286032},{"id":227791,"n":"Café en grain Carte noire Espresso - 1kg","p":20.67,"u":"20,67 €/KG","img":"https://fd6-photos.leclercdrive.fr/image.ashx?id=2863872&use=l&cat=p&typeid=i","cat":293237},{"id":227818,"n":"Fromage enfant La Vache qui rit Pik&Croq 5 portions - 175g","p":2.39,"u":"13,66 €/KG","img":"https://fd6-photos.leclercdrive.fr/image.ashx?id=2945433&use=l&cat=p&typeid=i","cat":314030},{"id":227820,"n":"Fromage enfant La Vache qui rit Original 8P à tartiner - 128g","p":1.88,"u":"14,69 €/KG","img":"https://fd6-photos.leclercdrive.fr/image.ashx?id=2945439&use=l&cat=p&typeid=i","cat":314030},{"id":227822,"n":"Chips Lay's  Paprika - 130g","p":1.52,"u":"11,69 €/KG","img":"https://fd6-photos.leclercdrive.fr/image.ashx?id=3011158&use=l&cat=p&typeid=i","cat":284447},{"id":227823,"n":"Chips Lay's Emmental - 135g","p":1.31,"u":"9,70 €/KG","img":"https://fd6-photos.leclercdrive.fr/image.ashx?id=3011155&use=l&cat=p&typeid=i","cat":284447},{"id":227831,"n":"Spray Nettoyant Menager Cif  Anti-calcaire Universel 750 ml","p":2.54,"u":"3,39 €/L","img":"https://fd6-photos.leclercdrive.fr/image.ashx?id=2890520&use=l&cat=p&typeid=i","cat":325362},{"id":227839,"n":"Yaourt hyperprotéiné Sport Citron - 4x120g","p":2.65,"u":"5,52 €/KG","img":"https://fd6-photos.leclercdrive.fr/image.ashx?id=2881253&use=l&cat=p&typeid=i","cat":315000},{"id":227840,"n":"Yaourt hyperprotéiné Sport Coco - 4x120g","p":2.65,"u":"5,76 €/P","img":"https://fd6-photos.leclercdrive.fr/image.ashx?id=2716985&use=l&cat=p&typeid=i","cat":315000},{"id":227884,"n":"Bâtonnet Magnum White choco Cookie - x3 - 222g","p":2.6,"u":"11,71 €/KG","img":"https://fd6-photos.leclercdrive.fr/image.ashx?id=2793071&use=l&cat=p&typeid=i","cat":284265},{"id":227894,"n":"Bâtonnet Magnum Caramel salé Amandes x3 - 222g","p":2.94,"u":"13,24 €/KG","img":"https://fd6-photos.leclercdrive.fr/image.ashx?id=2793038&use=l&cat=p&typeid=i","cat":284265},{"id":227896,"n":"Glace Carte d'Or Les Essentiels Vanille de Madagascar 700ml","p":2.7,"pp":1.89,"u":"5,15 €/KG","img":"https://fd6-photos.leclercdrive.fr/image.ashx?id=2831149&use=l&cat=p&typeid=i","cat":284263},{"id":227897,"n":"Glace Bâtonnet MAGNUM Amande 4x100ml","p":2.86,"u":"9,53 €/KG","img":"https://fd6-photos.leclercdrive.fr/image.ashx?id=2849364&use=l&cat=p&typeid=i","cat":284265},{"id":227898,"n":"Bâtonnet Magnum Classic x4 - 300g","p":3.21,"u":"10,70 €/KG","img":"https://fd6-photos.leclercdrive.fr/image.ashx?id=2966794&use=l&cat=p&typeid=i","cat":284265},{"id":227900,"n":"Glace Bâtonnet MAGNUM Chocolat Blanc 4x100ml","p":3.14,"u":"10,68 €/KG","img":"https://fd6-photos.leclercdrive.fr/image.ashx?id=3011944&use=l&cat=p&typeid=i","cat":284265},{"id":227901,"n":"Bâtonnet Magnum Fraise et blanc - x4 - 324g","p":3.44,"u":"10,62 €/KG","img":"https://fd6-photos.leclercdrive.fr/image.ashx?id=3009293&use=l&cat=p&typeid=i","cat":284265},{"id":227902,"n":"Batonnets glace Magnum Chocolat Blanc Amande x4 - 300g","p":3.51,"u":"11,70 €/KG","img":"https://fd6-photos.leclercdrive.fr/image.ashx?id=3009296&use=l&cat=p&typeid=i","cat":284265},{"id":227905,"n":"Bâtonnet Magnum Chocolat blanc x8 - 588g","p":5.92,"u":"10,07 €/KG","img":"https://fd6-photos.leclercdrive.fr/image.ashx?id=2805663&use=l&cat=p&typeid=i","cat":284265},{"id":227906,"n":"Glace Bâtonnet Mini MAGNUM Amande 6x55ml","p":2.74,"u":"10,30 €/KG","img":"https://fd6-photos.leclercdrive.fr/image.ashx?id=2843544&use=l&cat=p&typeid=i","cat":284265},{"id":227907,"n":"Glace Bâtonnet MAGNUM Classique 6x55ml","p":2.74,"u":"11,00 €/KG","img":"https://fd6-photos.leclercdrive.fr/image.ashx?id=2967968&use=l&cat=p&typeid=i","cat":284265},{"id":227908,"n":"Mini bâtonnet Magnum Chocolat blanc Amande x6 - 257g","p":3.9,"u":"15,18 €/KG","img":"https://fd6-photos.leclercdrive.fr/image.ashx?id=2849367&use=l&cat=p&typeid=i","cat":284265},{"id":227918,"n":"Pois chiches Eco+ - 265g","p":0.67,"u":"2,53 €/KG","img":"https://fd6-photos.leclercdrive.fr/image.ashx?id=3003747&use=l&cat=p&typeid=i","cat":312609},{"id":227933,"n":"Chewing-gum Freedent Refresher  fraise citron x8 - 17g","p":1.03,"u":"60,59 €/KG","img":"https://fd6-photos.leclercdrive.fr/image.ashx?id=2833915&use=l&cat=p&typeid=i","cat":304251},{"id":227935,"n":"Chewing-gum Freedent Refreshers Bubble menthe x8 -17g","p":1.03,"u":"57,22 €/KG","img":"https://fd6-photos.leclercdrive.fr/image.ashx?id=2863785&use=l&cat=p&typeid=i","cat":304251},{"id":227963,"n":"Tartines croustillantes Wasa Flocons d'avoine - 265g","p":2.89,"u":"10,91 €/KG","img":"https://fd6-photos.leclercdrive.fr/image.ashx?id=2749527&use=l&cat=p&typeid=i","cat":284479},{"id":227964,"n":"Tartines croustillantes Wasa Sensation graines de chia -245g","p":2.9,"u":"11,84 €/KG","img":"https://fd6-photos.leclercdrive.fr/image.ashx?id=2749524&use=l&cat=p&typeid=i","cat":284479},{"id":227966,"n":"Compotes goudes Pom'Potes Pomme framboise Goyave - 360g","p":2.15,"u":"5,97 €/KG","img":"https://fd6-photos.leclercdrive.fr/image.ashx?id=2703708&use=l&cat=p&typeid=i","cat":284508},{"id":227967,"n":"Compotes gourges Pom'Potes Pomme pêche carotte 360g","p":2.15,"u":"5,97 €/KG","img":"https://fd6-photos.leclercdrive.fr/image.ashx?id=2703705&use=l&cat=p&typeid=i","cat":284508},{"id":227971,"n":"Bloc WC Net Fraicheur givrée x2","p":4.9,"u":"2,45 €/P","img":"https://fd6-photos.leclercdrive.fr/image.ashx?id=2703747&use=l&cat=p&typeid=i","cat":284662},{"id":227972,"n":"Bloc Enerny WC Net Fleurs de citronnier  x2","p":4.9,"u":"2,45 €/P","img":"https://fd6-photos.leclercdrive.fr/image.ashx?id=2703750&use=l&cat=p&typeid=i","cat":284662},{"id":227988,"n":"Bloc WC Energy Brise aquatique - Lot de 2","p":4.9,"u":"2,45 €/P","img":"https://fd6-photos.leclercdrive.fr/image.ashx?id=2703759&use=l&cat=p&typeid=i","cat":284662},{"id":228050,"n":"Gazpacho L'Original Florette 750ml","p":3.42,"u":"4,56 €/L","img":"https://fd6-photos.leclercdrive.fr/image.ashx?id=2875093&use=l&cat=p&typeid=i","cat":284355},{"id":228102,"n":"Thé glacé Lipton Ice Tea Pêche Sans sucres - bouteille 1.75l","p":2.18,"u":"1,25 €/L","img":"https://fd6-photos.leclercdrive.fr/image.ashx?id=2857060&use=l&cat=p&typeid=i","cat":295019},{"id":228103,"n":"Thé glacé Lipton Ice Tea Pêche Zéro sucres - canettes 6x33cl","p":3.65,"u":"1,84 €/L","img":"https://fd6-photos.leclercdrive.fr/image.ashx?id=2959442&use=l&cat=p&typeid=i","cat":295019},{"id":228179,"n":"IGP Méditerranée vin rosé Studio by Miraval - 1.5L","p":19.0,"u":"12,67 €/L","img":"https://fd6-photos.leclercdrive.fr/image.ashx?id=2990538&use=l&cat=p&typeid=i","cat":289558},{"id":228192,"n":"Coca-cola sans sucre Sans caféine  - 6x20cl","p":3.65,"u":"3,04 €/L","img":"https://fd6-photos.leclercdrive.fr/image.ashx?id=3009062&use=l&cat=p&typeid=i","cat":284530},{"id":228193,"n":"Tropico original Orange ananas - 1.75L","p":2.22,"u":"1,27 €/L","img":"https://fd6-photos.leclercdrive.fr/image.ashx?id=2705731&use=l&cat=p&typeid=i","cat":295018},{"id":228194,"n":"Thé glacé Oasis Ice Tea Saveur Mangue Passion - 1,5L","p":1.85,"u":"1,23 €/L","img":"https://fd6-photos.leclercdrive.fr/image.ashx?id=2705040&use=l&cat=p&typeid=i","cat":295019},{"id":228196,"n":"Sirop Frucci  Pêche - 1.3L","p":3.99,"u":"3,07 €/L","img":"https://fd6-photos.leclercdrive.fr/image.ashx?id=2898047&use=l&cat=p&typeid=i","cat":295020},{"id":228197,"n":"Sirop Frucci Fraise - 1.3L","p":3.77,"u":"2,90 €/L","img":"https://fd6-photos.leclercdrive.fr/image.ashx?id=2898041&use=l&cat=p&typeid=i","cat":295020},{"id":228198,"n":"Sirop Frucci Grenadine - 1.3L","p":3.28,"u":"2,52 €/L","img":"https://fd6-photos.leclercdrive.fr/image.ashx?id=2909921&use=l&cat=p&typeid=i","cat":295020},{"id":228199,"n":"Sirop Frucci Menthe - 1.3L","p":3.02,"u":"2,32 €/L","img":"https://fd6-photos.leclercdrive.fr/image.ashx?id=2898038&use=l&cat=p&typeid=i","cat":295020},{"id":228205,"n":"Nettoyant ménager AJAX Air frais coquelicots - 1.25L","p":2.28,"u":"1,82 €/L","img":"https://fd6-photos.leclercdrive.fr/image.ashx?id=2944473&use=l&cat=p&typeid=i","cat":284907},{"id":228279,"n":"Ratatouille cuisinée Cassegrain À la provençale - 3x380g","p":9.32,"u":"8,18 €/KG","img":"https://fd6-photos.leclercdrive.fr/image.ashx?id=2962119&use=l&cat=p&typeid=i","cat":312612},{"id":228296,"n":"Courgettes cuisinées Cassegrain À la provençale - 3x375g","p":9.32,"u":"8,28 €/KG","img":"https://fd6-photos.leclercdrive.fr/image.ashx?id=2962122&use=l&cat=p&typeid=i","cat":312612},{"id":228460,"n":"Capsules lave-vaisselle Sun Tout-en-1 Absolu Plus 390g x26","p":7.9,"u":"20,26 €/KG","img":"https://fd6-photos.leclercdrive.fr/image.ashx?id=2960282&use=l&cat=p&typeid=i","cat":284656},{"id":228461,"n":"Spray Nettoyant Menager Cif  Cleanboost Technology - 750 ml","p":2.23,"u":"2,97 €/L","img":"https://fd6-photos.leclercdrive.fr/image.ashx?id=2866214&use=l&cat=p&typeid=i","cat":325357},{"id":228462,"n":"Spray Nettoyant 5-en-1 Cif Cuisine & Salle de Bain 750ml","p":2.07,"u":"2,76 €/L","img":"https://fd6-photos.leclercdrive.fr/image.ashx?id=2999336&use=l&cat=p&typeid=i","cat":325357},{"id":228463,"n":"Liquide vaisselle mini Paic Citron - 500ml","p":1.13,"u":"2,26 €/L","img":"https://fd6-photos.leclercdrive.fr/image.ashx?id=2708020&use=l&cat=p&typeid=i","cat":284655},{"id":228464,"n":"Recharge Adoucissant Soupline Grand Air - 1L - x45","p":3.47,"u":"3,47 €/L","img":"https://fd6-photos.leclercdrive.fr/image.ashx?id=2860598&use=l&cat=p&typeid=i","cat":284650},{"id":228465,"n":"Nettoyant ménager Ajax Fête des fleurs muguets 1.25L","p":2.3,"u":"1,84 €/L","img":"https://fd6-photos.leclercdrive.fr/image.ashx?id=2926072&use=l&cat=p&typeid=i","cat":284907},{"id":228466,"n":"Liquide vaisselle et mains Paic Citron - 500ml","p":2.03,"u":"4,06 €/L","img":"https://fd6-photos.leclercdrive.fr/image.ashx?id=2708038&use=l&cat=p&typeid=i","cat":284655},{"id":228467,"n":"Spray nettoyant ménager Ajax Salle de bain - 500ml","p":2.68,"u":"5,36 €/L","img":"https://fd6-photos.leclercdrive.fr/image.ashx?id=2708041&use=l&cat=p&typeid=i","cat":325357},{"id":228468,"n":"Spray nettoyant ménager Ajax Multi-surfaces - 500ml","p":2.68,"u":"5,36 €/L","img":"https://fd6-photos.leclercdrive.fr/image.ashx?id=2708044&use=l&cat=p&typeid=i","cat":325357},{"id":228469,"n":"Perles de linge Soupline Grand Air - 230g","p":6.9,"u":"30,00 €/KG","img":"https://fd6-photos.leclercdrive.fr/image.ashx?id=2708032&use=l&cat=p&typeid=i","cat":325302},{"id":228473,"n":"Déodorant Bulldog Original - 125ml","p":4.93,"u":"39,44 €/L","img":"https://fd6-photos.leclercdrive.fr/image.ashx?id=2708259&use=l&cat=p&typeid=i","cat":284595},{"id":228477,"n":"Brosse à dents Signal Triple Action - Medium - x4","p":1.52,"u":"0,38 €/P","img":"https://fd6-photos.leclercdrive.fr/image.ashx?id=2708310&use=l&cat=p&typeid=i","cat":284614},{"id":228480,"n":"Gel Douche Dove Advanced Care Nutrition Intense 225ml","p":2.52,"u":"11,20 €/L","img":"https://fd6-photos.leclercdrive.fr/image.ashx?id=2968580&use=l&cat=p&typeid=i","cat":284594},{"id":228481,"n":"Gel Douche Dove Advanced Care Nutrition Intense 400ml","p":4.15,"u":"10,38 €/L","img":"https://fd6-photos.leclercdrive.fr/image.ashx?id=2991036&use=l&cat=p&typeid=i","cat":284594},{"id":228484,"n":"Gel Douche Dove Hydratant 450ml","p":3.87,"u":"8,60 €/L","img":"https://fd6-photos.leclercdrive.fr/image.ashx?id=2993499&use=l&cat=p&typeid=i","cat":284594},{"id":228486,"n":"Gel douche Dove Fraîcheur - 450ml","p":3.98,"u":"8,84 €/L","img":"https://fd6-photos.leclercdrive.fr/image.ashx?id=2738707&use=l&cat=p&typeid=i","cat":284594},{"id":228490,"n":"Lessive liquide Le Chat  L'Expert bicarbonate x66 -2.97L","p":15.73,"u":"5,30 €/L","img":"https://fd6-photos.leclercdrive.fr/image.ashx?id=2877781&use=l&cat=p&typeid=i","cat":284640},{"id":228499,"n":"Lessive liquide X-tra Total 4 en 1 x63 - 2.835L","p":8.92,"u":"3,15 €/L","img":"https://fd6-photos.leclercdrive.fr/image.ashx?id=2921561&use=l&cat=p&typeid=i","cat":284640},{"id":228501,"n":"Lessive liquide X-tra Total Savon de Marseille x63  -2.835L","p":9.06,"u":"3,20 €/L","img":"https://fd6-photos.leclercdrive.fr/image.ashx?id=2921564&use=l&cat=p&typeid=i","cat":284640},{"id":228503,"n":"Recharge lessive Maison Verte Huiles essentielles x33 -1.485L","p":6.98,"u":"4,70 €/L","img":"https://fd6-photos.leclercdrive.fr/image.ashx?id=2890625&use=l&cat=p&typeid=i","cat":284644},{"id":228506,"n":"Lessive liquide Mir Black Raviveur noir x27 - 1.35L","p":5.84,"u":"4,33 €/L","img":"https://fd6-photos.leclercdrive.fr/image.ashx?id=2881323&use=l&cat=p&typeid=i","cat":284644},{"id":228509,"n":"Lessive liquide Mir Laine Textile délicat x27 - 1.35L","p":5.39,"u":"3,99 €/L","img":"https://fd6-photos.leclercdrive.fr/image.ashx?id=2890118&use=l&cat=p&typeid=i","cat":284644},{"id":228510,"n":"Lessive liquide Super Croix X-tra Bora Bora x42 - 1.89L","p":7.71,"u":"4,08 €/L","img":"https://fd6-photos.leclercdrive.fr/image.ashx?id=2876263&use=l&cat=p&typeid=i","cat":284640},{"id":228511,"n":"Lessive liquide Maison Verte Fraîcheur d'été - 1.485L x33","p":7.24,"u":"4,88 €/L","img":"https://fd6-photos.leclercdrive.fr/image.ashx?id=2890121&use=l&cat=p&typeid=i","cat":284640},{"id":228541,"n":"Sirop Teisseire  Menthe verte - 1,30L","p":5.23,"u":"4,02 €/L","img":"https://fd6-photos.leclercdrive.fr/image.ashx?id=2709094&use=l&cat=p&typeid=i","cat":295020},{"id":228631,"n":"Soda Coca-Cola Sans Sucres Canette - Pack 6x20CL","p":3.47,"u":"2,89 €/L","img":"https://fd6-photos.leclercdrive.fr/image.ashx?id=2709352&use=l&cat=p&typeid=i","cat":284530},{"id":228685,"n":"Bière aromatisée cerise La Bête 8° - 6x25cl","p":8.43,"u":"5,62 €/L","img":"https://fd6-photos.leclercdrive.fr/image.ashx?id=2766731&use=l&cat=p&typeid=i","cat":334872},{"id":228742,"n":"Haricots verts D'Aucy Extra fins - 3x455g","p":7.28,"u":"5,33 €/KG","img":"https://fd6-photos.leclercdrive.fr/image.ashx?id=2728333&use=l&cat=p&typeid=i","cat":312606},{"id":228762,"n":"Shampooing Head & Shoulders Pure intense - 625ml","p":9.13,"u":"14,61 €/L","img":"https://fd6-photos.leclercdrive.fr/image.ashx?id=2878459&use=l&cat=p&typeid=i","cat":284606},{"id":228836,"n":"Chips ondulées Pom'Lisse Olive noire - 135g","p":1.29,"u":"9,56 €/KG","img":"https://fd6-photos.leclercdrive.fr/image.ashx?id=2709978&use=l&cat=p&typeid=i","cat":284447},{"id":228837,"n":"Haricots rouges Eco+ 250g","p":0.55,"u":"2,20 €/KG","img":"https://fd6-photos.leclercdrive.fr/image.ashx?id=3003750&use=l&cat=p&typeid=i","cat":312606},{"id":228862,"n":"Lait bébé Candia Baby croissance 3ème âge - 18x25cl","p":10.57,"u":"2,35 €/L","img":"https://fd6-photos.leclercdrive.fr/image.ashx?id=2963367&use=l&cat=p&typeid=i","cat":284728},{"id":228902,"n":"Boisson lactée Candy'up  Choco coco - 6x20cl","p":2.79,"u":"2,33 €/L","img":"https://fd6-photos.leclercdrive.fr/image.ashx?id=2890241&use=l&cat=p&typeid=i","cat":295246},{"id":228909,"n":"Crème fixative Polident Soin & tolérence 0% - 77g","p":5.88,"u":"76,36 €/KG","img":"https://fd6-photos.leclercdrive.fr/image.ashx?id=2712046&use=l&cat=p&typeid=i","cat":285158},{"id":228932,"n":"Lait croissance Guigoz Optipro 3 - 6x500ml","p":9.28,"u":"3,09 €/L","img":"https://fd6-photos.leclercdrive.fr/image.ashx?id=2712139&use=l&cat=p&typeid=i","cat":284728},{"id":228934,"n":"P'tit brassé Pomme  Nestlé Framboise céréale 2X115g","p":1.81,"u":"7,87 €/KG","img":"https://fd6-photos.leclercdrive.fr/image.ashx?id=2712130&use=l&cat=p&typeid=i","cat":312392},{"id":228935,"n":"Dessert P'tit brassé Nestlé Banane mangue céréales 2x115g","p":1.84,"u":"8,00 €/KG","img":"https://fd6-photos.leclercdrive.fr/image.ashx?id=2712127&use=l&cat=p&typeid=i","cat":312392},{"id":228940,"n":"Naturnes Nestlé Jardinière de légumes 2x190g","p":2.3,"u":"6,05 €/KG","img":"https://fd6-photos.leclercdrive.fr/image.ashx?id=2712124&use=l&cat=p&typeid=i","cat":312235},{"id":228942,"n":"Dessert P'tit brassé  Mini pêche - 6x50g","p":2.07,"u":"6,90 €/KG","img":"https://fd6-photos.leclercdrive.fr/image.ashx?id=2955989&use=l&cat=p&typeid=i","cat":312392},{"id":228948,"n":"Biscuits Mulino Bianco Nascondini - 330g","p":4.97,"u":"15,06 €/KG","img":"https://fd6-photos.leclercdrive.fr/image.ashx?id=2850258&use=l&cat=p&typeid=i","cat":289010},{"id":228952,"n":"Biscuits Mulino Bianco Galetti - 350g","p":3.74,"u":"10,69 €/KG","img":"https://fd6-photos.leclercdrive.fr/image.ashx?id=2850252&use=l&cat=p&typeid=i","cat":289010},{"id":228953,"n":"Boisson Gazeuse Maison Perrier Magnetic Juice Ananas 4x25cl","p":2.79,"u":"2,79 €/L","img":"https://fd6-photos.leclercdrive.fr/image.ashx?id=2924890&use=l&cat=p&typeid=i","cat":284536},{"id":228954,"n":"Boisson Gazeuse Maison Perrier Magnetic Juice Pêche 4x25cl","p":2.79,"u":"2,79 €/L","img":"https://fd6-photos.leclercdrive.fr/image.ashx?id=2924887&use=l&cat=p&typeid=i","cat":284536},{"id":228957,"n":"Dessert P'tit brassé  Mini banane - 300g","p":2.1,"u":"7,00 €/KG","img":"https://fd6-photos.leclercdrive.fr/image.ashx?id=2958203&use=l&cat=p&typeid=i","cat":312392},{"id":228958,"n":"Dessert mini P'tit brassé Nature -300g","p":2.12,"u":"7,07 €/KG","img":"https://fd6-photos.leclercdrive.fr/image.ashx?id=2712112&use=l&cat=p&typeid=i","cat":312392},{"id":228964,"n":"P'tite céréales  Vanille - 270g","p":3.24,"u":"12,00 €/KG","img":"https://fd6-photos.leclercdrive.fr/image.ashx?id=2737777&use=l&cat=p&typeid=i","cat":312225},{"id":228975,"n":"Plat cuisiné Paysan Breton Porc champignons - 300g","p":3.3,"u":"11,00 €/KG","img":"https://fd6-photos.leclercdrive.fr/image.ashx?id=2712582&use=l&cat=p&typeid=i","cat":284953},{"id":228976,"n":"Infusion Saveurs du soir Lipton Grand sud - 32g","p":1.18,"u":"36,88 €/KG","img":"https://fd6-photos.leclercdrive.fr/image.ashx?id=2718741&use=l&cat=p&typeid=i","cat":293234},{"id":228982,"n":"Pare-soleil latéraux Tech9 Rectangle - 100x50cm - x2","p":6.95,"img":"https://fd6-photos.leclercdrive.fr/image.ashx?id=2712364&use=l&cat=p&typeid=i","cat":298252},{"id":228986,"n":"Thé noir au citron d'Espagne Lipton Russian earl grey - 150g","p":8.08,"u":"53,87 €/KG","img":"https://fd6-photos.leclercdrive.fr/image.ashx?id=2745100&use=l&cat=p&typeid=i","cat":293233},{"id":228992,"n":"Thé vert Lipton Bio  x20 - 28g","p":2.61,"u":"93,21 €/KG","img":"https://fd6-photos.leclercdrive.fr/image.ashx?id=2739405&use=l&cat=p&typeid=i","cat":293233},{"id":228995,"n":"Coffret thé noir Lipton Sensations x50 - 82g","p":9.5,"pp":6.65,"u":"81,10 €/KG","img":"https://fd6-photos.leclercdrive.fr/image.ashx?id=2719636&use=l&cat=p&typeid=i","cat":293233},{"id":229002,"n":"Chips Tuiles Pringles HOT Flamin' Cheese - 160g","p":2.0,"u":"12,50 €/KG","img":"https://fd6-photos.leclercdrive.fr/image.ashx?id=2927609&use=l&cat=p&typeid=i","cat":287899},{"id":229003,"n":"Chips Lay's Barbecue x6 - 168g","p":2.17,"u":"12,92 €/KG","img":"https://fd6-photos.leclercdrive.fr/image.ashx?id=3011146&use=l&cat=p&typeid=i","cat":284447},{"id":229072,"n":"Biscuits chocolats Kinder Duo Chocolat blanc et lait - 2x150g","p":4.31,"u":"14,37 €/KG","img":"https://fd6-photos.leclercdrive.fr/image.ashx?id=2718188&use=l&cat=p&typeid=i","cat":284488},{"id":229102,"n":"Capsule Nescafé Farmers Origins  Africas Int 10 - x18","p":4.32,"u":"54,68 €/KG","img":"https://fd6-photos.leclercdrive.fr/image.ashx?id=2714588&use=l&cat=p&typeid=i","cat":284749},{"id":229109,"n":"Capsule Nescafé Farmers Origins Intensité 7 - x10 - 44g","p":2.82,"u":"64,09 €/KG","img":"https://fd6-photos.leclercdrive.fr/image.ashx?id=2714585&use=l&cat=p&typeid=i","cat":284749},{"id":229117,"n":"Noisettes décortiquées  Couleurs Vives - 175g","p":2.99,"u":"17,09 €/KG","img":"https://fd6-photos.leclercdrive.fr/image.ashx?id=2713661&use=l&cat=p&typeid=i","cat":284357},{"id":229144,"n":"Margarine doux St-Hubert L'Original - 250g","p":1.79,"u":"7,16 €/KG","img":"https://fd6-photos.leclercdrive.fr/image.ashx?id=2978032&use=l&cat=p&typeid=i","cat":315229},{"id":229156,"n":"Vin efferverscent Perlino Prosecco brut - 75cl","p":6.88,"u":"9,17 €/L","img":"https://fd6-photos.leclercdrive.fr/image.ashx?id=2873333&use=l&cat=p&typeid=i","cat":289461},{"id":229167,"n":"Eau de source Cristaline  Petillante - 6x33cl","p":2.29,"u":"1,16 €/L","img":"https://fd6-photos.leclercdrive.fr/image.ashx?id=2714018&use=l&cat=p&typeid=i","cat":284536},{"id":229224,"n":"Glace pâte à tartiner Nutella 230g","p":3.95,"u":"17,17 €/KG","img":"https://fd6-photos.leclercdrive.fr/image.ashx?id=2905672&use=l&cat=p&typeid=i","cat":284725},{"id":229243,"n":"Soin capillaire express Le  Petit Marseillais Karité -200ml","p":2.85,"u":"14,25 €/L","img":"https://fd6-photos.leclercdrive.fr/image.ashx?id=2735248&use=l&cat=p&typeid=i","cat":284608},{"id":229244,"n":"Soin capillaire express Le Petit Marseillais Argan - 200ml","p":2.89,"u":"14,45 €/L","img":"https://fd6-photos.leclercdrive.fr/image.ashx?id=2715255&use=l&cat=p&typeid=i","cat":284608},{"id":229288,"n":"Glace Carte d'Or Café - 374g","p":2.82,"pp":1.97,"u":"5,27 €/KG","img":"https://fd6-photos.leclercdrive.fr/image.ashx?id=2973348&use=l&cat=p&typeid=i","cat":284263},{"id":229289,"n":"Glace Carte d'Or Chocolat Noir - 374g","p":2.69,"pp":1.88,"u":"5,03 €/KG","img":"https://fd6-photos.leclercdrive.fr/image.ashx?id=2849370&use=l&cat=p&typeid=i","cat":284263},{"id":229291,"n":"Glace Carte d'Or Rhum raisin - 394g","p":2.92,"pp":2.04,"u":"5,18 €/KG","img":"https://fd6-photos.leclercdrive.fr/image.ashx?id=3009305&use=l&cat=p&typeid=i","cat":284263},{"id":229293,"n":"Crème Glacée Carte D'Or crème  de Vanille de Madagascar 700ml","p":3.27,"pp":2.29,"u":"6,24 €/KG","img":"https://fd6-photos.leclercdrive.fr/image.ashx?id=2793062&use=l&cat=p&typeid=i","cat":284263},{"id":229295,"n":"Glace Carte d'Or Citron de Sicile - 453g","p":3.19,"pp":2.23,"u":"4,92 €/KG","img":"https://fd6-photos.leclercdrive.fr/image.ashx?id=2769251&use=l&cat=p&typeid=i","cat":284263},{"id":229325,"n":"Bière Leffe Ruby 5% - 50cl canette","p":1.89,"u":"3,78 €/L","img":"https://fd6-photos.leclercdrive.fr/image.ashx?id=2716657&use=l&cat=p&typeid=i","cat":334853},{"id":229394,"n":"Crème glacée La Laitière Café - 490g","p":3.24,"pp":2.27,"u":"4,63 €/KG","img":"https://fd6-photos.leclercdrive.fr/image.ashx?id=3000021&use=l&cat=p&typeid=i","cat":284263},{"id":229395,"n":"Crème glacée La Laitière Menthe Chocolat - 490g","p":3.24,"pp":2.27,"u":"4,63 €/KG","img":"https://fd6-photos.leclercdrive.fr/image.ashx?id=2877889&use=l&cat=p&typeid=i","cat":284263},{"id":229397,"n":"Sorbet La Laitière Fraise - 558g","p":3.24,"pp":2.27,"u":"4,07 €/KG","img":"https://fd6-photos.leclercdrive.fr/image.ashx?id=3000018&use=l&cat=p&typeid=i","cat":284263},{"id":229451,"n":"Croquettes Friskies junior  Poulet avec du lait - 7kg","p":18.74,"u":"2,68 €/KG","img":"https://fd6-photos.leclercdrive.fr/image.ashx?id=2986990&use=l&cat=p&typeid=i","cat":284672},{"id":229494,"n":"Bière Lindemans pomme 5%vol. - 25cl","p":1.47,"u":"5,88 €/L","img":"https://fd6-photos.leclercdrive.fr/image.ashx?id=2830891&use=l&cat=p&typeid=i","cat":334872},{"id":229498,"n":"Chips Lay's Moutarde pickles - 135g","p":1.61,"u":"11,93 €/KG","img":"https://fd6-photos.leclercdrive.fr/image.ashx?id=3011152&use=l&cat=p&typeid=i","cat":284447},{"id":229509,"n":"Déodorant Rexona Men  Cobalt Dry - 2x50ml","p":5.52,"u":"55,20 €/L","img":"https://fd6-photos.leclercdrive.fr/image.ashx?id=2943792&use=l&cat=p&typeid=i","cat":284618},{"id":229517,"n":"Soda au cola Pepsi Zéro sucres Le lot de 6x33cl canettes","p":2.58,"u":"1,30 €/L","img":"https://fd6-photos.leclercdrive.fr/image.ashx?id=2773391&use=l&cat=p&typeid=i","cat":284530},{"id":229523,"n":"Thé glacé Lipton Ice Tea Pêche Le lot de 12x33cl canettes","p":6.31,"u":"1,59 €/L","img":"https://fd6-photos.leclercdrive.fr/image.ashx?id=2717550&use=l&cat=p&typeid=i","cat":295019},{"id":229524,"n":"Thé glacé pétillant Lipton Ice Tea pêche - canettes 6x33cl","p":3.66,"u":"1,85 €/L","img":"https://fd6-photos.leclercdrive.fr/image.ashx?id=2900833&use=l&cat=p&typeid=i","cat":295019},{"id":229593,"n":"Tablettes lave-vaisselle Visior Tout en 1 citron x45 - 765g","p":5.79,"u":"7,57 €/KG","img":"https://fd6-photos.leclercdrive.fr/image.ashx?id=2954905&use=l&cat=p&typeid=i","cat":284656},{"id":229599,"n":"Capsules Starbucks by Nespresso  Caramel Int 5 - x10","p":3.88,"u":"76,08 €/KG","img":"https://fd6-photos.leclercdrive.fr/image.ashx?id=2718260&use=l&cat=p&typeid=i","cat":284749},{"id":229601,"n":"Miel d'acacia de Bourgogne Nos Région ont du Talent 375g","p":6.99,"u":"18,64 €/KG","img":"https://fd6-photos.leclercdrive.fr/image.ashx?id=2771441&use=l&cat=p&typeid=i","cat":287643},{"id":229609,"n":"Boisson fraise banane Jafun 1L","p":1.2,"u":"1,20 €/L","img":"https://fd6-photos.leclercdrive.fr/image.ashx?id=2956792&use=l&cat=p&typeid=i","cat":295018},{"id":229611,"n":"AOP vin rosé ventoux  Rives et Terrasses 3L","p":9.99,"u":"3,33 €/L","img":"https://fd6-photos.leclercdrive.fr/image.ashx?id=2884276&use=l&cat=p&typeid=i","cat":289558},{"id":229612,"n":"Prosecco  Eco+ 75cl","p":3.99,"u":"5,32 €/L","img":"https://fd6-photos.leclercdrive.fr/image.ashx?id=2931760&use=l&cat=p&typeid=i","cat":289461},{"id":229614,"n":"Jus tropical Tropicana 1.5L","p":2.09,"u":"1,39 €/L","img":"https://fd6-photos.leclercdrive.fr/image.ashx?id=3010798&use=l&cat=p&typeid=i","cat":284916},{"id":229615,"n":"AOP Crémant de loire Demi sec  Les Caractères - 75cl","p":4.99,"u":"6,65 €/L","img":"https://fd6-photos.leclercdrive.fr/image.ashx?id=2717297&use=l&cat=p&typeid=i","cat":284545},{"id":229811,"n":"Crème fixative Polident Original 0% -44g -","p":3.29,"u":"74,77 €/KG","img":"https://fd6-photos.leclercdrive.fr/image.ashx?id=2719615&use=l&cat=p&typeid=i","cat":285158},{"id":229846,"n":"Serviettes fuites urinaires  Always Discreet - 3x10p","p":11.64,"u":"0,39 €/P","img":"https://fd6-photos.leclercdrive.fr/image.ashx?id=2721433&use=l&cat=p&typeid=i","cat":284628},{"id":229847,"n":"Serviettes fuites urinaires Always Discreet - x18p","p":12.56,"u":"0,70 €/P","img":"https://fd6-photos.leclercdrive.fr/image.ashx?id=2721436&use=l&cat=p&typeid=i","cat":284628},{"id":229848,"n":"Serviettes fuites urinaires Always Discreet - x24","p":12.56,"u":"0,52 €/P","img":"https://fd6-photos.leclercdrive.fr/image.ashx?id=2721439&use=l&cat=p&typeid=i","cat":284628},{"id":229850,"n":"Serviettes fuites urinaires Always Distreet - x36","p":11.64,"u":"0,32 €/P","img":"https://fd6-photos.leclercdrive.fr/image.ashx?id=2902430&use=l&cat=p&typeid=i","cat":284628},{"id":229852,"n":"Serviettes fuites urinaires  Always Distreet - x24","p":11.17,"u":"0,47 €/P","img":"https://fd6-photos.leclercdrive.fr/image.ashx?id=2721451&use=l&cat=p&typeid=i","cat":284628},{"id":229853,"n":"Serviettes fuites urinaires Always Distreet - x24","p":11.17,"u":"0,47 €/P","img":"https://fd6-photos.leclercdrive.fr/image.ashx?id=2818157&use=l&cat=p&typeid=i","cat":284628},{"id":229879,"n":"Apéritif Campari 25% vol - 70cl","p":16.37,"u":"23,39 €/L","img":"https://fd6-photos.leclercdrive.fr/image.ashx?id=3009155&use=l&cat=p&typeid=i","cat":286032},{"id":229891,"n":"Pain de mie complet Harrys Sandwich Sans sucre ajouté 600g","p":1.69,"u":"2,82 €/KG","img":"https://fd6-photos.leclercdrive.fr/image.ashx?id=2962473&use=l&cat=p&typeid=i","cat":284477},{"id":229893,"n":"Pain de mie complet Harrys Sandwich Sans sucre ajouté 900g","p":2.31,"u":"2,57 €/KG","img":"https://fd6-photos.leclercdrive.fr/image.ashx?id=2962476&use=l&cat=p&typeid=i","cat":284477},{"id":229896,"n":"Pain de mie nature Harrys American Sandwich 550g","p":1.57,"u":"2,85 €/KG","img":"https://fd6-photos.leclercdrive.fr/image.ashx?id=2962446&use=l&cat=p&typeid=i","cat":284477},{"id":229897,"n":"Pain de mie nature Harrys Sandwich Sans sucre ajouté 825g","p":2.17,"u":"2,63 €/KG","img":"https://fd6-photos.leclercdrive.fr/image.ashx?id=2962449&use=l&cat=p&typeid=i","cat":284477},{"id":229898,"n":"Pain de mie nature Harrys Sandwich Tranches épaisses 550g","p":2.01,"u":"3,65 €/KG","img":"https://fd6-photos.leclercdrive.fr/image.ashx?id=2962455&use=l&cat=p&typeid=i","cat":284477},{"id":229920,"n":"Pain de mie rustique Harrys Sandwich Sans sucre ajouté 500g","p":2.33,"u":"4,66 €/KG","img":"https://fd6-photos.leclercdrive.fr/image.ashx?id=2962458&use=l&cat=p&typeid=i","cat":284477},{"id":229921,"n":"Pain de mie céréales Harrys Sandwich Sans sucre ajouté 550g","p":1.88,"u":"3,42 €/KG","img":"https://fd6-photos.leclercdrive.fr/image.ashx?id=2962452&use=l&cat=p&typeid=i","cat":284477},{"id":229979,"n":"Pate à tartiner Bonne Maman Noisette et cacao - 580g +25%","p":5.98,"u":"8,25 €/KG","img":"https://fd6-photos.leclercdrive.fr/image.ashx?id=2719495&use=l&cat=p&typeid=i","cat":284481},{"id":229982,"n":"Coulommiers Eco+ 320g","p":1.78,"u":"5,56 €/KG","img":"https://fd6-photos.leclercdrive.fr/image.ashx?id=2726824&use=l&cat=p&typeid=i","cat":314033},{"id":230099,"n":"Barres chocolatées Kitkat Noisettes - x8 - 332g","p":4.86,"u":"14,64 €/KG","img":"https://fd6-photos.leclercdrive.fr/image.ashx?id=2895053&use=l&cat=p&typeid=i","cat":284498},{"id":230160,"n":"Chocolat gianduja Novi Noisettes - 130g","p":3.19,"u":"24,54 €/KG","img":"https://fd6-photos.leclercdrive.fr/image.ashx?id=2778602&use=l&cat=p&typeid=i","cat":284497},{"id":230167,"n":"Lessive liquide X-tra Total  Ecopack  x41 - 1.845L","p":6.69,"u":"3,63 €/L","img":"https://fd6-photos.leclercdrive.fr/image.ashx?id=2890124&use=l&cat=p&typeid=i","cat":284640},{"id":230171,"n":"Bière Picon 1L","p":10.3,"u":"10,30 €/L","img":"https://fd6-photos.leclercdrive.fr/image.ashx?id=2720908&use=l&cat=p&typeid=i","cat":334872},{"id":230174,"n":"Bière blonde Fischer Tradition 6% - 66cl","p":1.94,"u":"2,94 €/L","img":"https://fd6-photos.leclercdrive.fr/image.ashx?id=3008128&use=l&cat=p&typeid=i","cat":334873},{"id":230193,"n":"Nettoyant ménager La Croix Gel utra dégraissant - 1L","p":2.07,"u":"2,07 €/L","img":"https://fd6-photos.leclercdrive.fr/image.ashx?id=2721534&use=l&cat=p&typeid=i","cat":325357},{"id":230198,"n":"Gel nettoyant WC La Croix Ultra WC - 750ml","p":1.27,"u":"1,69 €/L","img":"https://fd6-photos.leclercdrive.fr/image.ashx?id=2721531&use=l&cat=p&typeid=i","cat":284662},{"id":230285,"n":"Liqueur Disaronno Velvet 17% - 70cl","p":22.5,"u":"32,14 €/L","img":"https://fd6-photos.leclercdrive.fr/image.ashx?id=2805606&use=l&cat=p&typeid=i","cat":286032},{"id":230303,"n":"Rasoir Gillette Fusion x5","p":27.65,"u":"5,53 €/P","img":"https://fd6-photos.leclercdrive.fr/image.ashx?id=2722240&use=l&cat=p&typeid=i","cat":284616},{"id":230318,"n":"Talc boîte poudreuse Felce Azzurra - 200g","p":2.6,"u":"13,00 €/KG","img":"https://fd6-photos.leclercdrive.fr/image.ashx?id=2938935&use=l&cat=p&typeid=i","cat":284741},{"id":230596,"n":"Colin à la Bordelaise Findus  MSC - 380g","p":4.34,"u":"11,42 €/KG","img":"https://fd6-photos.leclercdrive.fr/image.ashx?id=2899503&use=l&cat=p&typeid=i","cat":319786},{"id":230634,"n":"Dattes Deglet Nour Eco+ Barquette 500g","p":1.94,"u":"3,88 €/KG","img":"https://fd6-photos.leclercdrive.fr/image.ashx?id=2747196&use=l&cat=p&typeid=i","cat":284357},{"id":230637,"n":"Abricots secs Eco+ 500g","p":4.99,"u":"9,98 €/KG","img":"https://fd6-photos.leclercdrive.fr/image.ashx?id=2754871&use=l&cat=p&typeid=i","cat":284357},{"id":230740,"n":"Serviettes incontinence Eco+ Extra - x10","p":1.68,"img":"https://fd6-photos.leclercdrive.fr/image.ashx?id=2722979&use=l&cat=p&typeid=i","cat":284628},{"id":230763,"n":"Beurre demi-sel Paysan Breton 250g","p":2.98,"u":"11,92 €/KG","img":"https://fd6-photos.leclercdrive.fr/image.ashx?id=2959463&use=l&cat=p&typeid=i","cat":284379},{"id":230830,"n":"Crackers Belin Monaco Emmental 110g","p":1.23,"u":"11,18 €/KG","img":"https://fd6-photos.leclercdrive.fr/image.ashx?id=3002228&use=l&cat=p&typeid=i","cat":297000},{"id":230863,"n":"Crackers Monaco Belin Emmental  170g","p":1.42,"u":"8,35 €/KG","img":"https://fd6-photos.leclercdrive.fr/image.ashx?id=3002231&use=l&cat=p&typeid=i","cat":297000},{"id":231045,"n":"Eponge grattante classic verte Nicols - x6","p":3.01,"u":"0,50 €/P","img":"https://fd6-photos.leclercdrive.fr/image.ashx?id=2725801&use=l&cat=p&typeid=i","cat":284667},{"id":231095,"n":"Mayonnaise de Dijon Amora 605g","p":3.54,"u":"5,85 €/KG","img":"https://fd6-photos.leclercdrive.fr/image.ashx?id=2877292&use=l&cat=p&typeid=i","cat":298295},{"id":231098,"n":"Thon Rio Mare 195g","p":3.84,"u":"19,69 €/KG","img":"https://fd6-photos.leclercdrive.fr/image.ashx?id=2725867&use=l&cat=p&typeid=i","cat":303867},{"id":231126,"n":"Thon entier MSC Rio Mare Filet d'huile d'olive - 120g","p":2.68,"u":"22,33 €/KG","img":"https://fd6-photos.leclercdrive.fr/image.ashx?id=2726263&use=l&cat=p&typeid=i","cat":303867},{"id":231127,"n":"Filets de thon Rio Mare Huile d'olive & piment 130g","p":2.99,"u":"23,00 €/KG","img":"https://fd6-photos.leclercdrive.fr/image.ashx?id=2726260&use=l&cat=p&typeid=i","cat":303867},{"id":231129,"n":"Filets de thon Rio Mare Huile d'olive vierge extra 130g","p":2.99,"u":"23,00 €/KG","img":"https://fd6-photos.leclercdrive.fr/image.ashx?id=2726257&use=l&cat=p&typeid=i","cat":303867},{"id":231157,"n":"Boisson énergisante Sport  Powerade Golden Mango - 50CL","p":1.09,"u":"2,18 €/L","img":"https://fd6-photos.leclercdrive.fr/image.ashx?id=2774223&use=l&cat=p&typeid=i","cat":284533},{"id":231169,"n":"Picon Club 18%vol. - 1L","p":10.73,"u":"10,73 €/L","img":"https://fd6-photos.leclercdrive.fr/image.ashx?id=2726245&use=l&cat=p&typeid=i","cat":284913},{"id":231193,"n":"Jus de citron Andros 1L + 15% offert","p":2.19,"u":"1,90 €/L","img":"https://fd6-photos.leclercdrive.fr/image.ashx?id=2921349&use=l&cat=p&typeid=i","cat":285435},{"id":231203,"n":"Lessive liquide Super Croix  X-tra Japon x42- 1.89L","p":8.64,"u":"4,57 €/L","img":"https://fd6-photos.leclercdrive.fr/image.ashx?id=2876272&use=l&cat=p&typeid=i","cat":284640},{"id":231226,"n":"Doonuts nappés St Michel 8+4 offerts - 360g","p":2.38,"u":"6,61 €/KG","img":"https://fd6-photos.leclercdrive.fr/image.ashx?id=2936308&use=l&cat=p&typeid=i","cat":284495},{"id":231282,"n":"Chips Street food Vico  Saveur tzatziki - 120g","p":1.25,"u":"10,42 €/KG","img":"https://fd6-photos.leclercdrive.fr/image.ashx?id=2985192&use=l&cat=p&typeid=i","cat":284447},{"id":231313,"n":"Arrangé Isautier Café  50cl","p":15.93,"u":"31,86 €/L","img":"https://fd6-photos.leclercdrive.fr/image.ashx?id=2728474&use=l&cat=p&typeid=i","cat":284551},{"id":231361,"n":"Mûres entières Fresh Cueillette - 500g","p":3.84,"u":"7,68 €/KG","img":"https://fd6-photos.leclercdrive.fr/image.ashx?id=2743493&use=l&cat=p&typeid=i","cat":284268},{"id":231362,"n":"Barquettes de terrine Cesar Bio Natural Goodness - 100g","p":0.92,"u":"9,20 €/KG","img":"https://fd6-photos.leclercdrive.fr/image.ashx?id=2728657&use=l&cat=p&typeid=i","cat":284673},{"id":231364,"n":"Barquettes terrine Cesar Bio Natural Goodness - 100g","p":0.95,"u":"9,50 €/KG","img":"https://fd6-photos.leclercdrive.fr/image.ashx?id=2728654&use=l&cat=p&typeid=i","cat":284673},{"id":231368,"n":"Capsules café L'Or Espresso Supremo N°10 x30","p":9.32,"u":"59,74 €/KG","img":"https://fd6-photos.leclercdrive.fr/image.ashx?id=2788052&use=l&cat=p&typeid=i","cat":284749},{"id":231369,"n":"Capsules café L'Or Espresso Splendente N°7 x30","p":9.03,"u":"57,88 €/KG","img":"https://fd6-photos.leclercdrive.fr/image.ashx?id=2728846&use=l&cat=p&typeid=i","cat":284749},{"id":231370,"n":"Capsules café L'Or Espresso Ristretto N°11 x30","p":9.16,"u":"58,72 €/KG","img":"https://fd6-photos.leclercdrive.fr/image.ashx?id=2728843&use=l&cat=p&typeid=i","cat":284749},{"id":231371,"n":"Capsules café L'Or Espresso Forza N°9 x30","p":9.14,"u":"58,59 €/KG","img":"https://fd6-photos.leclercdrive.fr/image.ashx?id=3000468&use=l&cat=p&typeid=i","cat":284749},{"id":231372,"n":"Capsules café L'Or Espresso Delizioso N°5 x30","p":9.16,"u":"58,72 €/KG","img":"https://fd6-photos.leclercdrive.fr/image.ashx?id=2851345&use=l&cat=p&typeid=i","cat":284749},{"id":231401,"n":"Test de grossesse Clearblue x1","p":11.8,"img":"https://fd6-photos.leclercdrive.fr/image.ashx?id=2906862&use=l&cat=p&typeid=i","cat":324482},{"id":231402,"n":"Chips Paysannes Pom'Lisse Lardon oignon - 135g","p":1.39,"u":"10,30 €/KG","img":"https://fd6-photos.leclercdrive.fr/image.ashx?id=2919538&use=l&cat=p&typeid=i","cat":284447},{"id":231403,"n":"Chips sel & vinaigre Pom'Lisse 135g","p":1.07,"u":"7,93 €/KG","img":"https://fd6-photos.leclercdrive.fr/image.ashx?id=2919670&use=l&cat=p&typeid=i","cat":284447},{"id":231439,"n":"Noix de Cajou Grillées Sun - 250g","p":5.05,"u":"20,20 €/KG","img":"https://fd6-photos.leclercdrive.fr/image.ashx?id=2728375&use=l&cat=p&typeid=i","cat":284357},{"id":231440,"n":"Pistaches grillées sans Sel Sun - 250g","p":5.32,"u":"21,28 €/KG","img":"https://fd6-photos.leclercdrive.fr/image.ashx?id=2728378&use=l&cat=p&typeid=i","cat":284357},{"id":231441,"n":"Pâte à tartiner  Merveilles du monde - 190g","p":3.03,"u":"15,95 €/KG","img":"https://fd6-photos.leclercdrive.fr/image.ashx?id=2728645&use=l&cat=p&typeid=i","cat":284481},{"id":231511,"n":"Lessive Xtra triocaps total x48 - 34 + 14 offertes","p":9.62,"u":"16,70 €/KG","img":"https://fd6-photos.leclercdrive.fr/image.ashx?id=2731678&use=l&cat=p&typeid=i","cat":284641},{"id":231517,"n":"Eau aromatisée Volvic Zest Pêche - 1.5L","p":1.19,"u":"0,79 €/L","img":"https://fd6-photos.leclercdrive.fr/image.ashx?id=2753943&use=l&cat=p&typeid=i","cat":284537},{"id":231570,"n":"Badoit bulles de fruits rouges 1l","p":1.21,"u":"1,21 €/L","img":"https://fd6-photos.leclercdrive.fr/image.ashx?id=2964676&use=l&cat=p&typeid=i","cat":284536},{"id":231571,"n":"Badoit bulles de fruits  Exotiques - 1L","p":1.51,"u":"1,51 €/L","img":"https://fd6-photos.leclercdrive.fr/image.ashx?id=2753952&use=l&cat=p&typeid=i","cat":284536},{"id":231642,"n":"Déodorant spray Dove Original - 0% Alcool - 200 ml","p":3.75,"u":"18,75 €/L","img":"https://fd6-photos.leclercdrive.fr/image.ashx?id=2739462&use=l&cat=p&typeid=i","cat":284595},{"id":231657,"n":"Tablettes lave-vaisselle Finish Power Plus - x35","p":8.02,"u":"14,32 €/KG","img":"https://fd6-photos.leclercdrive.fr/image.ashx?id=2749431&use=l&cat=p&typeid=i","cat":284656},{"id":231658,"n":"Lessive liquide X-tra Total  4 en 1 propreté x85 - 3.825L","p":14.01,"u":"3,66 €/L","img":"https://fd6-photos.leclercdrive.fr/image.ashx?id=2740568&use=l&cat=p&typeid=i","cat":284640},{"id":231659,"n":"Tablette lave-vaisselle Tout-en-un - x100","p":11.43,"img":"https://fd6-photos.leclercdrive.fr/image.ashx?id=2954908&use=l&cat=p&typeid=i","cat":284656},{"id":231660,"n":"Lessive liquide Super Croix  X-tra Maroc x42 - 1.890L","p":8.25,"u":"4,37 €/L","img":"https://fd6-photos.leclercdrive.fr/image.ashx?id=2876275&use=l&cat=p&typeid=i","cat":284640},{"id":231690,"n":"Crème soin Mixa Cica réparatrice - 10en1 150ml","p":7.56,"u":"50,40 €/L","img":"https://fd6-photos.leclercdrive.fr/image.ashx?id=2819403&use=l&cat=p&typeid=i","cat":325350},{"id":231692,"n":"Crème corps Mixa Réparatrice - 150ml","p":3.29,"u":"21,93 €/L","img":"https://fd6-photos.leclercdrive.fr/image.ashx?id=2867557&use=l&cat=p&typeid=i","cat":325350},{"id":231694,"n":"Crème corps Mixa Réparatrice Peau sensibles  - 150ml","p":3.24,"u":"21,60 €/L","img":"https://fd6-photos.leclercdrive.fr/image.ashx?id=2892199&use=l&cat=p&typeid=i","cat":325350},{"id":231697,"n":"Crème à raser Gillette Satin care - Douce - 177ml","p":13.47,"u":"76,10 €/L","img":"https://fd6-photos.leclercdrive.fr/image.ashx?id=2740883&use=l&cat=p&typeid=i","cat":325352},{"id":231704,"n":"Lessive multi-usages St Marc  à la Résine de pin - 1,4kg","p":4.77,"u":"3,41 €/KG","img":"https://fd6-photos.leclercdrive.fr/image.ashx?id=2884645&use=l&cat=p&typeid=i","cat":325365},{"id":231706,"n":"Capsules lave-vaisselle Finish  Ultimate Citron - x42","p":8.96,"u":"16,53 €/KG","img":"https://fd6-photos.leclercdrive.fr/image.ashx?id=2749446&use=l&cat=p&typeid=i","cat":284656},{"id":231707,"n":"Capsules lave-vaisselle Finish  Ultimate - x42","p":8.96,"u":"15,77 €/KG","img":"https://fd6-photos.leclercdrive.fr/image.ashx?id=2749443&use=l&cat=p&typeid=i","cat":284656},{"id":231708,"n":"Capsules lave-vaisselle Finish  Quantum - x46","p":8.96,"u":"18,74 €/KG","img":"https://fd6-photos.leclercdrive.fr/image.ashx?id=2749440&use=l&cat=p&typeid=i","cat":284656},{"id":231709,"n":"Capsules lave-vaisselle Finish Ultimate Plus Citron - x35","p":8.94,"u":"20,94 €/KG","img":"https://fd6-photos.leclercdrive.fr/image.ashx?id=2749437&use=l&cat=p&typeid=i","cat":284656},{"id":231710,"n":"Capsules lave-vaisselle Finish Ultimate Plus - x35","p":8.94,"u":"20,94 €/KG","img":"https://fd6-photos.leclercdrive.fr/image.ashx?id=2749434&use=l&cat=p&typeid=i","cat":284656},{"id":231711,"n":"Tablettes lave-vaisselle Finish Power Plus - x80","p":15.95,"u":"12,46 €/KG","img":"https://fd6-photos.leclercdrive.fr/image.ashx?id=2749428&use=l&cat=p&typeid=i","cat":284656},{"id":231712,"n":"Tablettes lave-vaisselle Finish Power Plus - x54","p":8.94,"u":"10,35 €/KG","img":"https://fd6-photos.leclercdrive.fr/image.ashx?id=2749425&use=l&cat=p&typeid=i","cat":284656},{"id":231713,"n":"Spray nettoyant Cillit Bang Expert crasse & calcaire 750ml","p":3.36,"u":"4,48 €/L","img":"https://fd6-photos.leclercdrive.fr/image.ashx?id=2839755&use=l&cat=p&typeid=i","cat":325362},{"id":231714,"n":"Spray nettoyant Cillit Bang  Expert Anti-moisissures - 750ml","p":3.5,"u":"4,67 €/L","img":"https://fd6-photos.leclercdrive.fr/image.ashx?id=2790114&use=l&cat=p&typeid=i","cat":325357},{"id":231715,"n":"Spray nettoyant Cillit Bang  Expert Javel - 750ml","p":3.04,"u":"4,05 €/L","img":"https://fd6-photos.leclercdrive.fr/image.ashx?id=2793653&use=l&cat=p&typeid=i","cat":325357},{"id":231717,"n":"ST MARC Liquide Nettoyant Multi Usages Côtes Bretonnes - 1L","p":2.46,"u":"2,46 €/L","img":"https://fd6-photos.leclercdrive.fr/image.ashx?id=2859074&use=l&cat=p&typeid=i","cat":284907},{"id":231719,"n":"Lessive capsules Super Croix X-tra Bora Bora x28  - 336g","p":8.27,"u":"24,61 €/KG","img":"https://fd6-photos.leclercdrive.fr/image.ashx?id=2876284&use=l&cat=p&typeid=i","cat":284641},{"id":231732,"n":"Crème glacée L'Angélys Vanille pécan caramel - 300g","p":4.99,"u":"16,63 €/KG","img":"https://fd6-photos.leclercdrive.fr/image.ashx?id=2963763&use=l&cat=p&typeid=i","cat":284725},{"id":231827,"n":"Lessive Supercroix triocaps Maroc - x40 - 28 +12 offertes","p":8.37,"u":"17,44 €/KG","img":"https://fd6-photos.leclercdrive.fr/image.ashx?id=2941556&use=l&cat=p&typeid=i","cat":284641},{"id":231828,"n":"Lessive Supercroix triocaps Bora bora - x40 - 28 + 12offert","p":8.18,"u":"17,04 €/KG","img":"https://fd6-photos.leclercdrive.fr/image.ashx?id=2740574&use=l&cat=p&typeid=i","cat":284641},{"id":232022,"n":"Lessive capsules Super Croix  X-tra Japon x28 - 336g","p":8.53,"u":"25,39 €/KG","img":"https://fd6-photos.leclercdrive.fr/image.ashx?id=2876278&use=l&cat=p&typeid=i","cat":284641},{"id":232130,"n":"Lessive liquide Super Croix  X-tra Bora Bora x63 - 2.835L","p":13.28,"u":"4,68 €/L","img":"https://fd6-photos.leclercdrive.fr/image.ashx?id=2876269&use=l&cat=p&typeid=i","cat":284640},{"id":232136,"n":"Lessive poudre Le Chat  Sensitive x36 - 2.16kg","p":12.07,"u":"5,59 €/KG","img":"https://fd6-photos.leclercdrive.fr/image.ashx?id=2965031&use=l&cat=p&typeid=i","cat":284642},{"id":232150,"n":"Lessive liquide Mir Couleurs  Raviveur couleurs x27 - 1.35L","p":5.8,"u":"4,30 €/L","img":"https://fd6-photos.leclercdrive.fr/image.ashx?id=2744034&use=l&cat=p&typeid=i","cat":284644},{"id":232183,"n":"Liquide vaisselle Mir  Dégraissant citron - 450ml","p":1.63,"u":"3,62 €/L","img":"https://fd6-photos.leclercdrive.fr/image.ashx?id=2744028&use=l&cat=p&typeid=i","cat":284655},{"id":232186,"n":"Liquide vaisselle Mir  Dégraissant orange - 450ml","p":1.66,"u":"3,69 €/L","img":"https://fd6-photos.leclercdrive.fr/image.ashx?id=2874907&use=l&cat=p&typeid=i","cat":284655},{"id":232193,"n":"Liquide vaisselle Mir vinaigre Pamplemousse dégraissant -450ml","p":1.77,"u":"3,93 €/L","img":"https://fd6-photos.leclercdrive.fr/image.ashx?id=2889346&use=l&cat=p&typeid=i","cat":284655},{"id":232195,"n":"Liquide vaisselle Mir  Peau sensible aloe vera - 450ml","p":1.47,"u":"3,27 €/L","img":"https://fd6-photos.leclercdrive.fr/image.ashx?id=2874904&use=l&cat=p&typeid=i","cat":284655},{"id":232201,"n":"Liquide vaisselle Mir  Dégraissant & brillance - 450ml","p":1.79,"u":"3,98 €/L","img":"https://fd6-photos.leclercdrive.fr/image.ashx?id=2744049&use=l&cat=p&typeid=i","cat":284655},{"id":232230,"n":"Crème visage Mixa Expert Anti-tâches SPF20 - 50ml","p":10.4,"u":"208,00 €/L","img":"https://fd6-photos.leclercdrive.fr/image.ashx?id=2770551&use=l&cat=p&typeid=i","cat":325345},{"id":232231,"n":"Nettoyant confort visage Mixa Anti-secheresse - 150ml","p":5.61,"u":"37,40 €/L","img":"https://fd6-photos.leclercdrive.fr/image.ashx?id=2744171&use=l&cat=p&typeid=i","cat":284603},{"id":232233,"n":"Gelée matifiante visage Mixa Anti-imperfections - 50ml","p":10.64,"u":"212,80 €/L","img":"https://fd6-photos.leclercdrive.fr/image.ashx?id=2770554&use=l&cat=p&typeid=i","cat":325345},{"id":232237,"n":"Nettoyant confort visage Mixa Anti-imperfection - 150ml","p":5.58,"u":"37,20 €/L","img":"https://fd6-photos.leclercdrive.fr/image.ashx?id=2744168&use=l&cat=p&typeid=i","cat":284603},{"id":232241,"n":"AOP Muscat Beaume de Venise Blanc bio Dom Paparotier - 75cl","p":15.52,"u":"20,69 €/L","img":"https://fd6-photos.leclercdrive.fr/image.ashx?id=2744974&use=l&cat=p&typeid=i","cat":284913},{"id":232278,"n":"Pâte à tartiner Merveilles du monde - 340g","p":4.12,"u":"12,12 €/KG","img":"https://fd6-photos.leclercdrive.fr/image.ashx?id=2745760&use=l&cat=p&typeid=i","cat":284481},{"id":232299,"n":"Bande de cire visage Nair Kit Caresse - x20","p":3.7,"img":"https://fd6-photos.leclercdrive.fr/image.ashx?id=2903236&use=l&cat=p&typeid=i","cat":325351},{"id":232304,"n":"Brosse à dent Signal  Integral 8 - Souple - x1","p":1.68,"img":"https://fd6-photos.leclercdrive.fr/image.ashx?id=2772539&use=l&cat=p&typeid=i","cat":284614},{"id":232305,"n":"Brosse à dent Signal Triple action - Souple - x4","p":1.33,"img":"https://fd6-photos.leclercdrive.fr/image.ashx?id=2745871&use=l&cat=p&typeid=i","cat":284614},{"id":232309,"n":"Bloc WC Fresh Disc Canard Citron vert - 1x36ml","p":2.99,"img":"https://fd6-photos.leclercdrive.fr/image.ashx?id=2745769&use=l&cat=p&typeid=i","cat":284662},{"id":232318,"n":"Tablette lave-vaisselle Sun Tout-en-1 - x86 - 1.419kg","p":14.78,"u":"10,42 €/KG","img":"https://fd6-photos.leclercdrive.fr/image.ashx?id=3000899&use=l&cat=p&typeid=i","cat":284656},{"id":232319,"n":"Tablettes lave-vaisselle Sun Tout-en-1 - x24 -396g","p":5.76,"u":"14,55 €/KG","img":"https://fd6-photos.leclercdrive.fr/image.ashx?id=2760543&use=l&cat=p&typeid=i","cat":284656},{"id":232321,"n":"Lessive capsules Tout-en-1 Skip Soin complet - x24 - 506.4g","p":11.46,"u":"22,65 €/KG","img":"https://fd6-photos.leclercdrive.fr/image.ashx?id=2773931&use=l&cat=p&typeid=i","cat":284641},{"id":232341,"n":"Bloc WC Canard Fresh Disc Fraîcheur marine - 36ml","p":2.45,"img":"https://fd6-photos.leclercdrive.fr/image.ashx?id=2747691&use=l&cat=p&typeid=i","cat":284662},{"id":232345,"n":"Adoucissant Soupline concentré Utra Emotion Rose - 1.28L - x60","p":5.73,"u":"4,48 €/L","img":"https://fd6-photos.leclercdrive.fr/image.ashx?id=2832575&use=l&cat=p&typeid=i","cat":284650},{"id":232346,"n":"Tablettes Adoucissant Soupline Coeur Emotion Rose - x28 336g","p":6.41,"u":"19,08 €/KG","img":"https://fd6-photos.leclercdrive.fr/image.ashx?id=2745841&use=l&cat=p&typeid=i","cat":284650},{"id":232347,"n":"Perles de linge Soupline Coco - 230g","p":5.97,"u":"25,96 €/KG","img":"https://fd6-photos.leclercdrive.fr/image.ashx?id=2945829&use=l&cat=p&typeid=i","cat":325302},{"id":232348,"n":"Perles de linge Soupline Lavande - 230g","p":6.21,"u":"27,00 €/KG","img":"https://fd6-photos.leclercdrive.fr/image.ashx?id=2745835&use=l&cat=p&typeid=i","cat":325302},{"id":232349,"n":"Adoucissant Soupline Concentré Lavande Elixir - x45 1L","p":6.5,"u":"6,50 €/L","img":"https://fd6-photos.leclercdrive.fr/image.ashx?id=2745850&use=l&cat=p&typeid=i","cat":284650},{"id":232352,"n":"Désinfectant du linge Lysol  Parfum linge frais - 1,5L","p":5.99,"pp":3.95,"u":"2,63 €/L","img":"https://fd6-photos.leclercdrive.fr/image.ashx?id=2745742&use=l&cat=p&typeid=i","cat":290451},{"id":232353,"n":"Désodorisant diffuseur Airwick  huile essentielle Vanille -20ml","p":8.11,"img":"https://fd6-photos.leclercdrive.fr/image.ashx?id=2963481&use=l&cat=p&typeid=i","cat":311629},{"id":232356,"n":"Gel douche Sanex Zéro Family - Pompe - 700ml","p":5.65,"u":"8,07 €/L","img":"https://fd6-photos.leclercdrive.fr/image.ashx?id=2745859&use=l&cat=p&typeid=i","cat":284594},{"id":232357,"n":"Recharge Gel douche Sanex Zéro - Peaux sensibles - 500ml","p":3.44,"u":"6,88 €/L","img":"https://fd6-photos.leclercdrive.fr/image.ashx?id=2745856&use=l&cat=p&typeid=i","cat":284594},{"id":232358,"n":"Gel lavant désinfectant Sanytol Purifiant - 500ml","p":5.34,"u":"10,68 €/L","img":"https://fd6-photos.leclercdrive.fr/image.ashx?id=2904664&use=l&cat=p&typeid=i","cat":284597},{"id":232367,"n":"Déodorant spray homme Axe Black Vanilla 72h - 150ml","p":4.2,"u":"28,00 €/L","img":"https://fd6-photos.leclercdrive.fr/image.ashx?id=2910237&use=l&cat=p&typeid=i","cat":284618},{"id":232369,"n":"Bain de bouche Colgate Max Fresh Protection complète 500ml","p":3.32,"u":"6,64 €/L","img":"https://fd6-photos.leclercdrive.fr/image.ashx?id=2747178&use=l&cat=p&typeid=i","cat":284613},{"id":232371,"n":"Dentifrice enfant Elmex Anti-caries - 6-12 ans - 75ml","p":2.7,"u":"36,00 €/L","img":"https://fd6-photos.leclercdrive.fr/image.ashx?id=2747175&use=l&cat=p&typeid=i","cat":288898},{"id":232377,"n":"Insecticide Raid Max Système anti-fourmis - 1 piège","p":4.17,"img":"https://fd6-photos.leclercdrive.fr/image.ashx?id=2968454&use=l&cat=p&typeid=i","cat":298368},{"id":232390,"n":"Efface rayures Tech9 Universel - 100ml","p":2.6,"u":"26,00 €/L","img":"https://fd6-photos.leclercdrive.fr/image.ashx?id=2907273&use=l&cat=p&typeid=i","cat":298252},{"id":232403,"n":"Nettoyant multi-usages Tech9 Ecocert - 500ml","p":3.4,"u":"6,80 €/L","img":"https://fd6-photos.leclercdrive.fr/image.ashx?id=2907285&use=l&cat=p&typeid=i","cat":298252},{"id":232413,"n":"Nettoyant tissus moquettes Tech9 - Ecocert - 500ml","p":4.99,"u":"9,98 €/L","img":"https://fd6-photos.leclercdrive.fr/image.ashx?id=2889182&use=l&cat=p&typeid=i","cat":298252},{"id":232416,"n":"Nettoyant pour vitres TECH9 500ml","p":2.9,"u":"5,80 €/L","img":"https://fd6-photos.leclercdrive.fr/image.ashx?id=2907291&use=l&cat=p&typeid=i","cat":298252},{"id":232421,"n":"Café Soluble Nescafé Cappuccino Vanille - 276g","p":5.01,"u":"18,15 €/KG","img":"https://fd6-photos.leclercdrive.fr/image.ashx?id=2866843&use=l&cat=p&typeid=i","cat":284843},{"id":232519,"n":"Pâtes Barilla Risoni - 500g","p":1.25,"u":"2,50 €/KG","img":"https://fd6-photos.leclercdrive.fr/image.ashx?id=2748665&use=l&cat=p&typeid=i","cat":284427},{"id":232520,"n":"Pâtes Barilla Ditalini Rigati - 500g","p":1.27,"u":"2,54 €/KG","img":"https://fd6-photos.leclercdrive.fr/image.ashx?id=2748668&use=l&cat=p&typeid=i","cat":284427},{"id":232567,"n":"Barre snack Lindahls Protein  Chocolat - 3x40g","p":2.36,"u":"19,67 €/KG","img":"https://fd6-photos.leclercdrive.fr/image.ashx?id=2748656&use=l&cat=p&typeid=i","cat":284419},{"id":232701,"n":"Thon au naturel Petit Navire  93g","p":1.73,"u":"18,60 €/KG","img":"https://fd6-photos.leclercdrive.fr/image.ashx?id=2748101&use=l&cat=p&typeid=i","cat":303867},{"id":232702,"n":"Miettes de thon Petit Navire  A l'huile d'olive 80g","p":1.62,"u":"20,25 €/KG","img":"https://fd6-photos.leclercdrive.fr/image.ashx?id=2748107&use=l&cat=p&typeid=i","cat":303867},{"id":232703,"n":"Miettes de thon Petit Navire à l'huile de tournesol 80g","p":1.23,"u":"15,38 €/KG","img":"https://fd6-photos.leclercdrive.fr/image.ashx?id=2748104&use=l&cat=p&typeid=i","cat":303867},{"id":232704,"n":"Filets de maquereaux Petit  Navire Sauce escabeche 169g","p":1.71,"u":"10,12 €/KG","img":"https://fd6-photos.leclercdrive.fr/image.ashx?id=2748113&use=l&cat=p&typeid=i","cat":303868},{"id":232705,"n":"Miettes de thon Petit Navire  Mariné au basilic 180g","p":3.54,"u":"19,67 €/KG","img":"https://fd6-photos.leclercdrive.fr/image.ashx?id=2748116&use=l&cat=p&typeid=i","cat":303867},{"id":232706,"n":"Miettes de thon Petit Navire à  la Sauce tomate 230g","p":2.75,"u":"11,96 €/KG","img":"https://fd6-photos.leclercdrive.fr/image.ashx?id=2748110&use=l&cat=p&typeid=i","cat":303867},{"id":232716,"n":"AOP Pinot Gris Demi-Sec - 2022  Arthur Metz - 75cl","p":10.84,"u":"14,45 €/L","img":"https://fd6-photos.leclercdrive.fr/image.ashx?id=2968871&use=l&cat=p&typeid=i","cat":289557},{"id":232740,"n":"Chips Tuiles Pringles HOT Barbecue Ribs - 160g","p":1.97,"u":"12,31 €/KG","img":"https://fd6-photos.leclercdrive.fr/image.ashx?id=2749506&use=l&cat=p&typeid=i","cat":287899},{"id":232839,"n":"Gel déboucheur Destop  Turbo 5 min - 4 doses - 1L","p":7.17,"u":"7,17 €/L","img":"https://fd6-photos.leclercdrive.fr/image.ashx?id=2976032&use=l&cat=p&typeid=i","cat":284908},{"id":232840,"n":"Gel déboucheur Destop  Turbo 5 min - 2 doses - 500ml","p":4.03,"u":"8,06 €/L","img":"https://fd6-photos.leclercdrive.fr/image.ashx?id=2976029&use=l&cat=p&typeid=i","cat":284908},{"id":232841,"n":"Porc au cidre Paysan Breton 300g","p":3.45,"u":"11,50 €/KG","img":"https://fd6-photos.leclercdrive.fr/image.ashx?id=2750288&use=l&cat=p&typeid=i","cat":284953},{"id":232842,"n":"Saucisse au chou Paysan Breton  300g","p":3.43,"u":"11,43 €/KG","img":"https://fd6-photos.leclercdrive.fr/image.ashx?id=2750294&use=l&cat=p&typeid=i","cat":284953},{"id":232843,"n":"Porc paysanne Paysan Breton 300g","p":3.35,"u":"11,17 €/KG","img":"https://fd6-photos.leclercdrive.fr/image.ashx?id=2750291&use=l&cat=p&typeid=i","cat":284953},{"id":232855,"n":"Purée façon écrasé Tajine Yooji Bio - Dès 8 mois - 400g","p":4.65,"u":"11,63 €/KG","img":"https://fd6-photos.leclercdrive.fr/image.ashx?id=2750570&use=l&cat=p&typeid=i","cat":312236},{"id":232961,"n":"Gel douche Sanex Zéro% Sensitive Pompe - 700ml","p":5.39,"u":"7,70 €/L","img":"https://fd6-photos.leclercdrive.fr/image.ashx?id=2751384&use=l&cat=p&typeid=i","cat":284594},{"id":232964,"n":"Gel douche enfant Sanex Zéro % Pompe - 700ml","p":5.39,"u":"7,70 €/L","img":"https://fd6-photos.leclercdrive.fr/image.ashx?id=2751381&use=l&cat=p&typeid=i","cat":284594},{"id":232972,"n":"Gel Douche Homme Nivea Men 3 en 1 Réveil Express - 250ml","p":1.89,"u":"7,56 €/L","img":"https://fd6-photos.leclercdrive.fr/image.ashx?id=2985459&use=l&cat=p&typeid=i","cat":284619},{"id":232974,"n":"Gel massage Intimy Pomme d'amour - 200ml","p":6.44,"u":"32,20 €/L","img":"https://fd6-photos.leclercdrive.fr/image.ashx?id=2751012&use=l&cat=p&typeid=i","cat":285160},{"id":232979,"n":"Bougie Glade Aromatherapy  Orange & Néroli - x1","p":4.94,"img":"https://fd6-photos.leclercdrive.fr/image.ashx?id=2867725&use=l&cat=p&typeid=i","cat":284666},{"id":232980,"n":"Bougie Glade Aromatherapy Lavande & bois de santal - x1","p":6.55,"img":"https://fd6-photos.leclercdrive.fr/image.ashx?id=2867722&use=l&cat=p&typeid=i","cat":284666},{"id":232982,"n":"Bougie Glade Vanille - 112g","p":2.75,"img":"https://fd6-photos.leclercdrive.fr/image.ashx?id=2751285&use=l&cat=p&typeid=i","cat":284666},{"id":232984,"n":"Bougie Glade I Love You - 112g","p":2.93,"img":"https://fd6-photos.leclercdrive.fr/image.ashx?id=2865440&use=l&cat=p&typeid=i","cat":284666},{"id":232985,"n":"Bougie Glade Honey & Chocolate - x1","p":2.75,"img":"https://fd6-photos.leclercdrive.fr/image.ashx?id=2865437&use=l&cat=p&typeid=i","cat":284666},{"id":232986,"n":"Bougie Glade Anti-tabac - 112g","p":2.93,"img":"https://fd6-photos.leclercdrive.fr/image.ashx?id=2751276&use=l&cat=p&typeid=i","cat":284666},{"id":232989,"n":"Spray nettoyant Cillit Bang  Expert Dégraissant - 750ml","p":3.1,"img":"https://fd6-photos.leclercdrive.fr/image.ashx?id=2751222&use=l&cat=p&typeid=i","cat":325357},{"id":232991,"n":"Déodorant Eco+ Floral - 200ml","p":0.87,"u":"4,35 €/L","img":"https://fd6-photos.leclercdrive.fr/image.ashx?id=2750270&use=l&cat=p&typeid=i","cat":284595},{"id":232994,"n":"Gel Lubrifiant Intime Intimy Fleur de coton - 70ml","p":5.5,"u":"78,57 €/L","img":"https://fd6-photos.leclercdrive.fr/image.ashx?id=2774957&use=l&cat=p&typeid=i","cat":285160},{"id":233001,"n":"Gel Lubrifiant Durex Naturel Hydratant - 100ML","p":9.09,"u":"90,90 €/L","img":"https://fd6-photos.leclercdrive.fr/image.ashx?id=2962026&use=l&cat=p&typeid=i","cat":285160},{"id":233005,"n":"Microfibre Eco+ Multi-usage - x3","p":1.37,"img":"https://fd6-photos.leclercdrive.fr/image.ashx?id=2750273&use=l&cat=p&typeid=i","cat":298252},{"id":233102,"n":"Dentifrice Sensodyne Soin complet - 2x75ml","p":5.66,"u":"37,73 €/L","img":"https://fd6-photos.leclercdrive.fr/image.ashx?id=2805186&use=l&cat=p&typeid=i","cat":284612},{"id":233105,"n":"Dentifrice Sensodyne Répare & protège Menthe 2x75ml","p":6.31,"u":"42,07 €/L","img":"https://fd6-photos.leclercdrive.fr/image.ashx?id=2806919&use=l&cat=p&typeid=i","cat":284612},{"id":233106,"n":"Dentifrice Sensodyne Répare & Protège Blancheur 2x75ml","p":6.55,"u":"43,67 €/L","img":"https://fd6-photos.leclercdrive.fr/image.ashx?id=2880312&use=l&cat=p&typeid=i","cat":284612},{"id":233137,"n":"Masque cheveux Fructis Réparateur - Papaye - 320ml","p":5.8,"u":"18,13 €/L","img":"https://fd6-photos.leclercdrive.fr/image.ashx?id=2754036&use=l&cat=p&typeid=i","cat":284608},{"id":233151,"n":"Masque cheveux fructis Nourrissant - Banana - 320ml","p":5.8,"u":"18,13 €/L","img":"https://fd6-photos.leclercdrive.fr/image.ashx?id=2754042&use=l&cat=p&typeid=i","cat":284608},{"id":233153,"n":"Masque cheveux Fructis Nutrition Beurre de cacao 320ml","p":5.8,"u":"18,13 €/L","img":"https://fd6-photos.leclercdrive.fr/image.ashx?id=2788763&use=l&cat=p&typeid=i","cat":284608},{"id":233154,"n":"Masque cheveux Fructis Hydratant - Aloe Vera - 320ml","p":5.8,"u":"18,13 €/L","img":"https://fd6-photos.leclercdrive.fr/image.ashx?id=2754048&use=l&cat=p&typeid=i","cat":284608},{"id":233204,"n":"Guimauves Chocours Copains copines 600g","p":5.19,"u":"8,65 €/KG","img":"https://fd6-photos.leclercdrive.fr/image.ashx?id=2934778&use=l&cat=p&typeid=i","cat":304250},{"id":233246,"n":"Boisson pétillante sans alcool Fruit de la passion - 37.5cl","p":1.79,"u":"4,77 €/L","img":"https://fd6-photos.leclercdrive.fr/image.ashx?id=2834842&use=l&cat=p&typeid=i","cat":284532},{"id":233257,"n":"Jus de fruits Cidou Ananas Coco Passion - 1L","p":1.85,"u":"1,85 €/L","img":"https://fd6-photos.leclercdrive.fr/image.ashx?id=2753184&use=l&cat=p&typeid=i","cat":284916},{"id":233280,"n":"Nouilles Tables du Monde Boeuf - 3x65g","p":1.25,"u":"6,41 €/KG","img":"https://fd6-photos.leclercdrive.fr/image.ashx?id=2752545&use=l&cat=p&typeid=i","cat":288992},{"id":233284,"n":"Bougie romantique Glade Vanille  blossom Longue durée","p":4.31,"img":"https://fd6-photos.leclercdrive.fr/image.ashx?id=2753226&use=l&cat=p&typeid=i","cat":284666},{"id":233296,"n":"Repas en sauce Friskies Viande légumes 24x85g","p":8.04,"u":"3,94 €/KG","img":"https://fd6-photos.leclercdrive.fr/image.ashx?id=2878444&use=l&cat=p&typeid=i","cat":284673},{"id":233302,"n":"Plat à four Moyen - 30x21cm","p":29.0,"u":"29,00 €/PRT","img":"https://fd6-photos.leclercdrive.fr/image.ashx?id=2816782&use=l&cat=p&typeid=i","cat":298490},{"id":233313,"n":"Gel WC Javel Harpic Ultra blancheur Agrumes - 750ml","p":1.79,"u":"2,39 €/L","img":"https://fd6-photos.leclercdrive.fr/image.ashx?id=2864690&use=l&cat=p&typeid=i","cat":284662},{"id":233405,"n":"Emmental Entremont  Tendre Meule - 160g","p":2.13,"u":"13,31 €/KG","img":"https://fd6-photos.leclercdrive.fr/image.ashx?id=2983135&use=l&cat=p&typeid=i","cat":314034},{"id":233443,"n":"Escalopes de dinde Eco+ x5 - 600g","p":5.98,"u":"9,97 €/KG","img":"https://fd6-photos.leclercdrive.fr/image.ashx?id=2759187&use=l&cat=p&typeid=i","cat":284337},{"id":233470,"n":"Bière Triple secret des moines Rouge - 8° - 33cl","p":2.01,"u":"6,09 €/L","img":"https://fd6-photos.leclercdrive.fr/image.ashx?id=2786360&use=l&cat=p&typeid=i","cat":334872},{"id":233471,"n":"Bière Triple secret des moines Rouge - 8° - 6x25cl","p":6.15,"u":"4,10 €/L","img":"https://fd6-photos.leclercdrive.fr/image.ashx?id=2912131&use=l&cat=p&typeid=i","cat":334878},{"id":233473,"n":"Bière blonde Leffe Prestige 124 8,5% - 75cl","p":4.13,"u":"5,51 €/L","img":"https://fd6-photos.leclercdrive.fr/image.ashx?id=2755816&use=l&cat=p&typeid=i","cat":334852},{"id":233474,"n":"Bière blonde Leffe Prestige  8,5% - 12x25cl","p":12.81,"u":"4,27 €/L","img":"https://fd6-photos.leclercdrive.fr/image.ashx?id=2755819&use=l&cat=p&typeid=i","cat":334852},{"id":233491,"n":"Boisson au jus Pago Fruit du dragon Goyave - 75cl","p":2.15,"u":"2,87 €/L","img":"https://fd6-photos.leclercdrive.fr/image.ashx?id=2964357&use=l&cat=p&typeid=i","cat":284916},{"id":233585,"n":"Aliment complet Tous mes Amis Canaris - 1kg","p":2.45,"u":"1,63 €/KG","img":"https://fd6-photos.leclercdrive.fr/image.ashx?id=2757530&use=l&cat=p&typeid=i","cat":284678},{"id":233587,"n":"Aliment complet Tous mes Amis Perruches -  800g","p":1.84,"u":"2,30 €/KG","img":"https://fd6-photos.leclercdrive.fr/image.ashx?id=2757533&use=l&cat=p&typeid=i","cat":284678},{"id":233623,"n":"Baume corps Le Petit Marseillais - Monoï - 380ml","p":7.07,"u":"18,61 €/L","img":"https://fd6-photos.leclercdrive.fr/image.ashx?id=2908171&use=l&cat=p&typeid=i","cat":325350},{"id":233624,"n":"Baume corps Le Petit Marseillais - Coco - 380ml","p":6.94,"u":"18,26 €/L","img":"https://fd6-photos.leclercdrive.fr/image.ashx?id=2758105&use=l&cat=p&typeid=i","cat":325350},{"id":233625,"n":"Gommage corps Le Petit Marseillais - Coco - 150ml","p":5.39,"u":"35,93 €/L","img":"https://fd6-photos.leclercdrive.fr/image.ashx?id=2758108&use=l&cat=p&typeid=i","cat":325375},{"id":233626,"n":"Spray démêlant Le Petit Marseillais Pamplemousse 200ml","p":3.67,"u":"18,35 €/L","img":"https://fd6-photos.leclercdrive.fr/image.ashx?id=2758099&use=l&cat=p&typeid=i","cat":284608},{"id":233629,"n":"Shampooing Le Petit Marseillais Force & éclat - 300ml","p":1.93,"u":"6,43 €/L","img":"https://fd6-photos.leclercdrive.fr/image.ashx?id=2758090&use=l&cat=p&typeid=i","cat":284606},{"id":233630,"n":"Shampooing Le Petit Marseillais Nutrition - 300ml","p":1.93,"u":"6,43 €/L","img":"https://fd6-photos.leclercdrive.fr/image.ashx?id=2758093&use=l&cat=p&typeid=i","cat":284606},{"id":233631,"n":"Shampooing Le Petit Marseillais Purifiant - 300ml","p":1.93,"u":"6,43 €/L","img":"https://fd6-photos.leclercdrive.fr/image.ashx?id=2758096&use=l&cat=p&typeid=i","cat":284606},{"id":233632,"n":"Shampooing Le Petit Marseillais Douceur & éclat - 300ml","p":2.27,"u":"7,57 €/MT","img":"https://fd6-photos.leclercdrive.fr/image.ashx?id=2758111&use=l&cat=p&typeid=i","cat":284606},{"id":233644,"n":"Escalopes de dinde Eco+ x2 - 240g","p":2.99,"u":"12,46 €/KG","img":"https://fd6-photos.leclercdrive.fr/image.ashx?id=2764797&use=l&cat=p&typeid=i","cat":284337},{"id":233645,"n":"Café Soluble Starbucks Caramel Latte 5 sticks - 115g","p":2.95,"u":"25,65 €/KG","img":"https://fd6-photos.leclercdrive.fr/image.ashx?id=2766099&use=l&cat=p&typeid=i","cat":284843},{"id":233646,"n":"Café Soluble Starbucks White Mocha 5 sticks - 120g","p":2.91,"u":"24,25 €/KG","img":"https://fd6-photos.leclercdrive.fr/image.ashx?id=2758463&use=l&cat=p&typeid=i","cat":284843},{"id":233696,"n":"Gaufres Brioche Pasquier aux  Perles de sucre x6 -240g","p":2.78,"u":"11,58 €/KG","img":"https://fd6-photos.leclercdrive.fr/image.ashx?id=2858633&use=l&cat=p&typeid=i","cat":294777},{"id":233729,"n":"Lessive liquide Skip Cycle  Court Efficacité Express x54","p":13.89,"u":"6,43 €/L","img":"https://fd6-photos.leclercdrive.fr/image.ashx?id=2843553&use=l&cat=p&typeid=i","cat":284640},{"id":233730,"n":"Lessive liquide Skip Cycle Court Couleur Protect x54","p":13.89,"u":"6,43 €/L","img":"https://fd6-photos.leclercdrive.fr/image.ashx?id=2842168&use=l&cat=p&typeid=i","cat":284640},{"id":233731,"n":"Lessive liquide Skip Cycle  Court Odeur Control x54","p":13.89,"u":"6,43 €/L","img":"https://fd6-photos.leclercdrive.fr/image.ashx?id=2788253&use=l&cat=p&typeid=i","cat":284640},{"id":233745,"n":"Glace Chupa Chups Fraise x3 - 320g","p":3.26,"u":"10,19 €/KG","img":"https://fd6-photos.leclercdrive.fr/image.ashx?id=2762799&use=l&cat=p&typeid=i","cat":285250},{"id":233764,"n":"AOP vin rosé Bordeaux  Bio Mouton Cadet Rosé - 75cl","p":7.2,"u":"9,60 €/L","img":"https://fd6-photos.leclercdrive.fr/image.ashx?id=2857126&use=l&cat=p&typeid=i","cat":289558},{"id":233874,"n":"Boisson Alpro café avoine 750ml","p":1.64,"u":"2,19 €/L","img":"https://fd6-photos.leclercdrive.fr/image.ashx?id=2975416&use=l&cat=p&typeid=i","cat":313736},{"id":233886,"n":"Dosettes café Senseo Cappuccino x8","p":3.04,"u":"33,04 €/KG","img":"https://fd6-photos.leclercdrive.fr/image.ashx?id=2760187&use=l&cat=p&typeid=i","cat":293238},{"id":233944,"n":"Couches Carryboo de nos Régions Couches locales Taille 1 - x24","p":5.45,"img":"https://fd6-photos.leclercdrive.fr/image.ashx?id=2924353&use=l&cat=p&typeid=i","cat":284737},{"id":233946,"n":"Lessive capsules Omo Monoï - 3en1 - x29 - 502g","p":9.84,"u":"19,60 €/KG","img":"https://fd6-photos.leclercdrive.fr/image.ashx?id=2841607&use=l&cat=p&typeid=i","cat":284641},{"id":233947,"n":"Lessive capsules 3en1 Omo Rose & Lilas Blanc - 502g x29","p":9.66,"u":"19,24 €/KG","img":"https://fd6-photos.leclercdrive.fr/image.ashx?id=2841610&use=l&cat=p&typeid=i","cat":284641},{"id":233949,"n":"Lessive capsules 3en1 Omo Lavande & Patchouli - x29 502g","p":10.28,"u":"20,48 €/KG","img":"https://fd6-photos.leclercdrive.fr/image.ashx?id=2832599&use=l&cat=p&typeid=i","cat":284641},{"id":233950,"n":"Lessive capsules 3en1 Omo Jasmin fleur de coton 502g x29","p":6.47,"u":"12,89 €/KG","img":"https://fd6-photos.leclercdrive.fr/image.ashx?id=2841613&use=l&cat=p&typeid=i","cat":284641},{"id":233953,"n":"Lessive liquide Skip Cycle  Court Efficacité Express x37","p":6.15,"u":"4,16 €/L","img":"https://fd6-photos.leclercdrive.fr/image.ashx?id=2910240&use=l&cat=p&typeid=i","cat":284640},{"id":233955,"n":"Lessive liquide Skip Cycle Court Odeur Control x37","p":10.52,"u":"7,11 €/L","img":"https://fd6-photos.leclercdrive.fr/image.ashx?id=2927735&use=l&cat=p&typeid=i","cat":284640},{"id":233956,"n":"Lessive liquide Omo Rose & Lilas Blanc - 1.76L","p":9.94,"u":"5,63 €/L","img":"https://fd6-photos.leclercdrive.fr/image.ashx?id=2818208&use=l&cat=p&typeid=i","cat":284640},{"id":233961,"n":"Lessive liquide Omo Jasmin & Fleur de coton 1.764L x42","p":9.94,"u":"5,63 €/L","img":"https://fd6-photos.leclercdrive.fr/image.ashx?id=2841616&use=l&cat=p&typeid=i","cat":284640},{"id":233963,"n":"Lessive liquide Skip Cycle Court Couleur Protect x37","p":10.28,"u":"6,95 €/L","img":"https://fd6-photos.leclercdrive.fr/image.ashx?id=2910246&use=l&cat=p&typeid=i","cat":284640},{"id":233984,"n":"Nouilles instantanées Daisuki Curry Pirikara - 61g","p":1.71,"u":"28,03 €/KG","img":"https://fd6-photos.leclercdrive.fr/image.ashx?id=2762007&use=l&cat=p&typeid=i","cat":288992},{"id":233985,"n":"Nouilles instantanées Daisuki Boeuf Gyudon - 60g","p":1.47,"u":"24,50 €/KG","img":"https://fd6-photos.leclercdrive.fr/image.ashx?id=2762004&use=l&cat=p&typeid=i","cat":288992},{"id":234019,"n":"Bol nouilles instantanées  Daisuki - Poulet Teriyaki 60g","p":1.47,"u":"24,50 €/KG","img":"https://fd6-photos.leclercdrive.fr/image.ashx?id=2762001&use=l&cat=p&typeid=i","cat":288992},{"id":234096,"n":"Escalopes de poulet Maître Coq Tendres - 600g","p":7.3,"u":"12,17 €/KG","img":"https://fd6-photos.leclercdrive.fr/image.ashx?id=2762100&use=l&cat=p&typeid=i","cat":319780},{"id":234147,"n":"Mascara Maybelline  Fire Work Sensationnal - x1","p":11.7,"img":"https://fd6-photos.leclercdrive.fr/image.ashx?id=2826459&use=l&cat=p&typeid=i","cat":287029},{"id":234151,"n":"Déodorant bille Narta  Resixyl 72h - 50ml","p":4.36,"u":"87,20 €/L","img":"https://fd6-photos.leclercdrive.fr/image.ashx?id=2769017&use=l&cat=p&typeid=i","cat":284595},{"id":234152,"n":"Déodorant bille Ushuaïa Monoï & tiaré - 50ml","p":2.74,"u":"54,80 €/L","img":"https://fd6-photos.leclercdrive.fr/image.ashx?id=2769020&use=l&cat=p&typeid=i","cat":284595},{"id":234154,"n":"Dosettes café Meo espresso x54 - 378g","p":5.28,"u":"13,97 €/KG","img":"https://fd6-photos.leclercdrive.fr/image.ashx?id=2766316&use=l&cat=p&typeid=i","cat":284749},{"id":234155,"n":"Déodorant bille femme Ushuaïa Grenade açores - 50ml","p":2.74,"u":"54,80 €/L","img":"https://fd6-photos.leclercdrive.fr/image.ashx?id=2789092&use=l&cat=p&typeid=i","cat":284595},{"id":234156,"n":"Déodorant bille Ushuaïa Vanille - 50ml","p":2.74,"u":"54,80 €/L","img":"https://fd6-photos.leclercdrive.fr/image.ashx?id=2769023&use=l&cat=p&typeid=i","cat":284595},{"id":234157,"n":"Déodorant spray Ushuaïa Grenade - 200ml","p":2.74,"u":"13,70 €/L","img":"https://fd6-photos.leclercdrive.fr/image.ashx?id=2769026&use=l&cat=p&typeid=i","cat":284595},{"id":234158,"n":"Déodorant spray Ushuaïa Orchidée - 200ml","p":2.74,"u":"13,70 €/L","img":"https://fd6-photos.leclercdrive.fr/image.ashx?id=2769029&use=l&cat=p&typeid=i","cat":284595},{"id":234159,"n":"Déodorant spray Ushuaïa Vanille - 200ml","p":2.74,"u":"13,70 €/L","img":"https://fd6-photos.leclercdrive.fr/image.ashx?id=2769032&use=l&cat=p&typeid=i","cat":284595},{"id":234163,"n":"Déodorant compressé Narta Resixyl Physio - 100ml","p":5.18,"u":"51,80 €/L","img":"https://fd6-photos.leclercdrive.fr/image.ashx?id=2778401&use=l&cat=p&typeid=i","cat":284595},{"id":234166,"n":"Déodorant spray homme Narta Resixyl Physio - 200ml","p":4.95,"u":"24,75 €/L","img":"https://fd6-photos.leclercdrive.fr/image.ashx?id=2769044&use=l&cat=p&typeid=i","cat":284596},{"id":234168,"n":"Déodorant bille homme Narta Resixyl Physio - 50ml","p":4.18,"u":"83,60 €/L","img":"https://fd6-photos.leclercdrive.fr/image.ashx?id=2769035&use=l&cat=p&typeid=i","cat":284596},{"id":234169,"n":"Liquide vaiselle Mir Vinaigre Pomme - 450ml + 50% offerts","p":1.49,"u":"2,21 €/L","img":"https://fd6-photos.leclercdrive.fr/image.ashx?id=2765967&use=l&cat=p&typeid=i","cat":284655},{"id":234170,"n":"Liquide vaisselle Mir Aloe vera 450mL + 50% offerts - 675ml","p":1.63,"u":"2,41 €/L","img":"https://fd6-photos.leclercdrive.fr/image.ashx?id=2766292&use=l&cat=p&typeid=i","cat":284655},{"id":234171,"n":"Bloc WC Bref Power Activ Pin - 2+1 offert","p":2.83,"u":"0,94 €/P","img":"https://fd6-photos.leclercdrive.fr/image.ashx?id=2836373&use=l&cat=p&typeid=i","cat":284662},{"id":234172,"n":"Bloc WC Bref Power Activ' Exotic Hawaï - 2+1 offerts","p":2.83,"u":"0,94 €/P","img":"https://fd6-photos.leclercdrive.fr/image.ashx?id=2836376&use=l&cat=p&typeid=i","cat":284662},{"id":234274,"n":"Aérosol Glade huile essentielle  jasmin et bois santal 300ml","p":1.99,"u":"6,63 €/L","img":"https://fd6-photos.leclercdrive.fr/image.ashx?id=2763685&use=l&cat=p&typeid=i","cat":311626},{"id":234281,"n":"Gel parfumé Glade huiles essentielles - Lavande 150g","p":1.33,"u":"8,87 €/KG","img":"https://fd6-photos.leclercdrive.fr/image.ashx?id=2763748&use=l&cat=p&typeid=i","cat":311628},{"id":234291,"n":"KINDER Surprise Natoons Dino Chocolat au lait - 3x20g","p":3.47,"u":"57,83 €/KG","img":"https://fd6-photos.leclercdrive.fr/image.ashx?id=2940537&use=l&cat=p&typeid=i","cat":284958},{"id":234292,"n":"KINDER Surprise Licorne Chocolat au lait - 3x20g","p":3.5,"u":"58,33 €/KG","img":"https://fd6-photos.leclercdrive.fr/image.ashx?id=2883756&use=l&cat=p&typeid=i","cat":284958},{"id":234370,"n":"Cornichons Croq'Vert  Amora Extra-fins aux épices 210g","p":1.94,"u":"9,24 €/KG","img":"https://fd6-photos.leclercdrive.fr/image.ashx?id=2770671&use=l&cat=p&typeid=i","cat":284458},{"id":234373,"n":"Dessert brassé végétal Andros Fruits du Verger - 6x100g","p":3.28,"u":"5,47 €/KG","img":"https://fd6-photos.leclercdrive.fr/image.ashx?id=2855984&use=l&cat=p&typeid=i","cat":316071},{"id":234375,"n":"Nouilles Tables du Monde Poulet - 3x65g","p":1.39,"u":"7,13 €/KG","img":"https://fd6-photos.leclercdrive.fr/image.ashx?id=2763045&use=l&cat=p&typeid=i","cat":288992},{"id":234378,"n":"Bâtonnets Magnum Wonder Chocolat blanc caramélisé 208g","p":2.95,"u":"14,18 €/KG","img":"https://fd6-photos.leclercdrive.fr/image.ashx?id=2764044&use=l&cat=p&typeid=i","cat":284265},{"id":234481,"n":"Thé noir Bio Kusmi Tea Tchai of the tiger x20 - 40g","p":9.17,"u":"229,25 €/KG","img":"https://fd6-photos.leclercdrive.fr/image.ashx?id=2765249&use=l&cat=p&typeid=i","cat":293233},{"id":234511,"n":"Thé noir Yellow Label Lipton Bio - x25 - 50g","p":1.89,"u":"37,80 €/KG","img":"https://fd6-photos.leclercdrive.fr/image.ashx?id=2938827&use=l&cat=p&typeid=i","cat":293233},{"id":234520,"n":"Boisson tropical Jafun 1.5L","p":1.59,"u":"1,06 €/L","img":"https://fd6-photos.leclercdrive.fr/image.ashx?id=2913766&use=l&cat=p&typeid=i","cat":295018},{"id":234521,"n":"Boisson Jafun Pomme cassis framboise 1L","p":1.35,"u":"1,35 €/L","img":"https://fd6-photos.leclercdrive.fr/image.ashx?id=2764745&use=l&cat=p&typeid=i","cat":295018},{"id":234692,"n":"Graines de Cumin Ducros 35g","p":2.46,"u":"70,29 €/KG","img":"https://fd6-photos.leclercdrive.fr/image.ashx?id=2767102&use=l&cat=p&typeid=i","cat":298297},{"id":234693,"n":"Colombo en poudre Ducros 40g","p":2.23,"u":"55,75 €/KG","img":"https://fd6-photos.leclercdrive.fr/image.ashx?id=2766256&use=l&cat=p&typeid=i","cat":298297},{"id":234702,"n":"Marjolaine Ducros 10g","p":1.48,"u":"148,00 €/KG","img":"https://fd6-photos.leclercdrive.fr/image.ashx?id=2767087&use=l&cat=p&typeid=i","cat":298297},{"id":234706,"n":"Piment de Cayenne entier  Ducros - 11g","p":2.15,"u":"195,45 €/KG","img":"https://fd6-photos.leclercdrive.fr/image.ashx?id=2767096&use=l&cat=p&typeid=i","cat":298297},{"id":234745,"n":"Thon entier Rio Mare  filet d'huile d'olive - 120g","p":2.82,"u":"23,50 €/KG","img":"https://fd6-photos.leclercdrive.fr/image.ashx?id=2767240&use=l&cat=p&typeid=i","cat":303867},{"id":234751,"n":"Déodorant bille Rexona Men Invisible Ice Fresh - 2x50ml","p":6.38,"u":"63,80 €/L","img":"https://fd6-photos.leclercdrive.fr/image.ashx?id=2767030&use=l&cat=p&typeid=i","cat":284618},{"id":234757,"n":"Déodorant bille Rexona  Invisible Aqua 72h - 2x50ml","p":5.12,"u":"51,20 €/L","img":"https://fd6-photos.leclercdrive.fr/image.ashx?id=2943798&use=l&cat=p&typeid=i","cat":284595},{"id":234790,"n":"Brassé façon skyr Yabon Vanille - 120g","p":1.69,"u":"14,08 €/KG","img":"https://fd6-photos.leclercdrive.fr/image.ashx?id=2767974&use=l&cat=p&typeid=i","cat":284506},{"id":234813,"n":"Mélange pour guacamole Ducros à la Mexicaine - 20g","p":1.05,"u":"52,50 €/KG","img":"https://fd6-photos.leclercdrive.fr/image.ashx?id=2767830&use=l&cat=p&typeid=i","cat":298297},{"id":234839,"n":"Purée Mousline L'Originale - 650g","p":2.81,"u":"4,32 €/KG","img":"https://fd6-photos.leclercdrive.fr/image.ashx?id=2768622&use=l&cat=p&typeid=i","cat":284431},{"id":234860,"n":"Fromage Mini Caprice Des Dieux Filet de 4 Portions - 200g","p":3.23,"u":"16,15 €/KG","img":"https://fd6-photos.leclercdrive.fr/image.ashx?id=2768933&use=l&cat=p&typeid=i","cat":314033},{"id":234861,"n":"Jus de pomme pêche poire  Jafaden - 90cl","p":2.26,"u":"2,51 €/L","img":"https://fd6-photos.leclercdrive.fr/image.ashx?id=2916731&use=l&cat=p&typeid=i","cat":285435},{"id":234865,"n":"Curry de poulet  Tables du Monde - 900g","p":5.33,"u":"5,92 €/KG","img":"https://fd6-photos.leclercdrive.fr/image.ashx?id=2768481&use=l&cat=p&typeid=i","cat":284254},{"id":234867,"n":"Mini nems au porc Tables du Monde x8 - 240g","p":2.82,"u":"11,75 €/KG","img":"https://fd6-photos.leclercdrive.fr/image.ashx?id=2768487&use=l&cat=p&typeid=i","cat":319774},{"id":234869,"n":"Gâteau moelleux Chocalin Harrys Cacao et Chocolat X10 - 350G","p":3.15,"u":"9,00 €/KG","img":"https://fd6-photos.leclercdrive.fr/image.ashx?id=2962464&use=l&cat=p&typeid=i","cat":284495},{"id":234870,"n":"Gâteaux Choco Mousse Harrys Fourrés au chocolat  X8 - 280G","p":2.55,"u":"9,11 €/KG","img":"https://fd6-photos.leclercdrive.fr/image.ashx?id=2985069&use=l&cat=p&typeid=i","cat":284495},{"id":234873,"n":"Glaçons cubes Eco+ 2kg","p":1.99,"u":"1,00 €/KG","img":"https://fd6-photos.leclercdrive.fr/image.ashx?id=2768758&use=l&cat=p&typeid=i","cat":285987},{"id":234874,"n":"Glace pilée Eco+ 2kg","p":1.99,"u":"1,00 €/KG","img":"https://fd6-photos.leclercdrive.fr/image.ashx?id=2768785&use=l&cat=p&typeid=i","cat":285987},{"id":234875,"n":"Purée de tomates Heinz x 3 - 212g","p":2.02,"u":"3,18 €/KG","img":"https://fd6-photos.leclercdrive.fr/image.ashx?id=2927004&use=l&cat=p&typeid=i","cat":288384},{"id":234876,"n":"Purée de tomates Heinz - 520g","p":1.21,"u":"2,33 €/KG","img":"https://fd6-photos.leclercdrive.fr/image.ashx?id=2926999&use=l&cat=p&typeid=i","cat":288384},{"id":234946,"n":"Thon entier Rio Mare Huile d'olive - 3x65g","p":5.22,"u":"26,77 €/KG","img":"https://fd6-photos.leclercdrive.fr/image.ashx?id=2770918&use=l&cat=p&typeid=i","cat":303867},{"id":234947,"n":"Filets de thon Rio Mare Huile d'Olive & Gingembre -130g","p":2.97,"u":"22,85 €/KG","img":"https://fd6-photos.leclercdrive.fr/image.ashx?id=2770915&use=l&cat=p&typeid=i","cat":303867},{"id":234959,"n":"Croissants prêts à cuire Eco+ x20 - 1.1kg","p":5.7,"u":"5,18 €/KG","img":"https://fd6-photos.leclercdrive.fr/image.ashx?id=2770286&use=l&cat=p&typeid=i","cat":284267},{"id":234960,"n":"Pains au chocolat Eco+ x20 - 1.2kg","p":5.99,"u":"4,99 €/KG","img":"https://fd6-photos.leclercdrive.fr/image.ashx?id=2770289&use=l&cat=p&typeid=i","cat":284267},{"id":234984,"n":"Dentifrice Sanogyl Biome  Protège gencives - 2x75ml","p":10.06,"u":"67,07 €/L","img":"https://fd6-photos.leclercdrive.fr/image.ashx?id=2771211&use=l&cat=p&typeid=i","cat":284612},{"id":235007,"n":"Mais Bio Village  2x140g","p":1.49,"u":"5,32 €/KG","img":"https://fd6-photos.leclercdrive.fr/image.ashx?id=3002722&use=l&cat=p&typeid=i","cat":312611},{"id":235051,"n":"Repas bébé Blédichef 12 mois  Risotto épinards Kiri - 230g","p":2.07,"u":"9,00 €/KG","img":"https://fd6-photos.leclercdrive.fr/image.ashx?id=2852375&use=l&cat=p&typeid=i","cat":312237},{"id":235065,"n":"Repas bébé Blédichef 15 mois  Pâtes poireaux et kiri -250g","p":2.12,"u":"8,48 €/KG","img":"https://fd6-photos.leclercdrive.fr/image.ashx?id=2928420&use=l&cat=p&typeid=i","cat":312238},{"id":235066,"n":"Repas bébé Blédichef 12 mois Potirons et panais -2x230g","p":3.98,"u":"8,65 €/KG","img":"https://fd6-photos.leclercdrive.fr/image.ashx?id=2935780&use=l&cat=p&typeid=i","cat":312237},{"id":235067,"n":"Repas bébé Blédichef Dès 12mois Carotte et semoule - 4x230g","p":7.54,"u":"8,20 €/KG","img":"https://fd6-photos.leclercdrive.fr/image.ashx?id=2773216&use=l&cat=p&typeid=i","cat":312237},{"id":235068,"n":"Repas bébé Blédichef 15 mois Lasagne bolognaise -230g","p":2.84,"u":"12,35 €/KG","img":"https://fd6-photos.leclercdrive.fr/image.ashx?id=2975098&use=l&cat=p&typeid=i","cat":312238},{"id":235069,"n":"Repas bébé Blédichef 15 mois Lasagnes légumes -230g","p":2.84,"u":"12,35 €/KG","img":"https://fd6-photos.leclercdrive.fr/image.ashx?id=2865632&use=l&cat=p&typeid=i","cat":312238},{"id":235070,"n":"Repas bébé Blédichef 15 mois Lasagne épinards merlu -230g","p":2.83,"u":"12,30 €/KG","img":"https://fd6-photos.leclercdrive.fr/image.ashx?id=2865635&use=l&cat=p&typeid=i","cat":312238},{"id":235073,"n":"Repas bébé Blédichef 15 mois  Brocolis petits pois  -230g","p":2.36,"u":"11,80 €/KG","img":"https://fd6-photos.leclercdrive.fr/image.ashx?id=2773219&use=l&cat=p&typeid=i","cat":312238},{"id":235078,"n":"Repas bébé Blédichef 15 mois Carottes lentilles corail -200g","p":2.36,"u":"11,80 €/KG","img":"https://fd6-photos.leclercdrive.fr/image.ashx?id=2866304&use=l&cat=p&typeid=i","cat":312238},{"id":235079,"n":"Lait infantile Hipp Biologique Bio Dès 6 mois Combiotic  800g","p":17.75,"u":"22,19 €/KG","img":"https://fd6-photos.leclercdrive.fr/image.ashx?id=2926828&use=l&cat=p&typeid=i","cat":284727},{"id":235080,"n":"Plat cuisiné William Saurin  Blanquette volaille - 320g","p":3.81,"u":"11,91 €/KG","img":"https://fd6-photos.leclercdrive.fr/image.ashx?id=2966017&use=l&cat=p&typeid=i","cat":284953},{"id":235081,"n":"Plat cuisiné William Saurin Trio gourmand boeuf - 320g","p":3.85,"u":"12,03 €/KG","img":"https://fd6-photos.leclercdrive.fr/image.ashx?id=2986386&use=l&cat=p&typeid=i","cat":284953},{"id":235082,"n":"Plat cuisiné William Saurin Trio gourmand merlu - 320g","p":3.86,"u":"12,06 €/KG","img":"https://fd6-photos.leclercdrive.fr/image.ashx?id=2986389&use=l&cat=p&typeid=i","cat":284953},{"id":235083,"n":"Plat cuisiné William Saurin Trio gourmand poulet pesto 320g","p":3.86,"u":"12,06 €/KG","img":"https://fd6-photos.leclercdrive.fr/image.ashx?id=2986383&use=l&cat=p&typeid=i","cat":284953},{"id":235084,"n":"Plat cuisiné William Saurin Trio gourmand 320g","p":3.83,"u":"11,97 €/KG","img":"https://fd6-photos.leclercdrive.fr/image.ashx?id=2986380&use=l&cat=p&typeid=i","cat":284953},{"id":235123,"n":"Compote Andros Pomme fruits  rouges - 650g","p":2.2,"u":"3,38 €/KG","img":"https://fd6-photos.leclercdrive.fr/image.ashx?id=2866406&use=l&cat=p&typeid=i","cat":284508},{"id":235127,"n":"Biscuits parmesan poivre Savour 100g","p":1.85,"u":"18,50 €/KG","img":"https://fd6-photos.leclercdrive.fr/image.ashx?id=2791048&use=l&cat=p&typeid=i","cat":297000},{"id":235243,"n":"Pate à tartiner Bonne Maman Cacahuète et cacao - 350g","p":3.54,"u":"10,11 €/KG","img":"https://fd6-photos.leclercdrive.fr/image.ashx?id=2986663&use=l&cat=p&typeid=i","cat":284481},{"id":235247,"n":"M&M's Peanut x5 180g","p":1.97,"u":"10,94 €/KG","img":"https://fd6-photos.leclercdrive.fr/image.ashx?id=3009011&use=l&cat=p&typeid=i","cat":304238},{"id":235260,"n":"Pâte Lotus Biscoff Speculoos Creamy - 410g","p":3.47,"u":"8,46 €/KG","img":"https://fd6-photos.leclercdrive.fr/image.ashx?id=2776208&use=l&cat=p&typeid=i","cat":284481},{"id":235318,"n":"Lessive Bonux  50 lavages - 2.25L","p":8.32,"u":"3,70 €/L","img":"https://fd6-photos.leclercdrive.fr/image.ashx?id=2881999&use=l&cat=p&typeid=i","cat":284640},{"id":235364,"n":"Friandises chat Whiskas  Poulet et fromage - 60g","p":0.97,"u":"16,17 €/KG","img":"https://fd6-photos.leclercdrive.fr/image.ashx?id=2976851&use=l&cat=p&typeid=i","cat":285285},{"id":235404,"n":"Lait éveil croissance Lactel  système immunitaire - 6x1L","p":14.03,"u":"2,34 €/L","img":"https://fd6-photos.leclercdrive.fr/image.ashx?id=2776531&use=l&cat=p&typeid=i","cat":284728},{"id":235405,"n":"Friandises chat temptations Whiskas saveur saumon - 60g","p":1.11,"u":"18,50 €/KG","img":"https://fd6-photos.leclercdrive.fr/image.ashx?id=2976854&use=l&cat=p&typeid=i","cat":285285},{"id":235407,"n":"Lait 2ème âge Hipp biologique  Combiotic Nutrigest - 800g","p":19.7,"u":"24,63 €/KG","img":"https://fd6-photos.leclercdrive.fr/image.ashx?id=2926831&use=l&cat=p&typeid=i","cat":284727},{"id":235414,"n":"Lait en poudre Modilac Actigest LF+1 Bébé 0-6 mois - 800g","p":21.29,"u":"26,61 €/KG","img":"https://fd6-photos.leclercdrive.fr/image.ashx?id=2981184&use=l&cat=p&typeid=i","cat":284726},{"id":235432,"n":"Maltesers en format biscuit  - 110g","p":2.28,"u":"20,73 €/KG","img":"https://fd6-photos.leclercdrive.fr/image.ashx?id=2869209&use=l&cat=p&typeid=i","cat":284498},{"id":235449,"n":"Compote Andros pomme mangue  sans sucres ajoutés - 650g","p":1.96,"u":"3,02 €/KG","img":"https://fd6-photos.leclercdrive.fr/image.ashx?id=2866403&use=l&cat=p&typeid=i","cat":284508},{"id":235459,"n":"Goûter moelleux Tendrissime Cacao Noisette x8 - 264g","p":3.06,"u":"11,59 €/KG","img":"https://fd6-photos.leclercdrive.fr/image.ashx?id=2962461&use=l&cat=p&typeid=i","cat":284495},{"id":235547,"n":"Bière blonde IPA Brooklyn Pulp Art 6° - 50cl canette","p":2.34,"u":"4,68 €/L","img":"https://fd6-photos.leclercdrive.fr/image.ashx?id=2779390&use=l&cat=p&typeid=i","cat":334853},{"id":235636,"n":"Capsules lave-vaisselle Finish Quantum Citron - x46 - 478g","p":8.94,"u":"18,70 €/KG","img":"https://fd6-photos.leclercdrive.fr/image.ashx?id=2780493&use=l&cat=p&typeid=i","cat":284656},{"id":235685,"n":"Lait bébé en poudre Calisma Gallia Croissance 12 mois 830g","p":10.85,"u":"13,07 €/KG","img":"https://fd6-photos.leclercdrive.fr/image.ashx?id=2794274&use=l&cat=p&typeid=i","cat":290219},{"id":235710,"n":"Chapelure Tablier Blanc 400g","p":0.88,"u":"2,20 €/KG","img":"https://fd6-photos.leclercdrive.fr/image.ashx?id=2793335&use=l&cat=p&typeid=i","cat":288382},{"id":235786,"n":"Tablette lave-vaisselle Visior Tout-en-un - x45 - 765g","p":5.27,"u":"6,89 €/KG","img":"https://fd6-photos.leclercdrive.fr/image.ashx?id=2954902&use=l&cat=p&typeid=i","cat":284656},{"id":235793,"n":"Dentifrice Junior Signal Menthe douce - 6-13 ans 75ml","p":2.81,"u":"37,47 €/L","img":"https://fd6-photos.leclercdrive.fr/image.ashx?id=2993502&use=l&cat=p&typeid=i","cat":288898},{"id":235796,"n":"Mouliné de légumes verts Régal 1L","p":1.88,"u":"1,88 €/L","img":"https://fd6-photos.leclercdrive.fr/image.ashx?id=2781007&use=l&cat=p&typeid=i","cat":284462},{"id":235808,"n":"Déodorant spray Sanex Zéro 0% Sensitive - 2x100ml","p":5.97,"u":"29,85 €/L","img":"https://fd6-photos.leclercdrive.fr/image.ashx?id=2781738&use=l&cat=p&typeid=i","cat":284595},{"id":235811,"n":"Déodorant spray Sanex Zéro 0% Extra Control - 2x100ml","p":4.84,"u":"24,20 €/L","img":"https://fd6-photos.leclercdrive.fr/image.ashx?id=2781741&use=l&cat=p&typeid=i","cat":284595},{"id":235828,"n":"Sac poubelle  Elembal Rectangle coulissant - 40L x 20","p":2.99,"u":"0,15 €/P","img":"https://fd6-photos.leclercdrive.fr/image.ashx?id=2793338&use=l&cat=p&typeid=i","cat":285168},{"id":235831,"n":"Brosse à dent électrique +1 Recharge Active Power","p":14.99,"img":"https://fd6-photos.leclercdrive.fr/image.ashx?id=2781049&use=l&cat=p&typeid=i","cat":297133},{"id":235835,"n":"Lessive capsules Skip Extra détachant - 759.6g x36","p":13.23,"u":"17,41 €/KG","img":"https://fd6-photos.leclercdrive.fr/image.ashx?id=2929242&use=l&cat=p&typeid=i","cat":284641},{"id":235842,"n":"Papier toilette Lotus L'essentiel - x6","p":2.77,"u":"0,46 €/P","img":"https://fd6-photos.leclercdrive.fr/image.ashx?id=2887245&use=l&cat=p&typeid=i","cat":284634},{"id":235843,"n":"Essuie-tout Lotus L'essentil - x3","p":2.25,"u":"0,75 €/P","img":"https://fd6-photos.leclercdrive.fr/image.ashx?id=2833978&use=l&cat=p&typeid=i","cat":284635},{"id":235861,"n":"Pack 2 cartouches Brita Filtrantes Maxtra Pro All-in-1","p":19.9,"img":"https://fd6-photos.leclercdrive.fr/image.ashx?id=2950549&use=l&cat=p&typeid=i","cat":334135},{"id":235863,"n":"Pack 4 cartouches Brita Filtrantes Maxtra Pro All-in-1","p":28.9,"img":"https://fd6-photos.leclercdrive.fr/image.ashx?id=2950552&use=l&cat=p&typeid=i","cat":334135},{"id":235864,"n":"Carafe filtrante Marella Brita Blanche - 2.4L - x1 recharge","p":21.9,"img":"https://fd6-photos.leclercdrive.fr/image.ashx?id=2878276&use=l&cat=p&typeid=i","cat":334135},{"id":235870,"n":"Chocolat Côte d'Or selection 187g","p":9.95,"pp":6.96,"u":"37,22 €/KG","img":"https://fd6-photos.leclercdrive.fr/image.ashx?id=2916453&use=l&cat=p&typeid=i","cat":327595},{"id":235952,"n":"Noisettes Mc Cain Air Fryer - 550g","p":2.71,"u":"4,93 €/KG","img":"https://fd6-photos.leclercdrive.fr/image.ashx?id=2878474&use=l&cat=p&typeid=i","cat":319792},{"id":236050,"n":"Lait bébé en poudre Calisma Gallia Junior Dès 18 mois 830g","p":10.87,"u":"13,10 €/KG","img":"https://fd6-photos.leclercdrive.fr/image.ashx?id=2907860&use=l&cat=p&typeid=i","cat":290219},{"id":236083,"n":"Boisson Monster Energy zero Ultra rosa - 50cl","p":1.6,"u":"3,20 €/L","img":"https://fd6-photos.leclercdrive.fr/image.ashx?id=2784465&use=l&cat=p&typeid=i","cat":284533},{"id":236096,"n":"Fromage Fouetté Saint Agur  130g","p":2.59,"u":"19,92 €/KG","img":"https://fd6-photos.leclercdrive.fr/image.ashx?id=2784818&use=l&cat=p&typeid=i","cat":314029},{"id":236221,"n":"Brioche tressée Epi d'or nature - 600g","p":2.09,"u":"3,48 €/KG","img":"https://fd6-photos.leclercdrive.fr/image.ashx?id=2976297&use=l&cat=p&typeid=i","cat":284478},{"id":236231,"n":"Boisson énergisante Crazy Tiger Pomme - 1L","p":1.99,"u":"1,99 €/L","img":"https://fd6-photos.leclercdrive.fr/image.ashx?id=2792729&use=l&cat=p&typeid=i","cat":284533},{"id":236236,"n":"Café en capsules Lavazza Tales of Roma x10 - 57g","p":3.67,"u":"64,39 €/KG","img":"https://fd6-photos.leclercdrive.fr/image.ashx?id=2919042&use=l&cat=p&typeid=i","cat":284749},{"id":236263,"n":"Clémentines Panier du Primeur 1.5kg","p":2.99,"u":"1,99 €/KG","img":"https://fd6-photos.leclercdrive.fr/image.ashx?id=2784606&use=l&cat=p&typeid=i","cat":284356},{"id":236266,"n":"Boisson Monster Energy zero Ultra peachy keen - 50cl","p":1.58,"u":"3,16 €/L","img":"https://fd6-photos.leclercdrive.fr/image.ashx?id=2789116&use=l&cat=p&typeid=i","cat":284533},{"id":236315,"n":"Bière blonde Bellerose 50cl","p":2.17,"u":"4,34 €/L","img":"https://fd6-photos.leclercdrive.fr/image.ashx?id=2790087&use=l&cat=p&typeid=i","cat":334853},{"id":236465,"n":"Chocolat L'escargot Lanvin Noir - 362g","p":14.5,"u":"40,06 €/KG","img":"https://fd6-photos.leclercdrive.fr/image.ashx?id=2903836&use=l&cat=p&typeid=i","cat":327595},{"id":236676,"n":"Bâtonnets Mikado Chocolat au lait - 6x100g","p":10.45,"u":"17,42 €/KG","img":"https://fd6-photos.leclercdrive.fr/image.ashx?id=2805885&use=l&cat=p&typeid=i","cat":284488},{"id":236718,"n":"Chocolat Peluche mix Kinder Cerf - 133g","p":13.92,"u":"104,66 €/KG","img":"https://fd6-photos.leclercdrive.fr/image.ashx?id=2798807&use=l&cat=p&typeid=i","cat":327789},{"id":236719,"n":"Chocolat Peluche mix Kinder Loutre - 133g","p":13.92,"u":"104,66 €/KG","img":"https://fd6-photos.leclercdrive.fr/image.ashx?id=2798810&use=l&cat=p&typeid=i","cat":327789},{"id":236720,"n":"Chocolat Peluche mix Kinder Ours - 133g","p":13.92,"u":"104,66 €/KG","img":"https://fd6-photos.leclercdrive.fr/image.ashx?id=2798813&use=l&cat=p&typeid=i","cat":327789},{"id":236721,"n":"Chocolat Peluche mix Kinder Phoque - 133g","p":13.92,"u":"104,66 €/KG","img":"https://fd6-photos.leclercdrive.fr/image.ashx?id=2798816&use=l&cat=p&typeid=i","cat":327789},{"id":236725,"n":"Moulage chocolat Kinder Bonhomme de neige - 35g","p":1.76,"u":"50,29 €/KG","img":"https://fd6-photos.leclercdrive.fr/image.ashx?id=2798819&use=l&cat=p&typeid=i","cat":327592},{"id":236726,"n":"Moulage chocolat Kinder Fille - 35g","p":1.76,"u":"50,29 €/KG","img":"https://fd6-photos.leclercdrive.fr/image.ashx?id=2798822&use=l&cat=p&typeid=i","cat":327592},{"id":236727,"n":"Moulage chocolat Kinder Garçon - 35g","p":1.76,"u":"50,29 €/KG","img":"https://fd6-photos.leclercdrive.fr/image.ashx?id=2798825&use=l&cat=p&typeid=i","cat":327592},{"id":236729,"n":"Moulage chocolat Kinder Pinguoin - 35g","p":1.76,"u":"50,29 €/KG","img":"https://fd6-photos.leclercdrive.fr/image.ashx?id=2798831&use=l&cat=p&typeid=i","cat":327592},{"id":236731,"n":"Traîneau chocolat oeuf Kinder Bleu - 75g","p":3.48,"u":"46,40 €/KG","img":"https://fd6-photos.leclercdrive.fr/image.ashx?id=2798837&use=l&cat=p&typeid=i","cat":327592},{"id":236732,"n":"Traîneau chocolat oeuf Kinder Orange - 75g","p":3.48,"u":"46,40 €/KG","img":"https://fd6-photos.leclercdrive.fr/image.ashx?id=2798840&use=l&cat=p&typeid=i","cat":327592},{"id":236733,"n":"Traîneau chocolat oeuf Kinder Vert - 75g","p":3.48,"u":"46,40 €/KG","img":"https://fd6-photos.leclercdrive.fr/image.ashx?id=2798843&use=l&cat=p&typeid=i","cat":327592},{"id":236734,"n":"Moulage avec surprise Kinder Bonhomme de Neige- 36g","p":2.17,"u":"60,28 €/KG","img":"https://fd6-photos.leclercdrive.fr/image.ashx?id=2798846&use=l&cat=p&typeid=i","cat":327592},{"id":236735,"n":"Moulage avec surprise Kinder Ecureuil- 36g","p":2.17,"u":"60,28 €/KG","img":"https://fd6-photos.leclercdrive.fr/image.ashx?id=2798849&use=l&cat=p&typeid=i","cat":327592},{"id":236736,"n":"Moulage avec surprise Kinder Garçon - 36g","p":2.17,"u":"60,28 €/KG","img":"https://fd6-photos.leclercdrive.fr/image.ashx?id=2798852&use=l&cat=p&typeid=i","cat":327592},{"id":236737,"n":"Moulage avec surprise Kinder Père Noël - 36g","p":2.17,"u":"60,28 €/KG","img":"https://fd6-photos.leclercdrive.fr/image.ashx?id=2798855&use=l&cat=p&typeid=i","cat":327592},{"id":236738,"n":"Moulage avec surprise Kinder Pingouin - 36g","p":2.17,"u":"60,28 €/KG","img":"https://fd6-photos.leclercdrive.fr/image.ashx?id=2798858&use=l&cat=p&typeid=i","cat":327592},{"id":236741,"n":"Oeuf maxi Kinder Surprise Noel - 100g","p":6.47,"u":"64,70 €/KG","img":"https://fd6-photos.leclercdrive.fr/image.ashx?id=2798864&use=l&cat=p&typeid=i","cat":327592},{"id":236758,"n":"Adoucissant Minidou Fleurs d'amande - 1L","p":4.55,"u":"4,55 €/L","img":"https://fd6-photos.leclercdrive.fr/image.ashx?id=2795890&use=l&cat=p&typeid=i","cat":284650},{"id":236759,"n":"Adoucissant Minidou Instant d'été - 1L","p":4.05,"u":"4,05 €/L","img":"https://fd6-photos.leclercdrive.fr/image.ashx?id=2795893&use=l&cat=p&typeid=i","cat":284650},{"id":236764,"n":"Lessive liquide L'Arbre vert 67 lavages - 3.015L","p":14.01,"u":"4,65 €/L","img":"https://fd6-photos.leclercdrive.fr/image.ashx?id=3008545&use=l&cat=p&typeid=i","cat":284640},{"id":236765,"n":"Lessive liquide Skip Couleur Protect 2x2.16L","p":29.06,"u":"6,73 €/L","img":"https://fd6-photos.leclercdrive.fr/image.ashx?id=2961341&use=l&cat=p&typeid=i","cat":284640},{"id":236776,"n":"Bûche tradition Ehrard Omelette Norvégienne - 560g","p":11.78,"u":"21,04 €/KG","img":"https://fd6-photos.leclercdrive.fr/image.ashx?id=2795767&use=l&cat=p&typeid=i","cat":284266},{"id":236780,"n":"Bûche tradition vanille  chocolat Erhard - 420g","p":9.59,"u":"22,83 €/KG","img":"https://fd6-photos.leclercdrive.fr/image.ashx?id=2795761&use=l&cat=p&typeid=i","cat":284266},{"id":236782,"n":"Bûche tradition vanille fraise Erhard - 420g","p":9.59,"u":"22,83 €/KG","img":"https://fd6-photos.leclercdrive.fr/image.ashx?id=2795764&use=l&cat=p&typeid=i","cat":284266},{"id":236792,"n":"Sucette Fizzy Spirale parfum cerise 40g","p":1.56,"u":"39,00 €/KG","img":"https://fd6-photos.leclercdrive.fr/image.ashx?id=2798945&use=l&cat=p&typeid=i","cat":327592},{"id":236793,"n":"Sucette Fizzy Twist parfum cerise  40g","p":1.56,"u":"39,00 €/KG","img":"https://fd6-photos.leclercdrive.fr/image.ashx?id=2798948&use=l&cat=p&typeid=i","cat":327592},{"id":236794,"n":"Sucette Fizzy  Sapin - parfum cerise  40g","p":1.56,"u":"39,00 €/KG","img":"https://fd6-photos.leclercdrive.fr/image.ashx?id=2798951&use=l&cat=p&typeid=i","cat":327592},{"id":237028,"n":"Figurines de noël Jacquot Chocolat praliné - 250g","p":3.91,"u":"15,64 €/KG","img":"https://fd6-photos.leclercdrive.fr/image.ashx?id=2796719&use=l&cat=p&typeid=i","cat":327592},{"id":237029,"n":"Figurines Kid Noël Jacquot Chocolat lait - 250g","p":4.0,"u":"16,00 €/KG","img":"https://fd6-photos.leclercdrive.fr/image.ashx?id=2796716&use=l&cat=p&typeid=i","cat":327592},{"id":237031,"n":"Peluche Kinder Mix - 133g","p":13.92,"u":"104,66 €/KG","img":"https://fd6-photos.leclercdrive.fr/image.ashx?id=2940285&use=l&cat=p&typeid=i","cat":327789},{"id":237033,"n":"Œuf Maxi Kinder surprise Garçon - 100g","p":6.47,"u":"64,70 €/KG","img":"https://fd6-photos.leclercdrive.fr/image.ashx?id=2940516&use=l&cat=p&typeid=i","cat":327592},{"id":237036,"n":"Petits plaisirs Ferrero Rocher Mix 3 goûts - 200g","p":6.98,"u":"34,90 €/KG","img":"https://fd6-photos.leclercdrive.fr/image.ashx?id=2945017&use=l&cat=p&typeid=i","cat":327600},{"id":237039,"n":"Bouchées Mon Chéri Liqueur cerise x12 - 126g","p":6.06,"u":"48,10 €/KG","img":"https://fd6-photos.leclercdrive.fr/image.ashx?id=2945014&use=l&cat=p&typeid=i","cat":284499},{"id":237047,"n":"Moulage Kinder Caramel - 110g","p":3.7,"u":"33,64 €/KG","img":"https://fd6-photos.leclercdrive.fr/image.ashx?id=2797013&use=l&cat=p&typeid=i","cat":327592},{"id":237048,"n":"Moulage chocolat Kinder Hibou Bleu - 138g","p":5.15,"u":"37,32 €/KG","img":"https://fd6-photos.leclercdrive.fr/image.ashx?id=2797010&use=l&cat=p&typeid=i","cat":327592},{"id":237053,"n":"Boîte chocolat Kinder Happy Moments Sapin - 243g","p":9.88,"u":"40,66 €/KG","img":"https://fd6-photos.leclercdrive.fr/image.ashx?id=2945790&use=l&cat=p&typeid=i","cat":327592},{"id":237054,"n":"Chaussette Kinder&Co Assortiment chocolat - 212g","p":9.97,"u":"47,03 €/KG","img":"https://fd6-photos.leclercdrive.fr/image.ashx?id=2899755&use=l&cat=p&typeid=i","cat":327592},{"id":237055,"n":"Sac mix Kinder Assortiment chocolat - 223g","p":10.21,"u":"45,78 €/KG","img":"https://fd6-photos.leclercdrive.fr/image.ashx?id=2940534&use=l&cat=p&typeid=i","cat":327592},{"id":237057,"n":"Chocolat Ferrero Collection Grand assortiment x43 - 432g","p":16.98,"u":"39,31 €/KG","img":"https://fd6-photos.leclercdrive.fr/image.ashx?id=2940543&use=l&cat=p&typeid=i","cat":327595},{"id":237120,"n":"Père Noël Milka Party mix - 61g","p":3.69,"u":"60,49 €/KG","img":"https://fd6-photos.leclercdrive.fr/image.ashx?id=2796998&use=l&cat=p&typeid=i","cat":327592},{"id":237125,"n":"Les Bouchées Les Recettes de L'Atelier - Noir - 187g","p":8.33,"u":"44,55 €/KG","img":"https://fd6-photos.leclercdrive.fr/image.ashx?id=2797112&use=l&cat=p&typeid=i","cat":327595},{"id":237148,"n":"Papillotes Révillon Pétard Lait blanc - 300g","p":9.78,"u":"32,60 €/KG","img":"https://fd6-photos.leclercdrive.fr/image.ashx?id=2798036&use=l&cat=p&typeid=i","cat":327597},{"id":237149,"n":"Papillotte Quiz cinéma Révillon Chocolat Noir Lait Blanc - 360g","p":10.95,"u":"30,42 €/KG","img":"https://fd6-photos.leclercdrive.fr/image.ashx?id=2797834&use=l&cat=p&typeid=i","cat":327597},{"id":237150,"n":"Papillottes Révillon Quiz  culture Noir Lait Blanc - 360g","p":10.6,"u":"29,44 €/KG","img":"https://fd6-photos.leclercdrive.fr/image.ashx?id=2802365&use=l&cat=p&typeid=i","cat":327597},{"id":237156,"n":"Boîte chocolat Révillon Grand assortiment lait - 407g","p":17.64,"u":"43,34 €/KG","img":"https://fd6-photos.leclercdrive.fr/image.ashx?id=2900788&use=l&cat=p&typeid=i","cat":327595},{"id":237158,"n":"Boîte chocolat Révillon Noir 70% Lait Blanc - 409g","p":16.99,"u":"41,54 €/KG","img":"https://fd6-photos.leclercdrive.fr/image.ashx?id=2900797&use=l&cat=p&typeid=i","cat":327595},{"id":237173,"n":"Chalet garni de noël Riegelein Moulage chocolat au lait - 174g","p":6.36,"u":"36,55 €/KG","img":"https://fd6-photos.leclercdrive.fr/image.ashx?id=2796950&use=l&cat=p&typeid=i","cat":327592},{"id":237839,"n":"Cartouches filtrantes Brita Maxtra pro Pack de 6","p":39.99,"img":"https://fd6-photos.leclercdrive.fr/image.ashx?id=2950555&use=l&cat=p&typeid=i","cat":334135},{"id":237894,"n":"Moulage avec surprise Kinder Pingouin - 36g","p":2.17,"u":"60,28 €/KG","img":"https://fd6-photos.leclercdrive.fr/image.ashx?id=2799032&use=l&cat=p&typeid=i","cat":327592},{"id":237896,"n":"Moulage chocolat Kinder Hibou Rouge - 138g","p":5.15,"u":"37,32 €/KG","img":"https://fd6-photos.leclercdrive.fr/image.ashx?id=2799038&use=l&cat=p&typeid=i","cat":327592},{"id":237897,"n":"Moulage chocolat Kinder Hibou Vert - 138g","p":5.15,"u":"37,32 €/KG","img":"https://fd6-photos.leclercdrive.fr/image.ashx?id=2799041&use=l&cat=p&typeid=i","cat":327592},{"id":237898,"n":"Moulage chocolat Kinder Hibou Vert et Rouge - 138g","p":5.15,"u":"37,32 €/KG","img":"https://fd6-photos.leclercdrive.fr/image.ashx?id=2799044&use=l&cat=p&typeid=i","cat":327592},{"id":237899,"n":"Sac noel Kinder Assortiment chocolat - 223g","p":10.21,"u":"45,78 €/KG","img":"https://fd6-photos.leclercdrive.fr/image.ashx?id=2799047&use=l&cat=p&typeid=i","cat":284958},{"id":237900,"n":"Chaussette Kinder&Co Bleue Assortiment chocolat - 212g","p":9.97,"u":"47,03 €/KG","img":"https://fd6-photos.leclercdrive.fr/image.ashx?id=2799050&use=l&cat=p&typeid=i","cat":327592},{"id":237901,"n":"Chaussette Kinder&Co Rouge Assortiment chocolat - 212g","p":9.97,"u":"47,03 €/KG","img":"https://fd6-photos.leclercdrive.fr/image.ashx?id=2803939&use=l&cat=p&typeid=i","cat":327592},{"id":237907,"n":"Bonbon Giga Twisty Ours de noël  - 65g","p":1.95,"u":"30,00 €/KG","img":"https://fd6-photos.leclercdrive.fr/image.ashx?id=2803966&use=l&cat=p&typeid=i","cat":327592},{"id":237949,"n":"Pâtes Barilla Penne Rigate Al Bronzo - 500g","p":1.96,"u":"3,92 €/KG","img":"https://fd6-photos.leclercdrive.fr/image.ashx?id=2798677&use=l&cat=p&typeid=i","cat":284427},{"id":237950,"n":"Pâtes Barilla Linguine  Al Bronzo - 500g","p":1.95,"u":"3,90 €/KG","img":"https://fd6-photos.leclercdrive.fr/image.ashx?id=2798683&use=l&cat=p&typeid=i","cat":284427},{"id":238056,"n":"Pâtes Barilla Spaghettoni  Al Bronzo - 500g","p":1.96,"u":"3,92 €/KG","img":"https://fd6-photos.leclercdrive.fr/image.ashx?id=2798686&use=l&cat=p&typeid=i","cat":284427},{"id":238216,"n":"Coffret pâte d'amande Niederegg Chocolat noir - 100g","p":4.9,"u":"49,00 €/KG","img":"https://fd6-photos.leclercdrive.fr/image.ashx?id=2811503&use=l&cat=p&typeid=i","cat":284499},{"id":238234,"n":"Chocolats Noisettes Caffarel  Italian sélection 200g","p":8.34,"u":"41,70 €/KG","img":"https://fd6-photos.leclercdrive.fr/image.ashx?id=2883762&use=l&cat=p&typeid=i","cat":284499},{"id":238235,"n":"Ballotin chocolat noir Gianduja - 150g","p":8.34,"u":"55,60 €/KG","img":"https://fd6-photos.leclercdrive.fr/image.ashx?id=2961293&use=l&cat=p&typeid=i","cat":284499},{"id":238237,"n":"Pâte d'amande Niederegger Enrobée chocolat lait - 100g","p":4.9,"u":"49,00 €/KG","img":"https://fd6-photos.leclercdrive.fr/image.ashx?id=2815692&use=l&cat=p&typeid=i","cat":284499},{"id":238274,"n":"Crêpes chocolat au lait Whaou - x15 - 480g","p":4.63,"u":"9,65 €/KG","img":"https://fd6-photos.leclercdrive.fr/image.ashx?id=2800417&use=l&cat=p&typeid=i","cat":284494},{"id":238313,"n":"Nouilles Tables du Monde Curry - 3x65g","p":1.39,"u":"7,13 €/KG","img":"https://fd6-photos.leclercdrive.fr/image.ashx?id=2799850&use=l&cat=p&typeid=i","cat":288992},{"id":238377,"n":"Mousse à raser Wilkinson 200ml","p":3.06,"u":"15,30 €/L","img":"https://fd6-photos.leclercdrive.fr/image.ashx?id=2801252&use=l&cat=p&typeid=i","cat":284617},{"id":238378,"n":"Gel à raser Wilkinson 200ml","p":3.81,"u":"19,05 €/L","img":"https://fd6-photos.leclercdrive.fr/image.ashx?id=2801255&use=l&cat=p&typeid=i","cat":284617},{"id":238379,"n":"Mousse à raser mini Wilkinson 75ml","p":3.3,"u":"44,00 €/L","img":"https://fd6-photos.leclercdrive.fr/image.ashx?id=2895008&use=l&cat=p&typeid=i","cat":284617},{"id":238423,"n":"Chewing-gum Refreshers  Menthe verte, 67g","p":2.99,"u":"44,63 €/KG","img":"https://fd6-photos.leclercdrive.fr/image.ashx?id=3008990&use=l&cat=p&typeid=i","cat":304251},{"id":238425,"n":"Chewing-gum Freedent Refreshers  Mangue Ananas 67g","p":3.42,"u":"51,04 €/KG","img":"https://fd6-photos.leclercdrive.fr/image.ashx?id=2897294&use=l&cat=p&typeid=i","cat":304251},{"id":238426,"n":"Chewing-gum Refreshers  Fraise citron, 67g","p":3.41,"u":"50,90 €/KG","img":"https://fd6-photos.leclercdrive.fr/image.ashx?id=2877019&use=l&cat=p&typeid=i","cat":304251},{"id":238530,"n":"Ravioli Lustucru Selection  4 fromages - 310g","p":1.93,"u":"6,23 €/KG","img":"https://fd6-photos.leclercdrive.fr/image.ashx?id=2962524&use=l&cat=p&typeid=i","cat":333682},{"id":238567,"n":"Masque cheveux Fructis Garnier Longueur & glow Ananas - 320ml","p":6.37,"u":"19,91 €/L","img":"https://fd6-photos.leclercdrive.fr/image.ashx?id=2802129&use=l&cat=p&typeid=i","cat":284608},{"id":238671,"n":"Manège glacé Erhard Pâtissier Fruits rouges Vanille - 575g","p":11.99,"u":"20,85 €/KG","img":"https://fd6-photos.leclercdrive.fr/image.ashx?id=2852875&use=l&cat=p&typeid=i","cat":284266},{"id":238689,"n":"Bonbon Giga Twisty Fizzy - 65g","p":1.95,"u":"30,00 €/KG","img":"https://fd6-photos.leclercdrive.fr/image.ashx?id=2851006&use=l&cat=p&typeid=i","cat":327592},{"id":238713,"n":"Chocolat Noel Libeert  - 90g","p":6.8,"u":"75,56 €/KG","img":"https://fd6-photos.leclercdrive.fr/image.ashx?id=2802659&use=l&cat=p&typeid=i","cat":327592},{"id":238786,"n":"Sucette guimauve Xmas Fizzy  Pain d'epices - 35g","p":1.7,"u":"48,57 €/KG","img":"https://fd6-photos.leclercdrive.fr/image.ashx?id=2804349&use=l&cat=p&typeid=i","cat":327592},{"id":238790,"n":"Mini croustis Bonduelle Indian curry 240g","p":3.5,"u":"14,58 €/KG","img":"https://fd6-photos.leclercdrive.fr/image.ashx?id=2974578&use=l&cat=p&typeid=i","cat":284254},{"id":238791,"n":"Maxi croustis Bonduelle Epinards 240g","p":3.22,"u":"13,42 €/KG","img":"https://fd6-photos.leclercdrive.fr/image.ashx?id=2805180&use=l&cat=p&typeid=i","cat":284254},{"id":238796,"n":"Menus Gourmands Viande en  gelée Tous mes Amis - 48x100g","p":13.95,"u":"2,91 €/KG","img":"https://fd6-photos.leclercdrive.fr/image.ashx?id=2820007&use=l&cat=p&typeid=i","cat":285286},{"id":238825,"n":"Dragées M&M'S crispy family 374g","p":4.38,"u":"11,71 €/KG","img":"https://fd6-photos.leclercdrive.fr/image.ashx?id=3003402&use=l&cat=p&typeid=i","cat":304238},{"id":238872,"n":"Quinoa facile Lustucru 300g","p":2.41,"u":"8,03 €/KG","img":"https://fd6-photos.leclercdrive.fr/image.ashx?id=2804565&use=l&cat=p&typeid=i","cat":284429},{"id":238917,"n":"Sachet 36 escargots beurre ail persil - 266g","p":9.99,"u":"37,56 €/KG","img":"https://fd6-photos.leclercdrive.fr/image.ashx?id=2807504&use=l&cat=p&typeid=i","cat":319775},{"id":238984,"n":"Rasoir Tondeuse Carré Homme Hybride +1 recharge","p":17.9,"u":"17,90 €/PRT","img":"https://fd6-photos.leclercdrive.fr/image.ashx?id=2804072&use=l&cat=p&typeid=i","cat":284616},{"id":239014,"n":"Compote La vie en rouge Andros - 4x100g","p":1.86,"u":"4,65 €/KG","img":"https://fd6-photos.leclercdrive.fr/image.ashx?id=2884000&use=l&cat=p&typeid=i","cat":284416},{"id":239059,"n":"Foie gras canard Labeyrie Entier - 190g","p":46.1,"u":"242,63 €/KG","img":"https://fd6-photos.leclercdrive.fr/image.ashx?id=2805147&use=l&cat=p&typeid=i","cat":316008},{"id":239101,"n":"Riz Thaï Taureau Ailé 1kg","p":2.98,"u":"2,98 €/KG","img":"https://fd6-photos.leclercdrive.fr/image.ashx?id=2805558&use=l&cat=p&typeid=i","cat":284428},{"id":239105,"n":"Pâte à tartiner noisettes Lucien Georgelin - 400g","p":5.15,"u":"12,88 €/KG","img":"https://fd6-photos.leclercdrive.fr/image.ashx?id=2805390&use=l&cat=p&typeid=i","cat":284481},{"id":239183,"n":"Jus multifruits Abc Eco+ 1L","p":1.11,"u":"1,11 €/L","img":"https://fd6-photos.leclercdrive.fr/image.ashx?id=2804840&use=l&cat=p&typeid=i","cat":284917},{"id":239185,"n":"AOP Ventoux vin rouge 3L","p":9.99,"u":"3,33 €/L","img":"https://fd6-photos.leclercdrive.fr/image.ashx?id=2804843&use=l&cat=p&typeid=i","cat":289560},{"id":239206,"n":"Coloration Palette N°900 Noir - x1","p":3.89,"img":"https://fd6-photos.leclercdrive.fr/image.ashx?id=2817479&use=l&cat=p&typeid=i","cat":288899},{"id":239207,"n":"Coloration Palette N°909 Noir bleuté - x1","p":3.82,"img":"https://fd6-photos.leclercdrive.fr/image.ashx?id=2911294&use=l&cat=p&typeid=i","cat":288899},{"id":239208,"n":"Lessive capsules Le Chat  Disc Expert 4 en 1 x25 - 413g","p":8.28,"u":"20,10 €/KG","img":"https://fd6-photos.leclercdrive.fr/image.ashx?id=2936125&use=l&cat=p&typeid=i","cat":284641},{"id":239218,"n":"Lingettes Décolor Stop  Anti-décoloration x52","p":5.69,"u":"0,11 €/P","img":"https://fd6-photos.leclercdrive.fr/image.ashx?id=2805264&use=l&cat=p&typeid=i","cat":290450},{"id":239220,"n":"Bain de Bouche Listerine Haleine Fraiche 500ml","p":3.69,"u":"7,38 €/L","img":"https://fd6-photos.leclercdrive.fr/image.ashx?id=2806309&use=l&cat=p&typeid=i","cat":284613},{"id":239221,"n":"Bain de Bouche Listerine Total Care 10 en 1-500ml","p":4.95,"u":"9,90 €/L","img":"https://fd6-photos.leclercdrive.fr/image.ashx?id=2806312&use=l&cat=p&typeid=i","cat":284613},{"id":239224,"n":"Bain de Bouche Listerine Dents et Gencives 10 en 1 500ml","p":4.2,"u":"8,40 €/L","img":"https://fd6-photos.leclercdrive.fr/image.ashx?id=2806318&use=l&cat=p&typeid=i","cat":284613},{"id":239225,"n":"Bain de Bouche Listerine Total Care - Sans alcool 500ml","p":4.09,"u":"8,18 €/L","img":"https://fd6-photos.leclercdrive.fr/image.ashx?id=2806321&use=l&cat=p&typeid=i","cat":284613},{"id":239226,"n":"Adoucissant recharge Soupline à diluer Grand Air - 600ml","p":2.18,"u":"3,63 €/L","img":"https://fd6-photos.leclercdrive.fr/image.ashx?id=2957314&use=l&cat=p&typeid=i","cat":284650},{"id":239228,"n":"Adoucissant recharge Soupline à diluer Moment Magique-600ml","p":2.9,"u":"4,83 €/L","img":"https://fd6-photos.leclercdrive.fr/image.ashx?id=2863027&use=l&cat=p&typeid=i","cat":284650},{"id":239229,"n":"Brume de linge Soupline spray Grand Air - 300ml","p":5.13,"u":"17,10 €/L","img":"https://fd6-photos.leclercdrive.fr/image.ashx?id=2866202&use=l&cat=p&typeid=i","cat":325302},{"id":239231,"n":"Dentifrice Sensitive Elmex Blancheur - 75ml","p":5.91,"u":"78,80 €/L","img":"https://fd6-photos.leclercdrive.fr/image.ashx?id=2806447&use=l&cat=p&typeid=i","cat":284612},{"id":239232,"n":"Dentifrice Colgate Active Blancheur - 75ml","p":2.88,"u":"38,40 €/L","img":"https://fd6-photos.leclercdrive.fr/image.ashx?id=2814623&use=l&cat=p&typeid=i","cat":284612},{"id":239233,"n":"Dentifrice Colgate Soin complet - 75ml","p":2.23,"u":"29,73 €/L","img":"https://fd6-photos.leclercdrive.fr/image.ashx?id=2836196&use=l&cat=p&typeid=i","cat":284612},{"id":239234,"n":"Dentifrice Colgate Total Résistance de l'émail 75ml","p":2.8,"u":"37,33 €/L","img":"https://fd6-photos.leclercdrive.fr/image.ashx?id=2832578&use=l&cat=p&typeid=i","cat":284612},{"id":239235,"n":"Lingettes bébé Biolane Pure water - x48","p":2.32,"img":"https://fd6-photos.leclercdrive.fr/image.ashx?id=2877907&use=l&cat=p&typeid=i","cat":284738},{"id":239236,"n":"Lingettes pocket bébé Biolane Visage et mains - x20","p":1.67,"img":"https://fd6-photos.leclercdrive.fr/image.ashx?id=2806195&use=l&cat=p&typeid=i","cat":284738},{"id":239237,"n":"Couches bébé Mots d'enfant Taille 3 - 4-9kg - x104","p":12.67,"u":"12,67 €/PRT","img":"https://fd6-photos.leclercdrive.fr/image.ashx?id=2922439&use=l&cat=p&typeid=i","cat":284737},{"id":239239,"n":"Couches bébé Mots d'enfant Taille 4 - 7-18kg - x92","p":12.67,"img":"https://fd6-photos.leclercdrive.fr/image.ashx?id=2922442&use=l&cat=p&typeid=i","cat":284737},{"id":239241,"n":"Couches bébé Mots d'enfant Taille 4+ - 9-20kg - x88","p":12.67,"img":"https://fd6-photos.leclercdrive.fr/image.ashx?id=2922445&use=l&cat=p&typeid=i","cat":284737},{"id":239242,"n":"Couches bébé Mots d'enfant Taille 5 - 11-25kg - x84","p":12.67,"u":"0,15 €/P","img":"https://fd6-photos.leclercdrive.fr/image.ashx?id=2922448&use=l&cat=p&typeid=i","cat":284737},{"id":239283,"n":"Essuie-Tout Sopalin Décoré Maxi rouleau   x4= 8 rouleaux","p":5.99,"u":"1,50 €/P","img":"https://fd6-photos.leclercdrive.fr/image.ashx?id=3000453&use=l&cat=p&typeid=i","cat":284635},{"id":239478,"n":"Burger Géant Jacquet Nature x4 - 330g","p":1.11,"u":"3,36 €/KG","img":"https://fd6-photos.leclercdrive.fr/image.ashx?id=3010981&use=l&cat=p&typeid=i","cat":325067},{"id":239508,"n":"Préparation maison Vahiné Muffins chocolat noisettes 330g","p":3.5,"u":"10,61 €/KG","img":"https://fd6-photos.leclercdrive.fr/image.ashx?id=2806964&use=l&cat=p&typeid=i","cat":284505},{"id":239509,"n":"Préparation maison Vahiné Gâteau 3en1 chocolat  280g","p":2.66,"u":"9,50 €/KG","img":"https://fd6-photos.leclercdrive.fr/image.ashx?id=2806961&use=l&cat=p&typeid=i","cat":284505},{"id":239615,"n":"Boisson hydratation Prime Ice pop 500ml","p":2.0,"u":"4,00 €/L","img":"https://fd6-photos.leclercdrive.fr/image.ashx?id=2807882&use=l&cat=p&typeid=i","cat":284533},{"id":239616,"n":"Boisson hydratation Prime Framboise 500ml","p":2.02,"u":"4,04 €/L","img":"https://fd6-photos.leclercdrive.fr/image.ashx?id=2807879&use=l&cat=p&typeid=i","cat":284533},{"id":239617,"n":"Boisson hydratation Prime Fraise pastèque 500ml","p":1.94,"u":"3,88 €/L","img":"https://fd6-photos.leclercdrive.fr/image.ashx?id=2849277&use=l&cat=p&typeid=i","cat":284533},{"id":239883,"n":"Velouté Eco+ Poireaux pomme de terre","p":0.87,"u":"0,87 €/L","img":"https://fd6-photos.leclercdrive.fr/image.ashx?id=2808724&use=l&cat=p&typeid=i","cat":284462},{"id":239888,"n":"Bouillon Maggi Tomate vermicelle - 70g","p":0.54,"u":"7,71 €/KG","img":"https://fd6-photos.leclercdrive.fr/image.ashx?id=2811713&use=l&cat=p&typeid=i","cat":288379},{"id":239902,"n":"Saumon en croûte Côté Table 700g","p":7.49,"u":"10,70 €/KG","img":"https://fd6-photos.leclercdrive.fr/image.ashx?id=2808733&use=l&cat=p&typeid=i","cat":319776},{"id":239905,"n":"Nouilles Tables du Monde Legumes - 3x65g","p":1.39,"u":"7,13 €/KG","img":"https://fd6-photos.leclercdrive.fr/image.ashx?id=2808727&use=l&cat=p&typeid=i","cat":288992},{"id":239928,"n":"Pâte à tartinerLotus Speculoos crunchy Biscoff 390g","p":3.78,"u":"9,69 €/KG","img":"https://fd6-photos.leclercdrive.fr/image.ashx?id=2811575&use=l&cat=p&typeid=i","cat":284481},{"id":240002,"n":"Billes M&Ms caramel salé 367g","p":5.45,"u":"14,85 €/KG","img":"https://fd6-photos.leclercdrive.fr/image.ashx?id=2924770&use=l&cat=p&typeid=i","cat":304238},{"id":240106,"n":"Lessive Mono-doses - x20 Uni vert","p":5.65,"img":"https://fd6-photos.leclercdrive.fr/image.ashx?id=2842322&use=l&cat=p&typeid=i","cat":284641},{"id":240121,"n":"Lessive liquide Super Croix Japon - 5.76L - 3x42 lavages","p":27.81,"u":"4,90 €/L","img":"https://fd6-photos.leclercdrive.fr/image.ashx?id=2811398&use=l&cat=p&typeid=i","cat":284640},{"id":240234,"n":"Bûche glacée Pilpa Duo de Vanilles - 535g","p":5.27,"u":"9,85 €/KG","img":"https://fd6-photos.leclercdrive.fr/image.ashx?id=2812765&use=l&cat=p&typeid=i","cat":284266},{"id":240338,"n":"Laque Elnett Fixation normale  200ml","p":5.46,"u":"27,30 €/L","img":"https://fd6-photos.leclercdrive.fr/image.ashx?id=2814064&use=l&cat=p&typeid=i","cat":284609},{"id":240425,"n":"Soda à l'orange Orangina 1,5L","p":1.88,"u":"1,25 €/L","img":"https://fd6-photos.leclercdrive.fr/image.ashx?id=2946499&use=l&cat=p&typeid=i","cat":284532},{"id":240426,"n":"Soda à l'orange Orangina 2x1,5L","p":3.94,"u":"1,31 €/L","img":"https://fd6-photos.leclercdrive.fr/image.ashx?id=2812690&use=l&cat=p&typeid=i","cat":284532},{"id":240427,"n":"Soda à l'orange Orangina 12x33cl","p":7.44,"u":"1,88 €/L","img":"https://fd6-photos.leclercdrive.fr/image.ashx?id=2946505&use=l&cat=p&typeid=i","cat":284532},{"id":240428,"n":"Soda à l'orange Orangina 6x33cl","p":3.63,"u":"1,83 €/L","img":"https://fd6-photos.leclercdrive.fr/image.ashx?id=2946502&use=l&cat=p&typeid=i","cat":284532},{"id":240482,"n":"Riz basmati Lustucru 10min - 5x180g","p":3.16,"u":"3,51 €/KG","img":"https://fd6-photos.leclercdrive.fr/image.ashx?id=2814163&use=l&cat=p&typeid=i","cat":284428},{"id":240623,"n":"Laque fixation forte Elnett 200ml","p":5.95,"u":"29,75 €/L","img":"https://fd6-photos.leclercdrive.fr/image.ashx?id=2828013&use=l&cat=p&typeid=i","cat":284609},{"id":240751,"n":"Spaghetti Barilla Quadrati Al bronzo - 500g","p":1.96,"u":"3,92 €/KG","img":"https://fd6-photos.leclercdrive.fr/image.ashx?id=2815145&use=l&cat=p&typeid=i","cat":284427},{"id":240772,"n":"Oeuf Maxi Kinder Surprise Fille - 100g","p":6.47,"u":"64,70 €/KG","img":"https://fd6-photos.leclercdrive.fr/image.ashx?id=2940513&use=l&cat=p&typeid=i","cat":284958},{"id":240837,"n":"Tablette chocolat au lait  Pistaches - Novi - 110g","p":3.67,"u":"33,36 €/KG","img":"https://fd6-photos.leclercdrive.fr/image.ashx?id=2818133&use=l&cat=p&typeid=i","cat":284497},{"id":240842,"n":"Skyr nature Délisse 4x100g","p":1.72,"u":"4,30 €/KG","img":"https://fd6-photos.leclercdrive.fr/image.ashx?id=2992588&use=l&cat=p&typeid=i","cat":315000},{"id":240843,"n":"Skyr nature Délisse 850g","p":2.75,"u":"3,24 €/KG","img":"https://fd6-photos.leclercdrive.fr/image.ashx?id=2992600&use=l&cat=p&typeid=i","cat":315000},{"id":240848,"n":"Girolles sauvages entières L'Origine du Goût 300g","p":4.85,"u":"16,17 €/KG","img":"https://fd6-photos.leclercdrive.fr/image.ashx?id=2814713&use=l&cat=p&typeid=i","cat":319805},{"id":240852,"n":"Cèpes morceaux L'Origine du Goût 300g","p":4.05,"u":"13,50 €/KG","img":"https://fd6-photos.leclercdrive.fr/image.ashx?id=2814917&use=l&cat=p&typeid=i","cat":319805},{"id":240867,"n":"Frites classiques Pom'lisse  2kg","p":3.69,"u":"1,85 €/KG","img":"https://fd6-photos.leclercdrive.fr/image.ashx?id=2814890&use=l&cat=p&typeid=i","cat":319791},{"id":240876,"n":"Yaourt à la Grecque Eco+ Nature - 4x125g","p":0.98,"u":"1,96 €/KG","img":"https://fd6-photos.leclercdrive.fr/image.ashx?id=2814854&use=l&cat=p&typeid=i","cat":284409},{"id":240880,"n":"Yaourt nature Délisse Au lait entier 4x125g","p":1.29,"u":"2,58 €/KG","img":"https://fd6-photos.leclercdrive.fr/image.ashx?id=2814908&use=l&cat=p&typeid=i","cat":284409},{"id":240889,"n":"Oeufs de lompe Labeyrie  MSC 80g","p":4.17,"u":"52,13 €/KG","img":"https://fd6-photos.leclercdrive.fr/image.ashx?id=2817602&use=l&cat=p&typeid=i","cat":285191},{"id":240919,"n":"Morilles sauvages entières L'Origine du Goût 150g","p":5.99,"u":"39,93 €/KG","img":"https://fd6-photos.leclercdrive.fr/image.ashx?id=2814968&use=l&cat=p&typeid=i","cat":319805},{"id":241058,"n":"Mini feuilletés champignons Erhard - x8 - 110g","p":4.99,"u":"45,36 €/KG","img":"https://fd6-photos.leclercdrive.fr/image.ashx?id=2817713&use=l&cat=p&typeid=i","cat":319774},{"id":241059,"n":"Mini feuilletés saumon Erhard - x8 - 110g","p":4.99,"u":"45,36 €/KG","img":"https://fd6-photos.leclercdrive.fr/image.ashx?id=2817716&use=l&cat=p&typeid=i","cat":319774},{"id":241064,"n":"Briochettes gratinées Erhard Jambon fromage - x12  115g","p":4.99,"u":"43,39 €/KG","img":"https://fd6-photos.leclercdrive.fr/image.ashx?id=2817722&use=l&cat=p&typeid=i","cat":319774},{"id":241067,"n":"Mini cheeseburger Erhard Boeuf - x9 160g","p":4.99,"u":"31,19 €/KG","img":"https://fd6-photos.leclercdrive.fr/image.ashx?id=2817734&use=l&cat=p&typeid=i","cat":319774},{"id":241069,"n":"Mini burgers Erhard Poulet - x9 - 160g","p":4.99,"u":"31,19 €/KG","img":"https://fd6-photos.leclercdrive.fr/image.ashx?id=2817737&use=l&cat=p&typeid=i","cat":319774},{"id":241070,"n":"Mini burgers Erhard Italiens -  x9 - 145g","p":4.99,"u":"34,41 €/KG","img":"https://fd6-photos.leclercdrive.fr/image.ashx?id=2817740&use=l&cat=p&typeid=i","cat":319774},{"id":241099,"n":"Nouilles asiatiques Maggi Pad Thai - 128g","p":1.94,"u":"15,16 €/KG","img":"https://fd6-photos.leclercdrive.fr/image.ashx?id=2899776&use=l&cat=p&typeid=i","cat":288992},{"id":241210,"n":"Dentifrice Enfants Signal  Super Mario - Fruité - 75ml","p":2.15,"u":"28,67 €/L","img":"https://fd6-photos.leclercdrive.fr/image.ashx?id=2993173&use=l&cat=p&typeid=i","cat":288898},{"id":241211,"n":"Dentifrice Enfants Signal Super Mario - Fraise - 75ml","p":2.15,"u":"28,67 €/L","img":"https://fd6-photos.leclercdrive.fr/image.ashx?id=2987047&use=l&cat=p&typeid=i","cat":288898},{"id":241256,"n":"M&M's minis pochons  360g","p":4.98,"u":"13,83 €/KG","img":"https://fd6-photos.leclercdrive.fr/image.ashx?id=3005290&use=l&cat=p&typeid=i","cat":304238},{"id":241392,"n":"Coton Biolane Bio  Douceur x150","p":4.81,"u":"0,03 €/P","img":"https://fd6-photos.leclercdrive.fr/image.ashx?id=2849830&use=l&cat=p&typeid=i","cat":284739},{"id":241489,"n":"Thon au naturel Petit Navire x3 - 112g","p":4.37,"u":"39,02 €/KG","img":"https://fd6-photos.leclercdrive.fr/image.ashx?id=2887491&use=l&cat=p&typeid=i","cat":303867},{"id":241519,"n":"Filettines Gourmet Perle 40x85g  3.4kg","p":12.49,"u":"3,67 €/KG","img":"https://fd6-photos.leclercdrive.fr/image.ashx?id=2857881&use=l&cat=p&typeid=i","cat":285286},{"id":241803,"n":"Terrine de saumon ASC Ronde des Mers 2x60g","p":1.99,"u":"16,58 €/KG","img":"https://fd6-photos.leclercdrive.fr/image.ashx?id=2856217&use=l&cat=p&typeid=i","cat":285191},{"id":241812,"n":"Gourde bébé Blédina - 10 mois Multifruits - 8x85g","p":7.8,"u":"11,47 €/KG","img":"https://fd6-photos.leclercdrive.fr/image.ashx?id=2826642&use=l&cat=p&typeid=i","cat":312393},{"id":241912,"n":"Couches Culottes Huggies Pull-ups - T5 - x24","p":11.85,"img":"https://fd6-photos.leclercdrive.fr/image.ashx?id=2844721&use=l&cat=p&typeid=i","cat":290633},{"id":241915,"n":"Couches culottes Huggies Pull-ups - Taille 6 - x20","p":11.85,"img":"https://fd6-photos.leclercdrive.fr/image.ashx?id=2844724&use=l&cat=p&typeid=i","cat":290633},{"id":241919,"n":"AOP Fitou Prieur Barsanne Vin rouge - 3L","p":9.99,"u":"3,33 €/L","img":"https://fd6-photos.leclercdrive.fr/image.ashx?id=2982916&use=l&cat=p&typeid=i","cat":289556},{"id":242136,"n":"Sachet dessing Foxter 250g","p":3.99,"u":"15,96 €/KG","img":"https://fd6-photos.leclercdrive.fr/image.ashx?id=2831619&use=l&cat=p&typeid=i","cat":300576},{"id":242144,"n":"Sachet humidité éco+ 450g","p":0.96,"u":"2,13 €/KG","img":"https://fd6-photos.leclercdrive.fr/image.ashx?id=2831610&use=l&cat=p&typeid=i","cat":300576},{"id":242145,"n":"Absorbeur d'humidité éco+ avec 2 recharges - 450g","p":4.2,"img":"https://fd6-photos.leclercdrive.fr/image.ashx?id=2831607&use=l&cat=p&typeid=i","cat":300576},{"id":242218,"n":"Lingettes Mixa bébé au lait x80","p":2.88,"u":"0,04 €/P","img":"https://fd6-photos.leclercdrive.fr/image.ashx?id=2828079&use=l&cat=p&typeid=i","cat":284738},{"id":242220,"n":"Lingettes Mixa bébé  eau minérale x48","p":2.52,"u":"0,05 €/P","img":"https://fd6-photos.leclercdrive.fr/image.ashx?id=2828082&use=l&cat=p&typeid=i","cat":284738},{"id":242222,"n":"Lingettes Mixa bébé  eau nettoyante x80","p":2.54,"u":"0,03 €/P","img":"https://fd6-photos.leclercdrive.fr/image.ashx?id=2828085&use=l&cat=p&typeid=i","cat":284738},{"id":242226,"n":"Déodorant Mixa Anti-transpirant 48h","p":2.69,"u":"53,80 €/L","img":"https://fd6-photos.leclercdrive.fr/image.ashx?id=2869116&use=l&cat=p&typeid=i","cat":284595},{"id":242229,"n":"Lingettes Mixa bébé Physio x48","p":2.74,"u":"0,06 €/P","img":"https://fd6-photos.leclercdrive.fr/image.ashx?id=2828088&use=l&cat=p&typeid=i","cat":284738},{"id":242258,"n":"Laque Elnett 300ml","p":7.64,"u":"25,47 €/L","img":"https://fd6-photos.leclercdrive.fr/image.ashx?id=2828019&use=l&cat=p&typeid=i","cat":284609},{"id":242259,"n":"Laque Elnett fixation forte 300ml","p":7.97,"u":"26,57 €/L","img":"https://fd6-photos.leclercdrive.fr/image.ashx?id=2828016&use=l&cat=p&typeid=i","cat":284609},{"id":242261,"n":"Laque Elnett Fixation normale 400ml","p":9.48,"u":"23,70 €/L","img":"https://fd6-photos.leclercdrive.fr/image.ashx?id=2828025&use=l&cat=p&typeid=i","cat":284609},{"id":242262,"n":"Laque Elnett Fixation forte 400ml","p":10.29,"u":"25,73 €/L","img":"https://fd6-photos.leclercdrive.fr/image.ashx?id=2828022&use=l&cat=p&typeid=i","cat":284609},{"id":242266,"n":"Après-shampoing Garnier Ultra  Doux Cheveux secs -250ml","p":2.71,"u":"10,84 €/L","img":"https://fd6-photos.leclercdrive.fr/image.ashx?id=2828046&use=l&cat=p&typeid=i","cat":284607},{"id":242268,"n":"Démaquillant Mixa Yeux sensible 125ml","p":3.25,"u":"26,00 €/L","img":"https://fd6-photos.leclercdrive.fr/image.ashx?id=2828067&use=l&cat=p&typeid=i","cat":284603},{"id":242282,"n":"Ambre solaire Garnier  Ideal Bronze SPF50 - 150ml","p":12.99,"u":"86,60 €/L","img":"https://fd6-photos.leclercdrive.fr/image.ashx?id=2828055&use=l&cat=p&typeid=i","cat":325355},{"id":242329,"n":"Bonbons Copains Copines Acides - 200g","p":1.13,"u":"5,65 €/KG","img":"https://fd6-photos.leclercdrive.fr/image.ashx?id=2934793&use=l&cat=p&typeid=i","cat":304250},{"id":242435,"n":"Foie gras du Périgord Nos Région ont du Talent - 120g","p":6.9,"u":"57,50 €/KG","img":"https://fd6-photos.leclercdrive.fr/image.ashx?id=2824497&use=l&cat=p&typeid=i","cat":305148},{"id":242437,"n":"Briquets multi usages BIC EZ Reach avec tige x2","p":4.98,"u":"2,49 €/P","img":"https://fd6-photos.leclercdrive.fr/image.ashx?id=2887605&use=l&cat=p&typeid=i","cat":300578},{"id":242546,"n":"Cocktail Tails  Coffret Passion fruit - 50cl","p":14.46,"u":"28,92 €/L","img":"https://fd6-photos.leclercdrive.fr/image.ashx?id=2826474&use=l&cat=p&typeid=i","cat":284551},{"id":242554,"n":"Coktails Tails  Coffret Rhum Daiquiri - 50cl","p":14.6,"u":"29,20 €/L","img":"https://fd6-photos.leclercdrive.fr/image.ashx?id=2826477&use=l&cat=p&typeid=i","cat":284550},{"id":242558,"n":"Coffret Whisky Chivas 40%vol - 70cl","p":28.9,"pp":26.01,"u":"37,16 €/L","img":"https://fd6-photos.leclercdrive.fr/image.ashx?id=2998946&use=l&cat=p&typeid=i","cat":284547},{"id":242573,"n":"Coffret Whisky Chivas 70cl","p":37.9,"pp":34.11,"u":"48,73 €/L","img":"https://fd6-photos.leclercdrive.fr/image.ashx?id=2943948&use=l&cat=p&typeid=i","cat":284547},{"id":242616,"n":"Saucisse L'Origine du Gout A la truffe - 100g","p":2.75,"u":"27,50 €/KG","img":"https://fd6-photos.leclercdrive.fr/image.ashx?id=2994408&use=l&cat=p&typeid=i","cat":316007},{"id":242683,"n":"Bière blanche Leffe 5,7% - 12x25cl","p":12.32,"u":"4,11 €/L","img":"https://fd6-photos.leclercdrive.fr/image.ashx?id=2828580&use=l&cat=p&typeid=i","cat":334878},{"id":242706,"n":"Crème dessert Danette Praliné - 4x125g","p":1.59,"u":"3,18 €/KG","img":"https://fd6-photos.leclercdrive.fr/image.ashx?id=2918556&use=l&cat=p&typeid=i","cat":285041},{"id":242707,"n":"Crème dessert Danette Petit-beurre chocolat 4x125g","p":1.65,"u":"3,30 €/KG","img":"https://fd6-photos.leclercdrive.fr/image.ashx?id=2928414&use=l&cat=p&typeid=i","cat":285041},{"id":242886,"n":"Terrine de Saint-Jacques  Ronde des Mers 2x60g","p":1.99,"u":"16,58 €/KG","img":"https://fd6-photos.leclercdrive.fr/image.ashx?id=2856214&use=l&cat=p&typeid=i","cat":285191},{"id":242900,"n":"Vin rouge Union Européenne  François d'Aubigné - 3x25cl","p":1.99,"u":"2,65 €/L","img":"https://fd6-photos.leclercdrive.fr/image.ashx?id=2927170&use=l&cat=p&typeid=i","cat":289556},{"id":242901,"n":"AOP Jurançon sec Vin blanc Terrasses d'Autan - 75cl","p":4.99,"u":"6,65 €/L","img":"https://fd6-photos.leclercdrive.fr/image.ashx?id=2824153&use=l&cat=p&typeid=i","cat":289557},{"id":242906,"n":"AOP Languedoc Prieur Barsanne Vin rouge - 75cl","p":2.99,"u":"3,99 €/L","img":"https://fd6-photos.leclercdrive.fr/image.ashx?id=2824156&use=l&cat=p&typeid=i","cat":289556},{"id":242907,"n":"Gel douche Sanex Zero Essential Peaux sensible 2x47.5ml","p":9.18,"u":"9,66 €/L","img":"https://fd6-photos.leclercdrive.fr/image.ashx?id=2826255&use=l&cat=p&typeid=i","cat":284594},{"id":243068,"n":"Cocktails Tails Rasberry Shaker - 50 cl","p":14.51,"u":"29,02 €/L","img":"https://fd6-photos.leclercdrive.fr/image.ashx?id=2825484&use=l&cat=p&typeid=i","cat":284551},{"id":243077,"n":"Chocolat Merveilles du Monde Blanc noix de coco  - 100g","p":3.93,"u":"39,30 €/KG","img":"https://fd6-photos.leclercdrive.fr/image.ashx?id=2826057&use=l&cat=p&typeid=i","cat":284497},{"id":243079,"n":"Tartelettes Merveilles du Monde Pâte à tartiner - 180g","p":3.07,"u":"17,06 €/KG","img":"https://fd6-photos.leclercdrive.fr/image.ashx?id=2857665&use=l&cat=p&typeid=i","cat":284488},{"id":243486,"n":"Mélange Doumix Maître Prunille exotique - 350g","p":3.93,"u":"11,23 €/KG","img":"https://fd6-photos.leclercdrive.fr/image.ashx?id=2833684&use=l&cat=p&typeid=i","cat":284357},{"id":243688,"n":"Concentré de citron Frucci 75cl","p":1.54,"u":"2,05 €/L","img":"https://fd6-photos.leclercdrive.fr/image.ashx?id=2865308&use=l&cat=p&typeid=i","cat":295020},{"id":243689,"n":"Boisson energisante X-Tense Energisante pina coco - 50cl","p":0.98,"u":"1,96 €/L","img":"https://fd6-photos.leclercdrive.fr/image.ashx?id=2956798&use=l&cat=p&typeid=i","cat":284533},{"id":243706,"n":"Boisson energisante X-tense  Tropical - 50cl","p":0.98,"u":"1,96 €/L","img":"https://fd6-photos.leclercdrive.fr/image.ashx?id=2956795&use=l&cat=p&typeid=i","cat":284533},{"id":243957,"n":"Concentré Frucci Citron vert - 75cl","p":1.8,"u":"2,40 €/L","img":"https://fd6-photos.leclercdrive.fr/image.ashx?id=2865311&use=l&cat=p&typeid=i","cat":295020},{"id":243958,"n":"Concentré Frucci Orange Citron - 75cl","p":2.41,"u":"3,21 €/L","img":"https://fd6-photos.leclercdrive.fr/image.ashx?id=2865314&use=l&cat=p&typeid=i","cat":295020},{"id":243962,"n":"Lingettes Decolor Stop Protection couleurs - x22","p":3.96,"img":"https://fd6-photos.leclercdrive.fr/image.ashx?id=2890127&use=l&cat=p&typeid=i","cat":290450},{"id":243963,"n":"Lessive liquide Winni's Savon d'Alep & Verveine 1125ml","p":6.41,"u":"5,70 €/L","img":"https://fd6-photos.leclercdrive.fr/image.ashx?id=2834539&use=l&cat=p&typeid=i","cat":284640},{"id":243964,"n":"Lessive liquide Ecopack Winni's Savon d'Alep et Verveine 1350ml","p":7.69,"u":"5,70 €/L","img":"https://fd6-photos.leclercdrive.fr/image.ashx?id=2834542&use=l&cat=p&typeid=i","cat":284640},{"id":243967,"n":"Lessive liquide Winni's Couleurs Ecolabel 1125ml x25","p":6.75,"u":"6,00 €/L","img":"https://fd6-photos.leclercdrive.fr/image.ashx?id=2834545&use=l&cat=p&typeid=i","cat":284640},{"id":243968,"n":"Lessive liquide Ecopack Winni's Couleurs Ecolabel 1350ml x30","p":7.21,"u":"5,34 €/L","img":"https://fd6-photos.leclercdrive.fr/image.ashx?id=2834548&use=l&cat=p&typeid=i","cat":284640},{"id":243969,"n":"Adoucissant Winni's Fleurs blanches - 775ml - x31","p":2.39,"u":"3,08 €/L","img":"https://fd6-photos.leclercdrive.fr/image.ashx?id=2834551&use=l&cat=p&typeid=i","cat":284650},{"id":243970,"n":"Adoucissant Eco-pack Winni's Fleurs Blanches - 1250ml - x50","p":3.69,"u":"2,95 €/L","img":"https://fd6-photos.leclercdrive.fr/image.ashx?id=2834554&use=l&cat=p&typeid=i","cat":284650},{"id":243973,"n":"Boisson pétillante Kidibul Pomme fraise - 4x25cl","p":2.79,"pp":1.84,"u":"1,84 €/L","img":"https://fd6-photos.leclercdrive.fr/image.ashx?id=2834755&use=l&cat=p&typeid=i","cat":289460},{"id":243976,"n":"Tablette lave-vaisselle Visior Classique - x45","p":3.81,"img":"https://fd6-photos.leclercdrive.fr/image.ashx?id=2931856&use=l&cat=p&typeid=i","cat":284656},{"id":243977,"n":"Vinaigre de nettoyage Clair 5L","p":5.01,"u":"1,00 €/L","img":"https://fd6-photos.leclercdrive.fr/image.ashx?id=2834190&use=l&cat=p&typeid=i","cat":325362},{"id":243982,"n":"Vin rosé Syrah Bonne Nouvelle Désalcoolisé - 75cl","p":4.82,"u":"6,43 €/L","img":"https://fd6-photos.leclercdrive.fr/image.ashx?id=2834407&use=l&cat=p&typeid=i","cat":289558},{"id":243983,"n":"Vin blanc Chardonnay  Désalcoolisé - 75cl","p":5.63,"u":"7,51 €/L","img":"https://fd6-photos.leclercdrive.fr/image.ashx?id=2834401&use=l&cat=p&typeid=i","cat":289557},{"id":243984,"n":"Vin blanc Sauvignon Désalcoolisé - 75cl","p":5.48,"u":"7,31 €/L","img":"https://fd6-photos.leclercdrive.fr/image.ashx?id=2834404&use=l&cat=p&typeid=i","cat":289557},{"id":244168,"n":"Liquide vaisselle L'Arbre Vert Citron vert  8+4 offerts  6L","p":13.32,"u":"2,22 €/L","img":"https://fd6-photos.leclercdrive.fr/image.ashx?id=3002096&use=l&cat=p&typeid=i","cat":284655},{"id":244218,"n":"Croquettes Friskies chat adulte Thon Légumes - 3kg","p":8.65,"u":"2,88 €/KG","img":"https://fd6-photos.leclercdrive.fr/image.ashx?id=2835148&use=l&cat=p&typeid=i","cat":284680},{"id":244229,"n":"Croquettes Friskies chat adulte Lapin Poulet Légumes - 1.5kg","p":4.6,"u":"3,07 €/KG","img":"https://fd6-photos.leclercdrive.fr/image.ashx?id=2835160&use=l&cat=p&typeid=i","cat":284680},{"id":244230,"n":"Croquettes Friskies chat adulte Poulet Légumes - 3kg","p":7.29,"u":"2,43 €/KG","img":"https://fd6-photos.leclercdrive.fr/image.ashx?id=2835151&use=l&cat=p&typeid=i","cat":284680},{"id":244234,"n":"Croquettes Friskies chat adulte Saumon Légumes - 1.5kg","p":3.86,"u":"2,57 €/KG","img":"https://fd6-photos.leclercdrive.fr/image.ashx?id=2860586&use=l&cat=p&typeid=i","cat":284680},{"id":244235,"n":"Croquettes Friskies chat adulte  Boeuf Poulet Légumes - 1.5kg","p":3.86,"u":"2,57 €/KG","img":"https://fd6-photos.leclercdrive.fr/image.ashx?id=2835154&use=l&cat=p&typeid=i","cat":284680},{"id":244257,"n":"Yaourts brassés Mamie Nova Tropical - 2x150g","p":1.41,"u":"4,70 €/KG","img":"https://fd6-photos.leclercdrive.fr/image.ashx?id=2835060&use=l&cat=p&typeid=i","cat":284410},{"id":244351,"n":"Shampooing Elsève Color vive 250ml","p":2.35,"u":"9,40 €/L","img":"https://fd6-photos.leclercdrive.fr/image.ashx?id=2989318&use=l&cat=p&typeid=i","cat":284606},{"id":244354,"n":"Shampooing Garnier Ultra doux  Miel - 250ml","p":2.09,"u":"8,36 €/L","img":"https://fd6-photos.leclercdrive.fr/image.ashx?id=2836502&use=l&cat=p&typeid=i","cat":284606},{"id":244356,"n":"Shampooing Garnier Ultra doux  Avocat 250ml","p":2.07,"u":"8,28 €/L","img":"https://fd6-photos.leclercdrive.fr/image.ashx?id=2836499&use=l&cat=p&typeid=i","cat":284606},{"id":244359,"n":"Shampooing Elsève Dream length  250ml","p":3.48,"u":"13,92 €/L","img":"https://fd6-photos.leclercdrive.fr/image.ashx?id=2863614&use=l&cat=p&typeid=i","cat":284606},{"id":244360,"n":"Shampooing Elsève Hyaluronique  250ml","p":3.48,"u":"13,92 €/L","img":"https://fd6-photos.leclercdrive.fr/image.ashx?id=2863617&use=l&cat=p&typeid=i","cat":284606},{"id":244661,"n":"Riz Basmati Lustucru Selection  10 min - 450g","p":2.2,"u":"4,89 €/KG","img":"https://fd6-photos.leclercdrive.fr/image.ashx?id=2836732&use=l&cat=p&typeid=i","cat":284428},{"id":245060,"n":"Cornichons 6 aromates Rustica extra-fins -220g","p":1.59,"u":"7,23 €/KG","img":"https://fd6-photos.leclercdrive.fr/image.ashx?id=2916734&use=l&cat=p&typeid=i","cat":284458},{"id":245061,"n":"Pain pour panini Epi d'Or Précuit - x4  300g","p":1.48,"u":"4,93 €/KG","img":"https://fd6-photos.leclercdrive.fr/image.ashx?id=2837144&use=l&cat=p&typeid=i","cat":284985},{"id":245062,"n":"Compotée d'aubergines & blé Cassegrain - 2x375g","p":5.46,"u":"7,28 €/KG","img":"https://fd6-photos.leclercdrive.fr/image.ashx?id=2970843&use=l&cat=p&typeid=i","cat":312612},{"id":245074,"n":"Nouilles instantanées Maggi sauce aigre douce - 128g","p":1.95,"u":"15,23 €/KG","img":"https://fd6-photos.leclercdrive.fr/image.ashx?id=2837628&use=l&cat=p&typeid=i","cat":288992},{"id":245075,"n":"Nouilles instantanées Maggi  sauce Teriyaki - 128g","p":1.91,"u":"14,92 €/KG","img":"https://fd6-photos.leclercdrive.fr/image.ashx?id=2837625&use=l&cat=p&typeid=i","cat":288992},{"id":245078,"n":"Nouilles instantanées Maggi sauce poulet sésame - 75g","p":1.9,"u":"25,33 €/KG","img":"https://fd6-photos.leclercdrive.fr/image.ashx?id=2842963&use=l&cat=p&typeid=i","cat":288992},{"id":245082,"n":"Nouilles instantanées Maggi sauce sweet chili - 75g","p":1.44,"u":"19,20 €/KG","img":"https://fd6-photos.leclercdrive.fr/image.ashx?id=2842960&use=l&cat=p&typeid=i","cat":288992},{"id":245086,"n":"Sauce Tikka Masala Maggi pour poulet - 340g","p":3.62,"u":"10,65 €/KG","img":"https://fd6-photos.leclercdrive.fr/image.ashx?id=2971772&use=l&cat=p&typeid=i","cat":289012},{"id":245238,"n":"Gousses vanille Tablier Blanc x2 - 4g","p":5.44,"img":"https://fd6-photos.leclercdrive.fr/image.ashx?id=2837701&use=l&cat=p&typeid=i","cat":284504},{"id":245259,"n":"Lessive liquide Skip Couleur protect 2x37 - 2.96L","p":21.07,"u":"7,12 €/L","img":"https://fd6-photos.leclercdrive.fr/image.ashx?id=2838443&use=l&cat=p&typeid=i","cat":284640},{"id":245463,"n":"Soupe douceur d'automne Knorr À la crème fraîche - 2x1L","p":4.89,"pp":3.42,"u":"1,71 €/L","img":"https://fd6-photos.leclercdrive.fr/image.ashx?id=2975939&use=l&cat=p&typeid=i","cat":284462},{"id":245504,"n":"Essuie tout Original N°1 Okay Blanc - x6 rouleaux + 2 offerts","p":5.98,"u":"0,75 €/P","img":"https://fd6-photos.leclercdrive.fr/image.ashx?id=2981361&use=l&cat=p&typeid=i","cat":285193},{"id":245579,"n":"Sauce Pesto vert crémeux  Panzani - 190g","p":2.19,"u":"11,53 €/KG","img":"https://fd6-photos.leclercdrive.fr/image.ashx?id=2873838&use=l&cat=p&typeid=i","cat":299047},{"id":245580,"n":"Sauce Arrabbiata Panzani 400g","p":2.29,"u":"5,73 €/KG","img":"https://fd6-photos.leclercdrive.fr/image.ashx?id=2880694&use=l&cat=p&typeid=i","cat":299047},{"id":245582,"n":"Sauce Pesto Panzani poivrons ricotta - 190g","p":2.0,"u":"10,53 €/KG","img":"https://fd6-photos.leclercdrive.fr/image.ashx?id=2873835&use=l&cat=p&typeid=i","cat":299047},{"id":245602,"n":"Dégraissant cuisine maison Maison Net - 750ml","p":3.45,"u":"4,60 €/L","img":"https://fd6-photos.leclercdrive.fr/image.ashx?id=2840617&use=l&cat=p&typeid=i","cat":325357},{"id":245608,"n":"Nettoyant vitres Maison Net - 750ml","p":3.34,"u":"4,45 €/L","img":"https://fd6-photos.leclercdrive.fr/image.ashx?id=2840623&use=l&cat=p&typeid=i","cat":325363},{"id":245745,"n":"Farine de blé type 55 - 1kg Pratiques agricoles bas carbone","p":0.89,"u":"0,89 €/KG","img":"https://fd6-photos.leclercdrive.fr/image.ashx?id=2841956&use=l&cat=p&typeid=i","cat":284503},{"id":245929,"n":"Tablette chocolat KitKat Caramel salé - 99g","p":2.35,"u":"23,74 €/KG","img":"https://fd6-photos.leclercdrive.fr/image.ashx?id=2990868&use=l&cat=p&typeid=i","cat":284497},{"id":245930,"n":"Tablette KitKat  Double chocolat - 99g","p":2.34,"u":"23,64 €/KG","img":"https://fd6-photos.leclercdrive.fr/image.ashx?id=2990865&use=l&cat=p&typeid=i","cat":284497},{"id":245931,"n":"Tablette chocolat KitKat  Noisette - 99g","p":2.34,"u":"23,64 €/KG","img":"https://fd6-photos.leclercdrive.fr/image.ashx?id=2871046&use=l&cat=p&typeid=i","cat":284497},{"id":245980,"n":"Café en capcules L'Or Espresso Delizioso x35+15 260g","p":10.25,"u":"39,42 €/KG","img":"https://fd6-photos.leclercdrive.fr/image.ashx?id=2842153&use=l&cat=p&typeid=i","cat":284749},{"id":245983,"n":"Café en capsules L'Or Espresso  Forza x35+15 260g","p":9.63,"u":"37,04 €/KG","img":"https://fd6-photos.leclercdrive.fr/image.ashx?id=2842156&use=l&cat=p&typeid=i","cat":284749},{"id":246199,"n":"Sablés au roquefort Nos Régions ont du Talent 100g","p":1.99,"u":"19,90 €/KG","img":"https://fd6-photos.leclercdrive.fr/image.ashx?id=2909927&use=l&cat=p&typeid=i","cat":297000},{"id":246200,"n":"Sablés au comté Nos Régions ont du Talent 100g","p":1.99,"u":"19,90 €/KG","img":"https://fd6-photos.leclercdrive.fr/image.ashx?id=2909924&use=l&cat=p&typeid=i","cat":297000},{"id":246201,"n":"Pâtes penné rigaté Eco+ 1kg","p":1.1,"u":"1,10 €/KG","img":"https://fd6-photos.leclercdrive.fr/image.ashx?id=2856736&use=l&cat=p&typeid=i","cat":284427},{"id":246216,"n":"Coupelles Douceurs du Verger Pomme Fraise - 4x100g","p":1.23,"u":"3,08 €/KG","img":"https://fd6-photos.leclercdrive.fr/image.ashx?id=2878741&use=l&cat=p&typeid=i","cat":284508},{"id":246217,"n":"Gourdes Douceur du Verger Pommes Fraises abricot 4x90g","p":1.6,"u":"4,44 €/KG","img":"https://fd6-photos.leclercdrive.fr/image.ashx?id=2934781&use=l&cat=p&typeid=i","cat":284508},{"id":246260,"n":"Masque Elseve Total Repair 5 - 310ml","p":5.1,"u":"16,45 €/L","img":"https://fd6-photos.leclercdrive.fr/image.ashx?id=2844178&use=l&cat=p&typeid=i","cat":284608},{"id":246261,"n":"Shampooing Elseve Hyaluronique - 400ml","p":6.02,"u":"15,05 €/L","img":"https://fd6-photos.leclercdrive.fr/image.ashx?id=2844181&use=l&cat=p&typeid=i","cat":284606},{"id":246262,"n":"Shampooing Elseve Dream long - 400ml","p":4.47,"u":"11,18 €/L","img":"https://fd6-photos.leclercdrive.fr/image.ashx?id=2844187&use=l&cat=p&typeid=i","cat":284606},{"id":246263,"n":"Sérum Elseve Anti-chute - 102ml","p":10.96,"u":"107,45 €/L","img":"https://fd6-photos.leclercdrive.fr/image.ashx?id=2844190&use=l&cat=p&typeid=i","cat":284608},{"id":246269,"n":"Après-shampooing Elseve Démêlant anti-chute - 150ml","p":6.65,"u":"44,33 €/L","img":"https://fd6-photos.leclercdrive.fr/image.ashx?id=2844193&use=l&cat=p&typeid=i","cat":284607},{"id":246270,"n":"Shampooing Elseve Anti-chute - 200ml","p":5.59,"u":"27,95 €/L","img":"https://fd6-photos.leclercdrive.fr/image.ashx?id=2844196&use=l&cat=p&typeid=i","cat":284606},{"id":246319,"n":"Tablette de chocolat Equador Noir gianduja - 100g","p":1.49,"u":"14,90 €/KG","img":"https://fd6-photos.leclercdrive.fr/image.ashx?id=2843821&use=l&cat=p&typeid=i","cat":284956},{"id":246330,"n":"Saumon Selection Purina One Junior 1 à 12 mois - 1.5 kg","p":7.42,"u":"4,95 €/KG","img":"https://fd6-photos.leclercdrive.fr/image.ashx?id=2844487&use=l&cat=p&typeid=i","cat":284680},{"id":246331,"n":"Saumon Purina One Mini 85g","p":4.14,"u":"4,87 €/KG","img":"https://fd6-photos.leclercdrive.fr/image.ashx?id=2844484&use=l&cat=p&typeid=i","cat":294526},{"id":246466,"n":"Soupe Knorr Pot au feu -14x55g","p":1.41,"u":"1,83 €/KG","img":"https://fd6-photos.leclercdrive.fr/image.ashx?id=2845656&use=l&cat=p&typeid=i","cat":293527},{"id":246543,"n":"Gommage corps Bionaïa Solide Bio - 100g","p":2.49,"u":"24,90 €/KG","img":"https://fd6-photos.leclercdrive.fr/image.ashx?id=2845158&use=l&cat=p&typeid=i","cat":325375},{"id":246545,"n":"Perles de cire corps Siliss Chaude - Monoï - 230g","p":4.69,"u":"20,39 €/KG","img":"https://fd6-photos.leclercdrive.fr/image.ashx?id=2845170&use=l&cat=p&typeid=i","cat":325351},{"id":246546,"n":"Cube allume feu Silex Sans odeur - x40","p":2.35,"u":"0,06 €/P","img":"https://fd6-photos.leclercdrive.fr/image.ashx?id=2849593&use=l&cat=p&typeid=i","cat":300578},{"id":246547,"n":"Crème nettoyante Neutrogena Points noirs 2% - 150ml","p":3.82,"u":"25,47 €/L","img":"https://fd6-photos.leclercdrive.fr/image.ashx?id=2846045&use=l&cat=p&typeid=i","cat":284603},{"id":246548,"n":"Gel exfoliant Neutrogena Pamplemousse 0.5% - 150ml","p":3.64,"u":"24,27 €/L","img":"https://fd6-photos.leclercdrive.fr/image.ashx?id=2846048&use=l&cat=p&typeid=i","cat":325346},{"id":246549,"n":"Gel nettoyant Neutrogena Pamplemousse 0.5% - 200ml","p":4.95,"u":"24,75 €/L","img":"https://fd6-photos.leclercdrive.fr/image.ashx?id=2846051&use=l&cat=p&typeid=i","cat":284603},{"id":246596,"n":"Soin cheveux Gliss Elixir De nuit reconstruction - 100ml","p":9.09,"u":"90,90 €/L","img":"https://fd6-photos.leclercdrive.fr/image.ashx?id=2849478&use=l&cat=p&typeid=i","cat":284608},{"id":246638,"n":"Riz parfumé Taureau Ailé 1kg","p":2.88,"u":"2,88 €/KG","img":"https://fd6-photos.leclercdrive.fr/image.ashx?id=2846739&use=l&cat=p&typeid=i","cat":284428},{"id":246798,"n":"Thé noir Ethiquable Bio Ayurvédique - 36g","p":2.76,"u":"76,67 €/KG","img":"https://fd6-photos.leclercdrive.fr/image.ashx?id=2870989&use=l&cat=p&typeid=i","cat":293234},{"id":246924,"n":"Émincés de poulet rôti Volandrie - 180g","p":2.99,"u":"16,61 €/KG","img":"https://fd6-photos.leclercdrive.fr/image.ashx?id=2847796&use=l&cat=p&typeid=i","cat":284336},{"id":247058,"n":"Les Mini Galettes Saint Michel Emmental - 100g","p":1.93,"u":"19,30 €/KG","img":"https://fd6-photos.leclercdrive.fr/image.ashx?id=2936278&use=l&cat=p&typeid=i","cat":297000},{"id":247059,"n":"Les minis galettes Saint Michel Comté - 100g","p":1.43,"u":"14,30 €/KG","img":"https://fd6-photos.leclercdrive.fr/image.ashx?id=2936281&use=l&cat=p&typeid=i","cat":297000},{"id":247060,"n":"Les Minis Galettes Saint Michel Tomates herbes de provence 100g","p":1.85,"u":"18,50 €/KG","img":"https://fd6-photos.leclercdrive.fr/image.ashx?id=2936284&use=l&cat=p&typeid=i","cat":297000},{"id":247061,"n":"Les minis pesto Saint Michel madeleines moelleuses  100g","p":1.87,"u":"18,70 €/KG","img":"https://fd6-photos.leclercdrive.fr/image.ashx?id=2936302&use=l&cat=p&typeid=i","cat":297000},{"id":247082,"n":"Moutarde de Dijon Rustica 370g","p":1.99,"u":"5,38 €/KG","img":"https://fd6-photos.leclercdrive.fr/image.ashx?id=2955062&use=l&cat=p&typeid=i","cat":288850},{"id":247083,"n":"Mélange Rustica Tournesol & olive - 1L","p":3.39,"u":"3,39 €/L","img":"https://fd6-photos.leclercdrive.fr/image.ashx?id=2900358&use=l&cat=p&typeid=i","cat":284453},{"id":247085,"n":"Mini cornichons Rustica Aigre doux - 220g","p":2.19,"u":"9,95 €/KG","img":"https://fd6-photos.leclercdrive.fr/image.ashx?id=2916737&use=l&cat=p&typeid=i","cat":284458},{"id":247087,"n":"Duo blé riz sarrasin Jardin Bio 220g","p":2.22,"u":"10,09 €/KG","img":"https://fd6-photos.leclercdrive.fr/image.ashx?id=2849953&use=l&cat=p&typeid=i","cat":284953},{"id":247088,"n":"Velouté de tomates Jardin Bio Lentilles corail bio - 2X33cl","p":3.33,"u":"5,05 €/L","img":"https://fd6-photos.leclercdrive.fr/image.ashx?id=2849950&use=l&cat=p&typeid=i","cat":284462},{"id":247089,"n":"Mouliné de lentilles Jardin Bio bio 1L","p":4.12,"u":"4,12 €/L","img":"https://fd6-photos.leclercdrive.fr/image.ashx?id=2849947&use=l&cat=p&typeid=i","cat":284462},{"id":247091,"n":"Trio gourmand Jardin Bio Riz lentilles bio - 220g","p":2.22,"u":"10,09 €/KG","img":"https://fd6-photos.leclercdrive.fr/image.ashx?id=2849944&use=l&cat=p&typeid=i","cat":284953},{"id":247092,"n":"Blé à la tomate Jardin Bio Basilic - 220g","p":2.22,"u":"10,09 €/KG","img":"https://fd6-photos.leclercdrive.fr/image.ashx?id=2849941&use=l&cat=p&typeid=i","cat":284953},{"id":247093,"n":"Nouilles curry Jardin Bio 220g","p":3.21,"u":"14,59 €/KG","img":"https://fd6-photos.leclercdrive.fr/image.ashx?id=2849938&use=l&cat=p&typeid=i","cat":284953},{"id":247096,"n":"Pad Thai Jardin Bio bio 220g","p":3.21,"u":"14,59 €/KG","img":"https://fd6-photos.leclercdrive.fr/image.ashx?id=2849935&use=l&cat=p&typeid=i","cat":284953},{"id":247099,"n":"Coupelles Douceur du verger pomme banane - 4x100g","p":1.09,"u":"2,73 €/KG","img":"https://fd6-photos.leclercdrive.fr/image.ashx?id=2878744&use=l&cat=p&typeid=i","cat":284508},{"id":247142,"n":"Patée en sauce Purina One Thon et poulet - 340g","p":2.28,"u":"6,71 €/KG","img":"https://fd6-photos.leclercdrive.fr/image.ashx?id=2850207&use=l&cat=p&typeid=i","cat":285286},{"id":247143,"n":"Mini madeleines Saint Michel Provencale - 100g","p":1.91,"u":"19,10 €/KG","img":"https://fd6-photos.leclercdrive.fr/image.ashx?id=2936305&use=l&cat=p&typeid=i","cat":297000},{"id":247155,"n":"Soupe pour chat Felix Sélection de la campagne  4x48g","p":1.73,"u":"6,01 €/KG","img":"https://fd6-photos.leclercdrive.fr/image.ashx?id=2899701&use=l&cat=p&typeid=i","cat":285286},{"id":247261,"n":"Shampooing Elsève Colorvive - 300ml","p":4.18,"u":"13,93 €/L","img":"https://fd6-photos.leclercdrive.fr/image.ashx?id=2850614&use=l&cat=p&typeid=i","cat":284606},{"id":247262,"n":"Shampooing Elsève Hyaluronique - 250ml","p":4.18,"u":"16,72 €/L","img":"https://fd6-photos.leclercdrive.fr/image.ashx?id=2869095&use=l&cat=p&typeid=i","cat":284606},{"id":247263,"n":"Shampooing Elsève Total repair 5 - 300ml","p":4.18,"u":"13,93 €/L","img":"https://fd6-photos.leclercdrive.fr/image.ashx?id=2850617&use=l&cat=p&typeid=i","cat":284606},{"id":247264,"n":"Shampooing Elseve Huile extraordinaire - 250ml","p":4.18,"u":"16,72 €/L","img":"https://fd6-photos.leclercdrive.fr/image.ashx?id=2868690&use=l&cat=p&typeid=i","cat":284606},{"id":247265,"n":"Shampooing Elseve Dream long - 250ml","p":4.18,"u":"16,72 €/L","img":"https://fd6-photos.leclercdrive.fr/image.ashx?id=2850623&use=l&cat=p&typeid=i","cat":284606},{"id":247269,"n":"Shampooing Elseve Nutri gloss - 300ml","p":4.18,"u":"13,93 €/L","img":"https://fd6-photos.leclercdrive.fr/image.ashx?id=2869089&use=l&cat=p&typeid=i","cat":284606},{"id":247270,"n":"Shampooing Elseve Multi-vitaminé - 300ml","p":4.18,"u":"13,93 €/L","img":"https://fd6-photos.leclercdrive.fr/image.ashx?id=2850629&use=l&cat=p&typeid=i","cat":284606},{"id":247271,"n":"Après-shampooing Elseve Color vive - 250ml","p":4.18,"u":"16,72 €/L","img":"https://fd6-photos.leclercdrive.fr/image.ashx?id=2850632&use=l&cat=p&typeid=i","cat":284607},{"id":247273,"n":"Démélant Elseve Hyaluronique Booster hydratation 72h - 200ml","p":4.18,"u":"20,90 €/L","img":"https://fd6-photos.leclercdrive.fr/image.ashx?id=2869092&use=l&cat=p&typeid=i","cat":284607},{"id":247274,"n":"Après-Shampooing Elseve Dream Long - 200ml","p":4.18,"u":"20,90 €/L","img":"https://fd6-photos.leclercdrive.fr/image.ashx?id=2850638&use=l&cat=p&typeid=i","cat":284607},{"id":247275,"n":"Après-shampooing Elseve Nutri gloss - 250ml","p":4.18,"u":"16,72 €/L","img":"https://fd6-photos.leclercdrive.fr/image.ashx?id=2850641&use=l&cat=p&typeid=i","cat":284607},{"id":247373,"n":"Rooibos Ethiquable sans théine  Menthe Afrique du Sud Bio - 40g","p":2.76,"u":"69,00 €/KG","img":"https://fd6-photos.leclercdrive.fr/image.ashx?id=2874060&use=l&cat=p&typeid=i","cat":293234},{"id":247391,"n":"Bain de Bouche Listerine Blancheur Menthe fraîche 500ml","p":4.34,"u":"8,68 €/L","img":"https://fd6-photos.leclercdrive.fr/image.ashx?id=2850608&use=l&cat=p&typeid=i","cat":284613},{"id":247763,"n":"Mayonnaise Rustica 425g","p":1.65,"u":"3,88 €/KG","img":"https://fd6-photos.leclercdrive.fr/image.ashx?id=2955086&use=l&cat=p&typeid=i","cat":298295},{"id":247823,"n":"Dégrippant multi-fonction TECH9 300ml","p":3.45,"u":"11,50 €/L","img":"https://fd6-photos.leclercdrive.fr/image.ashx?id=2907270&use=l&cat=p&typeid=i","cat":298252},{"id":247829,"n":"Lingettes vitres TECH9 x25","p":2.75,"img":"https://fd6-photos.leclercdrive.fr/image.ashx?id=2907279&use=l&cat=p&typeid=i","cat":298252},{"id":247830,"n":"Lingettes tableau de bord","p":3.14,"img":"https://fd6-photos.leclercdrive.fr/image.ashx?id=2907282&use=l&cat=p&typeid=i","cat":298252},{"id":247831,"n":"Nettoyant plastique mat Tech9 400ml","p":3.99,"u":"9,98 €/L","img":"https://fd6-photos.leclercdrive.fr/image.ashx?id=2949664&use=l&cat=p&typeid=i","cat":298252},{"id":247865,"n":"Shampooing Elsève Color vive  500ml","p":4.53,"u":"9,06 €/L","img":"https://fd6-photos.leclercdrive.fr/image.ashx?id=2853964&use=l&cat=p&typeid=i","cat":284606},{"id":247866,"n":"Shampooing Elsève Full resist  250ml","p":3.69,"u":"14,76 €/L","img":"https://fd6-photos.leclercdrive.fr/image.ashx?id=2853967&use=l&cat=p&typeid=i","cat":284606},{"id":247867,"n":"Shampooing Elsève Huile  extraordinaire Coco - 250ml","p":4.09,"u":"16,36 €/L","img":"https://fd6-photos.leclercdrive.fr/image.ashx?id=2853970&use=l&cat=p&typeid=i","cat":284606},{"id":247869,"n":"Shampooing Elsève Huile  extraordinaire amla -250ml","p":3.69,"u":"14,76 €/L","img":"https://fd6-photos.leclercdrive.fr/image.ashx?id=2853973&use=l&cat=p&typeid=i","cat":284606},{"id":247871,"n":"Shampooing Elsève  Liss intense -300ml","p":3.9,"u":"13,00 €/L","img":"https://fd6-photos.leclercdrive.fr/image.ashx?id=2853976&use=l&cat=p&typeid=i","cat":284606},{"id":247873,"n":"Shampooing Elsève Fibralogy Volume - 300ml","p":4.17,"u":"13,90 €/L","img":"https://fd6-photos.leclercdrive.fr/image.ashx?id=2870686&use=l&cat=p&typeid=i","cat":284606},{"id":247874,"n":"Savon liquide Le Naturel  Extra pur de Marseille -500ml","p":2.67,"u":"5,34 €/L","img":"https://fd6-photos.leclercdrive.fr/image.ashx?id=2869119&use=l&cat=p&typeid=i","cat":284597},{"id":247878,"n":"Savon liquide Le Natural  Recharge Savon de Marseille -1l","p":4.73,"u":"4,73 €/L","img":"https://fd6-photos.leclercdrive.fr/image.ashx?id=2869122&use=l&cat=p&typeid=i","cat":284597},{"id":247879,"n":"Adoucissant Soupline Concentré Grand air - 1.9L","p":8.25,"u":"4,34 €/L","img":"https://fd6-photos.leclercdrive.fr/image.ashx?id=2966800&use=l&cat=p&typeid=i","cat":284650},{"id":247882,"n":"Shampooing Elsève  Antipelliculaire - 300ml","p":3.84,"u":"12,80 €/L","img":"https://fd6-photos.leclercdrive.fr/image.ashx?id=2853982&use=l&cat=p&typeid=i","cat":284606},{"id":248324,"n":"Eponges L'essentielle Spontex Grattantes - x2","p":1.24,"u":"0,62 €/P","img":"https://fd6-photos.leclercdrive.fr/image.ashx?id=2855936&use=l&cat=p&typeid=i","cat":325894},{"id":248325,"n":"Eponges L'essentielle Spontex Grattantes - x4","p":2.35,"u":"0,59 €/P","img":"https://fd6-photos.leclercdrive.fr/image.ashx?id=2856106&use=l&cat=p&typeid=i","cat":325894},{"id":248328,"n":"Recharge Crème de douche  Le Petit Marseillais Lait 500ml","p":2.77,"u":"5,54 €/L","img":"https://fd6-photos.leclercdrive.fr/image.ashx?id=2855957&use=l&cat=p&typeid=i","cat":284594},{"id":248329,"n":"Recharge Crème de douche Fleur d'oranger - 500ml","p":2.78,"u":"5,56 €/L","img":"https://fd6-photos.leclercdrive.fr/image.ashx?id=2855960&use=l&cat=p&typeid=i","cat":284594},{"id":248330,"n":"Recharge Crème de douche Lait d'amande - 500ml","p":2.92,"u":"5,84 €/L","img":"https://fd6-photos.leclercdrive.fr/image.ashx?id=2855963&use=l&cat=p&typeid=i","cat":284594},{"id":248340,"n":"Recharge Crème de douche Le Petit Marseillais Vanille 500ml","p":2.7,"u":"5,40 €/L","img":"https://fd6-photos.leclercdrive.fr/image.ashx?id=2855966&use=l&cat=p&typeid=i","cat":284594},{"id":248345,"n":"Bandes de cire visage Veet Peaux sensibles - x16","p":3.05,"img":"https://fd6-photos.leclercdrive.fr/image.ashx?id=2901668&use=l&cat=p&typeid=i","cat":325351},{"id":248346,"n":"Shampooing solide Bionaïa Cheveux gras - Bio - 85g","p":2.99,"u":"35,18 €/KG","img":"https://fd6-photos.leclercdrive.fr/image.ashx?id=2855813&use=l&cat=p&typeid=i","cat":284606},{"id":248347,"n":"Savon solide Bionaïa 3en1 - Amande douce Bio - 85g","p":3.49,"u":"41,06 €/KG","img":"https://fd6-photos.leclercdrive.fr/image.ashx?id=2856133&use=l&cat=p&typeid=i","cat":284597},{"id":248348,"n":"Déodorant solide stick Bionaïa Huile de coco Bio - 50g","p":3.99,"u":"79,80 €/KG","img":"https://fd6-photos.leclercdrive.fr/image.ashx?id=2855819&use=l&cat=p&typeid=i","cat":284595},{"id":248414,"n":"Bonbons à mâcher Hi-Chew  Fraise 50g","p":1.72,"u":"34,40 €/KG","img":"https://fd6-photos.leclercdrive.fr/image.ashx?id=2856808&use=l&cat=p&typeid=i","cat":304251},{"id":248415,"n":"Hi-Chew pomme verte  x15 -  50g","p":1.72,"u":"34,40 €/KG","img":"https://fd6-photos.leclercdrive.fr/image.ashx?id=2856811&use=l&cat=p&typeid=i","cat":304251},{"id":248416,"n":"Hi-Chew mangue 50g","p":1.72,"u":"34,40 €/KG","img":"https://fd6-photos.leclercdrive.fr/image.ashx?id=2856814&use=l&cat=p&typeid=i","cat":304251},{"id":248545,"n":"Chou-fleur blanc 1p","p":1.49,"img":"https://fd6-photos.leclercdrive.fr/image.ashx?id=1631991&use=l&cat=p&typeid=i","cat":284352},{"id":248546,"n":"Feuille de chêne blonde 1p","p":1.19,"img":"https://fd6-photos.leclercdrive.fr/image.ashx?id=1633646&use=l&cat=p&typeid=i","cat":284352},{"id":248584,"n":"Ananas Extra Sweet 1p","p":1.99,"img":"https://fd6-photos.leclercdrive.fr/image.ashx?id=2856700&use=l&cat=p&typeid=i","cat":284356},{"id":248597,"n":"Mangue 1p","p":1.29,"img":"https://fd6-photos.leclercdrive.fr/image.ashx?id=1636371&use=l&cat=p&typeid=i","cat":284356},{"id":248705,"n":"Bière Malheur 6 75cl","p":4.15,"u":"5,53 €/L","img":"https://fd6-photos.leclercdrive.fr/image.ashx?id=2903725&use=l&cat=p&typeid=i","cat":334872},{"id":248715,"n":"Lentilles Champagne-Ardenne Nos Régions ont du Talent 500g","p":1.99,"u":"3,98 €/KG","img":"https://fd6-photos.leclercdrive.fr/image.ashx?id=2954184&use=l&cat=p&typeid=i","cat":312609},{"id":248823,"n":"Sauce algérienne Rustica 260g","p":1.67,"u":"6,42 €/KG","img":"https://fd6-photos.leclercdrive.fr/image.ashx?id=2954397&use=l&cat=p&typeid=i","cat":318431},{"id":248827,"n":"Pains au lait Epi d'or x15 - 525g","p":1.78,"u":"3,39 €/KG","img":"https://fd6-photos.leclercdrive.fr/image.ashx?id=2893337&use=l&cat=p&typeid=i","cat":296366},{"id":248882,"n":"Sauce Maille  ail et fines herbes - 200ml","p":2.95,"u":"14,75 €/L","img":"https://fd6-photos.leclercdrive.fr/image.ashx?id=2862587&use=l&cat=p&typeid=i","cat":284456},{"id":249019,"n":"Lessive liquide Xéor Savon de Marseille - 2.2L","p":3.89,"u":"1,77 €/L","img":"https://fd6-photos.leclercdrive.fr/image.ashx?id=2901500&use=l&cat=p&typeid=i","cat":284640},{"id":249020,"n":"Lessive liquide Xéor Fleurs de Cerisiers - 2.2L","p":3.99,"u":"1,81 €/L","img":"https://fd6-photos.leclercdrive.fr/image.ashx?id=2901491&use=l&cat=p&typeid=i","cat":284640},{"id":249021,"n":"Lessive liquide Xéor Savon de Marseille - 1.2L","p":2.12,"u":"1,77 €/L","img":"https://fd6-photos.leclercdrive.fr/image.ashx?id=2901503&use=l&cat=p&typeid=i","cat":284640},{"id":249037,"n":"Spray Huile d'amande douce Biolane 75ml","p":2.49,"u":"33,20 €/L","img":"https://fd6-photos.leclercdrive.fr/image.ashx?id=2893705&use=l&cat=p&typeid=i","cat":284741},{"id":249039,"n":"Lingettes au lait de toilette  Biolane x72","p":3.13,"u":"0,04 €/P","img":"https://fd6-photos.leclercdrive.fr/image.ashx?id=2875381&use=l&cat=p&typeid=i","cat":284738},{"id":249040,"n":"Crème nourrissante et hydratant Biolane 100ml","p":2.29,"u":"22,90 €/L","img":"https://fd6-photos.leclercdrive.fr/image.ashx?id=2893699&use=l&cat=p&typeid=i","cat":284741},{"id":249041,"n":"Crème de change dermo-pédiatrie Biolane 100ml","p":2.29,"u":"22,90 €/L","img":"https://fd6-photos.leclercdrive.fr/image.ashx?id=2893702&use=l&cat=p&typeid=i","cat":284741},{"id":249173,"n":"Riz basmati Taureau Ailé 1kg","p":3.63,"u":"3,63 €/KG","img":"https://fd6-photos.leclercdrive.fr/image.ashx?id=2860457&use=l&cat=p&typeid=i","cat":284428},{"id":249577,"n":"Grandes ravioles aux morilles Saint-Jean - 220g","p":3.95,"u":"17,95 €/KG","img":"https://fd6-photos.leclercdrive.fr/image.ashx?id=3000689&use=l&cat=p&typeid=i","cat":333682},{"id":249595,"n":"Glace Carte d'Or Vanille pécan caramel - 470g","p":3.2,"u":"6,81 €/KG","img":"https://fd6-photos.leclercdrive.fr/image.ashx?id=2861216&use=l&cat=p&typeid=i","cat":284263},{"id":249597,"n":"Glace Carte d'Or  Fraise et meringue 463g","p":3.07,"pp":2.15,"u":"4,64 €/KG","img":"https://fd6-photos.leclercdrive.fr/image.ashx?id=2861222&use=l&cat=p&typeid=i","cat":284263},{"id":249598,"n":"Glace Carte d'Or Façon smoothie Exotique - 466g","p":3.9,"u":"8,37 €/KG","img":"https://fd6-photos.leclercdrive.fr/image.ashx?id=2861210&use=l&cat=p&typeid=i","cat":284263},{"id":249599,"n":"Glace Carte d'Or Façon yaourt  Fruits des bois - 480g","p":3.9,"u":"8,13 €/KG","img":"https://fd6-photos.leclercdrive.fr/image.ashx?id=2861219&use=l&cat=p&typeid=i","cat":284263},{"id":249957,"n":"Risotto aux champignons Knorr 175g","p":2.21,"u":"12,63 €/KG","img":"https://fd6-photos.leclercdrive.fr/image.ashx?id=2938349&use=l&cat=p&typeid=i","cat":284428},{"id":249958,"n":"Risotto classique Knorr 12min - 175g","p":2.3,"u":"13,14 €/KG","img":"https://fd6-photos.leclercdrive.fr/image.ashx?id=3011956&use=l&cat=p&typeid=i","cat":284428},{"id":249961,"n":"Risotto aux asperges Knorr 12min - 175g","p":2.24,"u":"12,80 €/KG","img":"https://fd6-photos.leclercdrive.fr/image.ashx?id=2964255&use=l&cat=p&typeid=i","cat":284428},{"id":249962,"n":"Risotto pointe de safran Knorr 12min - 175g","p":1.88,"u":"10,74 €/KG","img":"https://fd6-photos.leclercdrive.fr/image.ashx?id=2918116&use=l&cat=p&typeid=i","cat":284428},{"id":249964,"n":"Gourdes Douceur du Verger Fruits jaunes - 12x90g","p":4.39,"u":"4,06 €/KG","img":"https://fd6-photos.leclercdrive.fr/image.ashx?id=2934790&use=l&cat=p&typeid=i","cat":284508},{"id":249965,"n":"Gourdes Douceur du Verger 12x90g","p":4.19,"u":"3,88 €/KG","img":"https://fd6-photos.leclercdrive.fr/image.ashx?id=2934787&use=l&cat=p&typeid=i","cat":284508},{"id":249966,"n":"Gourdes Douceur du Verger 20x90g","p":4.89,"u":"2,72 €/KG","img":"https://fd6-photos.leclercdrive.fr/image.ashx?id=2934784&use=l&cat=p&typeid=i","cat":284508},{"id":249968,"n":"Pain sandwich nature Harry's  x8 - 360g","p":2.44,"u":"6,78 €/KG","img":"https://fd6-photos.leclercdrive.fr/image.ashx?id=2861503&use=l&cat=p&typeid=i","cat":284477},{"id":249998,"n":"Thon en morceaux Pêche Océan 112g","p":1.73,"u":"15,45 €/KG","img":"https://fd6-photos.leclercdrive.fr/image.ashx?id=2942241&use=l&cat=p&typeid=i","cat":303867},{"id":250007,"n":"Boisson aux fruits Jafun Tropical - 6x33cl","p":3.03,"u":"1,53 €/L","img":"https://fd6-photos.leclercdrive.fr/image.ashx?id=2992603&use=l&cat=p&typeid=i","cat":295018},{"id":250026,"n":"Sauce samourai Rustica 260g","p":1.39,"u":"5,35 €/KG","img":"https://fd6-photos.leclercdrive.fr/image.ashx?id=2955074&use=l&cat=p&typeid=i","cat":318431},{"id":250153,"n":"Sauce burger Rustica 260g","p":1.29,"u":"4,96 €/KG","img":"https://fd6-photos.leclercdrive.fr/image.ashx?id=2954400&use=l&cat=p&typeid=i","cat":318431},{"id":250158,"n":"Crème hydratante So Bio Etic Booster d'éclat Bio 50ml","p":9.53,"u":"190,60 €/L","img":"https://fd6-photos.leclercdrive.fr/image.ashx?id=2863581&use=l&cat=p&typeid=i","cat":325350},{"id":250160,"n":"Sérum hydratation So Bio Etic Booster d'éclat Bio30ml","p":11.68,"u":"389,33 €/L","img":"https://fd6-photos.leclercdrive.fr/image.ashx?id=2863578&use=l&cat=p&typeid=i","cat":325345},{"id":250172,"n":"Sérum hydratant So Bio Etic Fortifiant repulpant Bio - 30ml","p":9.69,"u":"323,00 €/L","img":"https://fd6-photos.leclercdrive.fr/image.ashx?id=2863584&use=l&cat=p&typeid=i","cat":325345},{"id":250173,"n":"Sauce burger Rustica 500g","p":1.87,"u":"3,74 €/KG","img":"https://fd6-photos.leclercdrive.fr/image.ashx?id=2955065&use=l&cat=p&typeid=i","cat":318431},{"id":250187,"n":"Crème douceur nuit So Bio Etic Régénérante - Anesse Bio 50ml","p":13.73,"u":"274,60 €/L","img":"https://fd6-photos.leclercdrive.fr/image.ashx?id=2863587&use=l&cat=p&typeid=i","cat":325345},{"id":250406,"n":"Sérum capillaire So Bio Etic Karité bio équitable - 100ml","p":10.35,"u":"103,50 €/L","img":"https://fd6-photos.leclercdrive.fr/image.ashx?id=2864104&use=l&cat=p&typeid=i","cat":284608},{"id":250407,"n":"Huile végétale So Bio Etic Ricin Bio équitable - 100ml","p":10.94,"u":"109,40 €/L","img":"https://fd6-photos.leclercdrive.fr/image.ashx?id=2864107&use=l&cat=p&typeid=i","cat":284608},{"id":250409,"n":"Eau micellaire So Bio Etic Peaux sensibles Bio - 300ml","p":4.49,"u":"14,97 €/L","img":"https://fd6-photos.leclercdrive.fr/image.ashx?id=2864098&use=l&cat=p&typeid=i","cat":284603},{"id":250410,"n":"Eau micellaire So Bio Etic Tous types de peaux Bio 300ml","p":4.49,"u":"14,97 €/L","img":"https://fd6-photos.leclercdrive.fr/image.ashx?id=2864095&use=l&cat=p&typeid=i","cat":284603},{"id":250411,"n":"Gel douche So Bio Etic Fleurs de Cerisier Bio - 300ml","p":3.77,"u":"12,57 €/L","img":"https://fd6-photos.leclercdrive.fr/image.ashx?id=2864101&use=l&cat=p&typeid=i","cat":284594},{"id":250412,"n":"Gel douche So Bio Etic Fruits du verger Bio - 300ml","p":3.77,"u":"12,57 €/L","img":"https://fd6-photos.leclercdrive.fr/image.ashx?id=2912275&use=l&cat=p&typeid=i","cat":284594},{"id":250416,"n":"Crème visage nuit Nivea Q10 Power anti-rides 50ml","p":11.56,"u":"231,20 €/L","img":"https://fd6-photos.leclercdrive.fr/image.ashx?id=3014593&use=l&cat=p&typeid=i","cat":325345},{"id":250417,"n":"Crème visage jour Nivea Q10 anti-rides SPF30 50ml","p":13.47,"u":"269,40 €/L","img":"https://fd6-photos.leclercdrive.fr/image.ashx?id=3000339&use=l&cat=p&typeid=i","cat":325345},{"id":250419,"n":"Crème visage jour Nivea Q10 anti-rides SPF15 50ml","p":11.47,"u":"229,40 €/L","img":"https://fd6-photos.leclercdrive.fr/image.ashx?id=2985480&use=l&cat=p&typeid=i","cat":325345},{"id":250420,"n":"Crème visage Nivea Q10 Energy jour SPF15 50ml","p":12.76,"u":"255,20 €/L","img":"https://fd6-photos.leclercdrive.fr/image.ashx?id=3014862&use=l&cat=p&typeid=i","cat":325345},{"id":250421,"n":"Sérum visage Nivea Luminous anti-tâches 30ml","p":16.69,"u":"556,33 €/L","img":"https://fd6-photos.leclercdrive.fr/image.ashx?id=3000821&use=l&cat=p&typeid=i","cat":325345},{"id":250425,"n":"Crème soin jour visage Nivea Anti-tâches SPF50 - 40ml","p":16.51,"u":"412,75 €/L","img":"https://fd6-photos.leclercdrive.fr/image.ashx?id=2985501&use=l&cat=p&typeid=i","cat":325345},{"id":250428,"n":"Sérum visage Q10 Double action - 30ml","p":13.17,"u":"439,00 €/L","img":"https://fd6-photos.leclercdrive.fr/image.ashx?id=3014620&use=l&cat=p&typeid=i","cat":325345},{"id":250429,"n":"Crème contour yeux Nivea Q10 Power anti-rides - 15ml","p":12.12,"u":"808,00 €/L","img":"https://fd6-photos.leclercdrive.fr/image.ashx?id=3000336&use=l&cat=p&typeid=i","cat":325345},{"id":250431,"n":"Adoucissant Soupline concentré  Hypoallergénique - 1900 ml","p":10.45,"u":"5,50 €/L","img":"https://fd6-photos.leclercdrive.fr/image.ashx?id=2864230&use=l&cat=p&typeid=i","cat":284650},{"id":250432,"n":"Adoucissant Soupline Concentré  Lavande relaxante  1,9 L","p":8.19,"u":"4,31 €/L","img":"https://fd6-photos.leclercdrive.fr/image.ashx?id=2864227&use=l&cat=p&typeid=i","cat":284650},{"id":250433,"n":"Adoucissant  Soupline concentré Coco Envoûtant - 835ml","p":4.96,"u":"5,94 €/L","img":"https://fd6-photos.leclercdrive.fr/image.ashx?id=2864224&use=l&cat=p&typeid=i","cat":284650},{"id":250820,"n":"Gnocchini à poêler Lustucru 2x300g + 1 offert","p":3.19,"u":"3,54 €/KG","img":"https://fd6-photos.leclercdrive.fr/image.ashx?id=2939493&use=l&cat=p&typeid=i","cat":333682},{"id":250855,"n":"Nougat glacé Erhard - 300g","p":5.99,"u":"19,97 €/KG","img":"https://fd6-photos.leclercdrive.fr/image.ashx?id=2867470&use=l&cat=p&typeid=i","cat":284266},{"id":251522,"n":"Boisson énergisante Celsius Pêche - 35,5cl","p":1.4,"u":"3,94 €/L","img":"https://fd6-photos.leclercdrive.fr/image.ashx?id=2905021&use=l&cat=p&typeid=i","cat":284533},{"id":251524,"n":"Tropicana - Juicy Pêche rouge 1,5L","p":2.18,"u":"1,45 €/L","img":"https://fd6-photos.leclercdrive.fr/image.ashx?id=3010813&use=l&cat=p&typeid=i","cat":284915},{"id":251990,"n":"Patch invisible visage Garnier Anti-acné - x22","p":7.23,"img":"https://fd6-photos.leclercdrive.fr/image.ashx?id=3000794&use=l&cat=p&typeid=i","cat":325345},{"id":251996,"n":"Perles de linge Soupline Adoucissant - Vanille - 230g","p":7.43,"u":"32,30 €/KG","img":"https://fd6-photos.leclercdrive.fr/image.ashx?id=2868608&use=l&cat=p&typeid=i","cat":284650},{"id":252006,"n":"Nettoyant visage Revitalift Hydratant et lissant - 150ml","p":7.2,"u":"48,00 €/L","img":"https://fd6-photos.leclercdrive.fr/image.ashx?id=2874006&use=l&cat=p&typeid=i","cat":284603},{"id":252008,"n":"Sérum visage Revitalift Laser Correcteur anti-âge -30ml","p":14.6,"u":"486,67 €/L","img":"https://fd6-photos.leclercdrive.fr/image.ashx?id=2874024&use=l&cat=p&typeid=i","cat":325345},{"id":252009,"n":"Lessive liquide Skip Active clean - x40 - 1.68L","p":11.05,"u":"6,58 €/L","img":"https://fd6-photos.leclercdrive.fr/image.ashx?id=2908393&use=l&cat=p&typeid=i","cat":284640},{"id":252010,"n":"Lessive liquide Skip Fraîcheur intense - x40 - 1.68L","p":11.57,"u":"6,89 €/L","img":"https://fd6-photos.leclercdrive.fr/image.ashx?id=2940657&use=l&cat=p&typeid=i","cat":284640},{"id":252097,"n":"Lessive Liquide SKIP Touche de Cajoline x37 lavages","p":12.69,"u":"8,17 €/L","img":"https://fd6-photos.leclercdrive.fr/image.ashx?id=2940660&use=l&cat=p&typeid=i","cat":284640},{"id":252107,"n":"Eau de toilette Biolane Fraîcheur - 200ml","p":4.0,"u":"20,00 €/L","img":"https://fd6-photos.leclercdrive.fr/image.ashx?id=2868978&use=l&cat=p&typeid=i","cat":284741},{"id":252109,"n":"Duo sérum anti-âge L'Oréal Age perfect - 30ml","p":24.5,"pp":16.17,"u":"539,00 €/L","img":"https://fd6-photos.leclercdrive.fr/image.ashx?id=2874003&use=l&cat=p&typeid=i","cat":325345},{"id":252112,"n":"Soin anti-tâches L'Oréal Paris Bright Reveal SPF50+ - 50ml","p":19.62,"u":"392,40 €/L","img":"https://fd6-photos.leclercdrive.fr/image.ashx?id=2903428&use=l&cat=p&typeid=i","cat":325345},{"id":252113,"n":"Fluide anti-uv L'Oréal Medium SPF50 50ml","p":17.75,"u":"355,00 €/L","img":"https://fd6-photos.leclercdrive.fr/image.ashx?id=2874009&use=l&cat=p&typeid=i","cat":325345},{"id":252119,"n":"Gel moussant purifiant L'Oréal Men Expert - 260ml","p":11.19,"u":"43,04 €/L","img":"https://fd6-photos.leclercdrive.fr/image.ashx?id=2874012&use=l&cat=p&typeid=i","cat":284622},{"id":252120,"n":"Crème hydratante L'Oréal Bright Reveal - SPF50 - 50ml","p":16.6,"u":"332,00 €/L","img":"https://fd6-photos.leclercdrive.fr/image.ashx?id=2874015&use=l&cat=p&typeid=i","cat":284622},{"id":252125,"n":"Soin hydratant L'Oréal Matifiant - SPF30 - 40ml","p":11.79,"u":"294,75 €/L","img":"https://fd6-photos.leclercdrive.fr/image.ashx?id=3008785&use=l&cat=p&typeid=i","cat":284622},{"id":252127,"n":"Sérum anti-imperfection L'oréal Men expert - 30ml","p":14.3,"u":"476,67 €/L","img":"https://fd6-photos.leclercdrive.fr/image.ashx?id=2874021&use=l&cat=p&typeid=i","cat":284622},{"id":252128,"n":"Spray nettoyant multi-usage CIF Infinite+Clean Protection 280ml","p":4.25,"u":"15,18 €/MT","img":"https://fd6-photos.leclercdrive.fr/image.ashx?id=2948543&use=l&cat=p&typeid=i","cat":325357},{"id":252129,"n":"Spray nettoyant multi-usage Cif  Infinite+Clean Brillance-280ml","p":4.25,"u":"15,18 €/L","img":"https://fd6-photos.leclercdrive.fr/image.ashx?id=2872234&use=l&cat=p&typeid=i","cat":325357},{"id":252133,"n":"Spray nettoyant multi-usage CIF Infinite+Clean 280ml","p":4.25,"u":"15,18 €/L","img":"https://fd6-photos.leclercdrive.fr/image.ashx?id=2948546&use=l&cat=p&typeid=i","cat":325357},{"id":252134,"n":"Recharge Spray nettoyant CIF Infinite+Clean Protection 590ml","p":4.99,"u":"8,46 €/L","img":"https://fd6-photos.leclercdrive.fr/image.ashx?id=2948549&use=l&cat=p&typeid=i","cat":325357},{"id":252136,"n":"Recharge Spray nettoyant CIF Infinite+Clean Brillance 590ml","p":5.0,"u":"8,47 €/L","img":"https://fd6-photos.leclercdrive.fr/image.ashx?id=2940675&use=l&cat=p&typeid=i","cat":325357},{"id":252137,"n":"Recharge Spray nettoyant CIF Infinite+Clean 590ml","p":4.85,"u":"8,22 €/L","img":"https://fd6-photos.leclercdrive.fr/image.ashx?id=2974066&use=l&cat=p&typeid=i","cat":325357},{"id":252809,"n":"Spray Crème solaire Nivea Sun Hydrate - SPF30 - 200ml","p":9.8,"u":"49,00 €/L","img":"https://fd6-photos.leclercdrive.fr/image.ashx?id=2872066&use=l&cat=p&typeid=i","cat":325355},{"id":252811,"n":"Lait corps Nivea Nourrissant Peaux sèches 250ml","p":4.12,"u":"20,60 €/L","img":"https://fd6-photos.leclercdrive.fr/image.ashx?id=3005233&use=l&cat=p&typeid=i","cat":325349},{"id":252814,"n":"Crème visage corps mains Nivea Repair & care - 400ml","p":5.19,"pp":3.43,"u":"8,58 €/L","img":"https://fd6-photos.leclercdrive.fr/image.ashx?id=2872078&use=l&cat=p&typeid=i","cat":325350},{"id":253219,"n":"Rasoirs jetables hommes Bic 3 Comfort - x16","p":32.84,"img":"https://fd6-photos.leclercdrive.fr/image.ashx?id=2878807&use=l&cat=p&typeid=i","cat":284616},{"id":253236,"n":"Crème de douche So Bio Etic Lait d'ânesse Bio - 450ml","p":5.29,"u":"11,76 €/L","img":"https://fd6-photos.leclercdrive.fr/image.ashx?id=2876704&use=l&cat=p&typeid=i","cat":284594},{"id":253339,"n":"Croque Monsieur Herta Chèvre jambon - 310g","p":2.59,"u":"8,35 €/KG","img":"https://fd6-photos.leclercdrive.fr/image.ashx?id=2877745&use=l&cat=p&typeid=i","cat":333671},{"id":253342,"n":"Croque-Monsieur Herta  Maxi Montagnard x2 - 310g","p":2.59,"u":"8,35 €/KG","img":"https://fd6-photos.leclercdrive.fr/image.ashx?id=2877748&use=l&cat=p&typeid=i","cat":333671},{"id":253514,"n":"Brosse à dents enfant Dentamyl Clignotante - Jaune x1","p":1.99,"img":"https://fd6-photos.leclercdrive.fr/image.ashx?id=2878669&use=l&cat=p&typeid=i","cat":288897},{"id":253516,"n":"Brosse à dents enfant Dentamyl Clignotante - Vert  x1","p":1.99,"img":"https://fd6-photos.leclercdrive.fr/image.ashx?id=2878672&use=l&cat=p&typeid=i","cat":288897},{"id":253517,"n":"Brosse à dents enfant Dentamyl Clignotante - Bleu x1","p":1.99,"img":"https://fd6-photos.leclercdrive.fr/image.ashx?id=2878675&use=l&cat=p&typeid=i","cat":288897},{"id":253523,"n":"Brosse à dents Petit Dentamyl 2-6 ans - Rose Vert Bleu x3","p":1.47,"u":"0,49 €/P","img":"https://fd6-photos.leclercdrive.fr/image.ashx?id=2872790&use=l&cat=p&typeid=i","cat":288897},{"id":253527,"n":"Brosse à dents Petit Dentamyl 2-6 ans - Jaune Vert Bleu x3","p":1.47,"u":"0,49 €/P","img":"https://fd6-photos.leclercdrive.fr/image.ashx?id=2872793&use=l&cat=p&typeid=i","cat":288897},{"id":253528,"n":"Brosse à dents junior Dentamyl Vert / Jaune - 1 pièce","p":0.49,"img":"https://fd6-photos.leclercdrive.fr/image.ashx?id=2872796&use=l&cat=p&typeid=i","cat":288897},{"id":253529,"n":"Brosse à dents junior Dentamyl Rose - 1 pièce","p":0.49,"img":"https://fd6-photos.leclercdrive.fr/image.ashx?id=2872799&use=l&cat=p&typeid=i","cat":288897},{"id":253530,"n":"Brosse à dents junior Dentamyl Jaune / Bleu - 1 pièce","p":0.49,"img":"https://fd6-photos.leclercdrive.fr/image.ashx?id=2872802&use=l&cat=p&typeid=i","cat":288897},{"id":253531,"n":"Brosse à dents junior Dentamyl Orange / Rouge - 1 pièce","p":0.49,"img":"https://fd6-photos.leclercdrive.fr/image.ashx?id=2872805&use=l&cat=p&typeid=i","cat":288897},{"id":253544,"n":"Brosse à dents pro Dentamyl Bleu - Blancheur x1","p":1.32,"img":"https://fd6-photos.leclercdrive.fr/image.ashx?id=2872832&use=l&cat=p&typeid=i","cat":284614},{"id":253545,"n":"Brosse à dents pro Dentamyl Gris - Blancheur x1","p":1.32,"img":"https://fd6-photos.leclercdrive.fr/image.ashx?id=2915657&use=l&cat=p&typeid=i","cat":284614},{"id":253547,"n":"Brosse à dents pro Dentamyl Violet - Blancheur x1","p":1.32,"img":"https://fd6-photos.leclercdrive.fr/image.ashx?id=2872841&use=l&cat=p&typeid=i","cat":284614},{"id":253554,"n":"Sauce Kebab Rustica 260g","p":1.39,"u":"5,35 €/KG","img":"https://fd6-photos.leclercdrive.fr/image.ashx?id=2955071&use=l&cat=p&typeid=i","cat":318431},{"id":253571,"n":"Bols Mots d'Enfants - 2x200g  Tomates, pâtes et boeuf dès 8M","p":2.39,"u":"5,98 €/KG","img":"https://fd6-photos.leclercdrive.fr/image.ashx?id=2892358&use=l&cat=p&typeid=i","cat":312236},{"id":253575,"n":"Bols Mots d'Enfants - 2x200g  Parmentier de cabillaud dès 8M","p":2.09,"u":"5,23 €/KG","img":"https://fd6-photos.leclercdrive.fr/image.ashx?id=2892361&use=l&cat=p&typeid=i","cat":312236},{"id":253581,"n":"Bols Mots d'Enfants - 2x200g  Purée de légumes dès 8M","p":1.69,"u":"4,23 €/KG","img":"https://fd6-photos.leclercdrive.fr/image.ashx?id=2892364&use=l&cat=p&typeid=i","cat":312236},{"id":253677,"n":"Bols Mots d'Enfants - 2x200g  Pâtes, épinards et crème dès 8M","p":2.29,"u":"5,73 €/KG","img":"https://fd6-photos.leclercdrive.fr/image.ashx?id=2892367&use=l&cat=p&typeid=i","cat":312236},{"id":253678,"n":"Assiette Mots d'Enfants - 230g Spaghetti bolognaise dès 12M","p":1.39,"u":"6,04 €/KG","img":"https://fd6-photos.leclercdrive.fr/image.ashx?id=2898050&use=l&cat=p&typeid=i","cat":312237},{"id":253679,"n":"Assiette Mots d'Enfants - 230g Hachis parmentier dès 12M","p":1.39,"u":"6,04 €/KG","img":"https://fd6-photos.leclercdrive.fr/image.ashx?id=2892370&use=l&cat=p&typeid=i","cat":312237},{"id":253682,"n":"Assiette Mots d'Enfants - 230g Légumes et macaroni dès 12M","p":1.39,"u":"6,04 €/KG","img":"https://fd6-photos.leclercdrive.fr/image.ashx?id=2892373&use=l&cat=p&typeid=i","cat":312237},{"id":253683,"n":"Assiette Mots d'Enfants - 250g Pommes de terre, poulet dès 15M","p":1.59,"u":"6,36 €/KG","img":"https://fd6-photos.leclercdrive.fr/image.ashx?id=2898053&use=l&cat=p&typeid=i","cat":312238},{"id":253684,"n":"Assiette Mots d'Enfants - 250g Pâtes, tomate et jambon dès 15M","p":1.59,"u":"6,36 €/KG","img":"https://fd6-photos.leclercdrive.fr/image.ashx?id=2892376&use=l&cat=p&typeid=i","cat":312238},{"id":253687,"n":"Assiette Mots d'Enfants - 250g Légumes et patate douce dès 15M","p":1.59,"u":"6,36 €/KG","img":"https://fd6-photos.leclercdrive.fr/image.ashx?id=2892388&use=l&cat=p&typeid=i","cat":312238},{"id":253689,"n":"Assiette Mots d'Enfants - 250g Pdt, fondue de poireaux dès 15M","p":1.59,"u":"6,36 €/KG","img":"https://fd6-photos.leclercdrive.fr/image.ashx?id=2892379&use=l&cat=p&typeid=i","cat":312238},{"id":253691,"n":"Assiette Mots d'Enfants - 250g Pâtes boeuf bourguignon dès 18M","p":1.69,"u":"6,76 €/KG","img":"https://fd6-photos.leclercdrive.fr/image.ashx?id=2892382&use=l&cat=p&typeid=i","cat":312238},{"id":253694,"n":"Assiette Mots d'Enfants - 250g Blanquette de volaille dès 18M","p":1.69,"u":"6,76 €/KG","img":"https://fd6-photos.leclercdrive.fr/image.ashx?id=2898056&use=l&cat=p&typeid=i","cat":312238},{"id":253698,"n":"Assiette Mots d'Enfants - 250g Carottes pâtes épinards dès 18M","p":1.69,"u":"6,76 €/KG","img":"https://fd6-photos.leclercdrive.fr/image.ashx?id=2898059&use=l&cat=p&typeid=i","cat":312238},{"id":253699,"n":"Assiette Mots d'Enfants - 250g Ratatouille et boulgour dès 18M","p":1.69,"u":"6,76 €/KG","img":"https://fd6-photos.leclercdrive.fr/image.ashx?id=2892385&use=l&cat=p&typeid=i","cat":312238},{"id":253992,"n":"Gel douche L'Oréal Menexpert Hyaluronic power - 300ml","p":3.8,"u":"12,67 €/L","img":"https://fd6-photos.leclercdrive.fr/image.ashx?id=2874554&use=l&cat=p&typeid=i","cat":284619},{"id":253999,"n":"Chewing gum Mentos pure fresh Limonade sans sucres x50 - 100g","p":3.28,"u":"32,80 €/KG","img":"https://fd6-photos.leclercdrive.fr/image.ashx?id=3010795&use=l&cat=p&typeid=i","cat":304251},{"id":254008,"n":"Gel douche homme Axe Copper santal - 225ml","p":2.76,"u":"12,27 €/L","img":"https://fd6-photos.leclercdrive.fr/image.ashx?id=2903881&use=l&cat=p&typeid=i","cat":284619},{"id":254028,"n":"Bière sans alcool Tourtel Twist Abricot - 6x27.5cl","p":4.79,"u":"2,90 €/L","img":"https://fd6-photos.leclercdrive.fr/image.ashx?id=2873850&use=l&cat=p&typeid=i","cat":334877},{"id":254050,"n":"Bière Desperados Sunlight citron citron vert 3x33cl","p":3.94,"u":"3,98 €/L","img":"https://fd6-photos.leclercdrive.fr/image.ashx?id=2977987&use=l&cat=p&typeid=i","cat":334878},{"id":254157,"n":"Rasoir OneBlade  +1 lame","p":29.29,"u":"Dont 0,12 € d'éco-part.","img":"https://fd6-photos.leclercdrive.fr/image.ashx?id=2938352&use=l&cat=p&typeid=i","cat":284616},{"id":254381,"n":"Lait vitaminé Lactel Vita'Vie 1.0% MG - 6x1L","p":6.25,"u":"1,04 €/L","img":"https://fd6-photos.leclercdrive.fr/image.ashx?id=2951827&use=l&cat=p&typeid=i","cat":317169},{"id":254391,"n":"Boisson énergisante Red Bull Zéro, 250ml","p":1.09,"u":"4,36 €/L","img":"https://fd6-photos.leclercdrive.fr/image.ashx?id=2877313&use=l&cat=p&typeid=i","cat":284533},{"id":254803,"n":"Pavé d'Affinois L'Intense - 180g","p":2.59,"u":"14,39 €/KG","img":"https://fd6-photos.leclercdrive.fr/image.ashx?id=3002075&use=l&cat=p&typeid=i","cat":314033},{"id":254808,"n":"Assouplissant Tesori d'Oriente Ayurveda 42 lavages - 760ML","p":4.69,"u":"6,17 €/L","img":"https://fd6-photos.leclercdrive.fr/image.ashx?id=2876668&use=l&cat=p&typeid=i","cat":284650},{"id":254809,"n":"Assouplissant Byzantum 42 lavages - 760ML","p":4.62,"u":"6,08 €/L","img":"https://fd6-photos.leclercdrive.fr/image.ashx?id=2876671&use=l&cat=p&typeid=i","cat":284650},{"id":254888,"n":"Monster Rio punch 50cl","p":1.6,"u":"3,20 €/L","img":"https://fd6-photos.leclercdrive.fr/image.ashx?id=2877067&use=l&cat=p&typeid=i","cat":284533},{"id":254937,"n":"Sauce aïoli Rustica Pot - 235g","p":1.05,"u":"4,47 €/KG","img":"https://fd6-photos.leclercdrive.fr/image.ashx?id=2955077&use=l&cat=p&typeid=i","cat":318430},{"id":254949,"n":"Bâtonnets Häagen-Dazs Smooth Vanilla x3 - 192g","p":3.57,"u":"18,59 €/KG","img":"https://fd6-photos.leclercdrive.fr/image.ashx?id=2876605&use=l&cat=p&typeid=i","cat":284265},{"id":255059,"n":"Piles Varta Longlife Alkaline AAA - x20","p":8.85,"u":"0,44 €/P","img":"https://fd6-photos.leclercdrive.fr/image.ashx?id=2877004&use=l&cat=p&typeid=i","cat":300572},{"id":255060,"n":"Piles Varta Longlife Alkaline AA - x20","p":8.85,"u":"0,44 €/P","img":"https://fd6-photos.leclercdrive.fr/image.ashx?id=2877007&use=l&cat=p&typeid=i","cat":300572},{"id":255141,"n":"Brosse à dents enfant Dentamyl Clignotante - Rose x1","p":1.99,"img":"https://fd6-photos.leclercdrive.fr/image.ashx?id=2878678&use=l&cat=p&typeid=i","cat":288897},{"id":255157,"n":"AOP Cabernet d'Anjou rosé Centifolia- 75cl","p":6.85,"u":"9,13 €/L","img":"https://fd6-photos.leclercdrive.fr/image.ashx?id=2878870&use=l&cat=p&typeid=i","cat":289558},{"id":255191,"n":"Préservatif Durex Nude - XL - x10","p":7.49,"img":"https://fd6-photos.leclercdrive.fr/image.ashx?id=2901677&use=l&cat=p&typeid=i","cat":284631},{"id":255195,"n":"Préservatifs Durex Feeling - XL - x12","p":6.97,"img":"https://fd6-photos.leclercdrive.fr/image.ashx?id=2878789&use=l&cat=p&typeid=i","cat":284631},{"id":255197,"n":"Préservatifs Durex Classic jeans - x12","p":5.39,"img":"https://fd6-photos.leclercdrive.fr/image.ashx?id=2878792&use=l&cat=p&typeid=i","cat":284631},{"id":255199,"n":"Préservatifs Durex Classic Jeans - XL - x12","p":4.86,"img":"https://fd6-photos.leclercdrive.fr/image.ashx?id=2964983&use=l&cat=p&typeid=i","cat":284631},{"id":255201,"n":"Liègeois au chocolat La Fermière 2x120g","p":2.97,"u":"12,38 €/KG","img":"https://fd6-photos.leclercdrive.fr/image.ashx?id=2878951&use=l&cat=p&typeid=i","cat":285042},{"id":255202,"n":"Préservatifs Durex Extra protect - x12","p":4.96,"img":"https://fd6-photos.leclercdrive.fr/image.ashx?id=2878801&use=l&cat=p&typeid=i","cat":284631},{"id":255203,"n":"Liègeois au café La Fermière 2x120g","p":2.75,"u":"11,46 €/KG","img":"https://fd6-photos.leclercdrive.fr/image.ashx?id=2878954&use=l&cat=p&typeid=i","cat":285042},{"id":255216,"n":"Coca-Cola sans sucres 4x1,75L","p":4.47,"u":"0,64 €/L","img":"https://fd6-photos.leclercdrive.fr/image.ashx?id=2879137&use=l&cat=p&typeid=i","cat":284530},{"id":255353,"n":"Laque Syoss Tenue Ultra Max hold - 300ml","p":2.89,"u":"9,63 €/L","img":"https://fd6-photos.leclercdrive.fr/image.ashx?id=2878831&use=l&cat=p&typeid=i","cat":284609},{"id":255361,"n":"Coloration cheveux Palette Noir N°900 - x2","p":6.18,"u":"3,09 €/P","img":"https://fd6-photos.leclercdrive.fr/image.ashx?id=2902693&use=l&cat=p&typeid=i","cat":288899},{"id":255363,"n":"Coloration cheveux Palette Noir bleuté N°909 - x2","p":6.99,"u":"3,50 €/P","img":"https://fd6-photos.leclercdrive.fr/image.ashx?id=2878846&use=l&cat=p&typeid=i","cat":288899},{"id":255505,"n":"Crème de soin cheveux Nateïs Cheveux sec et frisé - 200ml","p":1.69,"u":"8,45 €/L","img":"https://fd6-photos.leclercdrive.fr/image.ashx?id=2878693&use=l&cat=p&typeid=i","cat":284608},{"id":255515,"n":"Café en grains Grand-mère Puissant - 1kg","p":17.1,"u":"17,10 €/KG","img":"https://fd6-photos.leclercdrive.fr/image.ashx?id=2880585&use=l&cat=p&typeid=i","cat":293237},{"id":255549,"n":"Saucisson Fuet Justin Bridou Noisette - 150g","p":2.97,"u":"19,80 €/KG","img":"https://fd6-photos.leclercdrive.fr/image.ashx?id=2948941&use=l&cat=p&typeid=i","cat":316006},{"id":255669,"n":"Recharge Gel douche Pêche Blanche bio & Nectar 500ml","p":2.8,"u":"5,60 €/L","img":"https://fd6-photos.leclercdrive.fr/image.ashx?id=2880411&use=l&cat=p&typeid=i","cat":284594},{"id":255671,"n":"Recharge Gel douche extra-doux Verveine Bio & citron bio 500ml","p":2.89,"u":"5,78 €/L","img":"https://fd6-photos.leclercdrive.fr/image.ashx?id=2880414&use=l&cat=p&typeid=i","cat":284594},{"id":255678,"n":"Gel douche homme Axe Aqua bergamot - 225ml","p":2.74,"u":"12,18 €/L","img":"https://fd6-photos.leclercdrive.fr/image.ashx?id=2880612&use=l&cat=p&typeid=i","cat":284619},{"id":255688,"n":"Recharge gel douche homme Pin maritime & eucalyptus 500ml","p":2.93,"u":"5,86 €/L","img":"https://fd6-photos.leclercdrive.fr/image.ashx?id=2880420&use=l&cat=p&typeid=i","cat":284619},{"id":255696,"n":"Déodorant spray homme Axe Apollo - 200ml","p":3.99,"u":"19,95 €/L","img":"https://fd6-photos.leclercdrive.fr/image.ashx?id=2985663&use=l&cat=p&typeid=i","cat":284618},{"id":255697,"n":"Déodorant spray homme Axe Black - 200ml","p":3.7,"u":"18,50 €/L","img":"https://fd6-photos.leclercdrive.fr/image.ashx?id=2880609&use=l&cat=p&typeid=i","cat":284618},{"id":255773,"n":"AOP Bordeaux rouge Le Coup de Bar 75cl","p":5.36,"u":"7,15 €/L","img":"https://fd6-photos.leclercdrive.fr/image.ashx?id=2900863&use=l&cat=p&typeid=i","cat":289556},{"id":255957,"n":"Déodorant spray homme Axe Dark temptation - 200ml","p":3.6,"u":"18,00 €/L","img":"https://fd6-photos.leclercdrive.fr/image.ashx?id=2881536&use=l&cat=p&typeid=i","cat":284618},{"id":255969,"n":"Déodorant spray homme Axe Provocation - 200ml","p":3.7,"u":"18,50 €/L","img":"https://fd6-photos.leclercdrive.fr/image.ashx?id=2881542&use=l&cat=p&typeid=i","cat":284618},{"id":255978,"n":"Déodorant spray homme Axe Ice cool - 200ml","p":4.31,"u":"21,55 €/L","img":"https://fd6-photos.leclercdrive.fr/image.ashx?id=2881548&use=l&cat=p&typeid=i","cat":284618},{"id":256001,"n":"Déodorant stick Dove Pour tout Le corps - Framboise - 24h 75ml","p":5.2,"u":"69,33 €/L","img":"https://fd6-photos.leclercdrive.fr/image.ashx?id=2894563&use=l&cat=p&typeid=i","cat":284595},{"id":256003,"n":"Déodorant spray Dove Pour tout Le corps - 72h - Lavande 150ml","p":5.37,"u":"35,80 €/L","img":"https://fd6-photos.leclercdrive.fr/image.ashx?id=2894566&use=l&cat=p&typeid=i","cat":284595},{"id":256004,"n":"Déodorant spray Dove Pour tout Le corps - 72h Framboise 150ml","p":2.97,"u":"19,80 €/L","img":"https://fd6-photos.leclercdrive.fr/image.ashx?id=3009341&use=l&cat=p&typeid=i","cat":284595},{"id":256005,"n":"Déodorant crème Dove Pour tout Le corps - 72h Framboise - 75ml","p":4.46,"u":"59,47 €/L","img":"https://fd6-photos.leclercdrive.fr/image.ashx?id=2894572&use=l&cat=p&typeid=i","cat":284595},{"id":256480,"n":"Gel douche homme Axe Blue lavender - 225ml","p":2.99,"u":"13,29 €/L","img":"https://fd6-photos.leclercdrive.fr/image.ashx?id=2882926&use=l&cat=p&typeid=i","cat":284619},{"id":256536,"n":"Nectar Bio Pressade Pomme - 6x20cl","p":2.63,"u":"2,19 €/L","img":"https://fd6-photos.leclercdrive.fr/image.ashx?id=2882752&use=l&cat=p&typeid=i","cat":284522},{"id":256710,"n":"Riz Côté Table Poulet Tikka massala  - 300g","p":2.49,"u":"8,30 €/KG","img":"https://fd6-photos.leclercdrive.fr/image.ashx?id=2972250&use=l&cat=p&typeid=i","cat":284953},{"id":256711,"n":"Chili sin carne Côté Table 300g","p":2.49,"u":"8,30 €/KG","img":"https://fd6-photos.leclercdrive.fr/image.ashx?id=2882249&use=l&cat=p&typeid=i","cat":284953},{"id":256714,"n":"Moussaka végé Côté Table 300g","p":2.61,"u":"8,70 €/KG","img":"https://fd6-photos.leclercdrive.fr/image.ashx?id=2906925&use=l&cat=p&typeid=i","cat":284953},{"id":256717,"n":"Boisson citron Jardin Bio Gingembre - 1L","p":2.25,"u":"2,25 €/L","img":"https://fd6-photos.leclercdrive.fr/image.ashx?id=2882788&use=l&cat=p&typeid=i","cat":295018},{"id":256720,"n":"Boisson Jardin Bio Pomme vanille - 1L","p":2.26,"u":"2,26 €/L","img":"https://fd6-photos.leclercdrive.fr/image.ashx?id=2882791&use=l&cat=p&typeid=i","cat":295018},{"id":256798,"n":"Boisson Jardin Bio Fruits Rouges Hibiscus - 1L","p":2.28,"u":"2,28 €/L","img":"https://fd6-photos.leclercdrive.fr/image.ashx?id=2883510&use=l&cat=p&typeid=i","cat":295018},{"id":256828,"n":"Tartelette Jardin Bio 150g","p":2.78,"u":"18,53 €/KG","img":"https://fd6-photos.leclercdrive.fr/image.ashx?id=2883585&use=l&cat=p&typeid=i","cat":284488},{"id":256833,"n":"Biscuit Jardin Bio Le Petit Céréalier - 155g","p":1.84,"u":"11,87 €/KG","img":"https://fd6-photos.leclercdrive.fr/image.ashx?id=2883588&use=l&cat=p&typeid=i","cat":284487},{"id":257022,"n":"Diffuseur Raid Max Night & Day Anti-moustiques - 27ml","p":11.43,"u":"423,33 €/L","img":"https://fd6-photos.leclercdrive.fr/image.ashx?id=2967388&use=l&cat=p&typeid=i","cat":298368},{"id":257023,"n":"Recharge Raid Max Night & Day Anti-moustiques - 2x27ml","p":13.36,"u":"247,41 €/L","img":"https://fd6-photos.leclercdrive.fr/image.ashx?id=2884741&use=l&cat=p&typeid=i","cat":298368},{"id":257024,"n":"Diffuseur électrique Raid Max Liquide - 30 nuits - 21ml","p":7.24,"u":"344,76 €/L","img":"https://fd6-photos.leclercdrive.fr/image.ashx?id=2884759&use=l&cat=p&typeid=i","cat":298368},{"id":257025,"n":"Recharge électrique  Raid Max  Liquide - 30 nuits - 21ml","p":5.9,"u":"280,95 €/L","img":"https://fd6-photos.leclercdrive.fr/image.ashx?id=2884762&use=l&cat=p&typeid=i","cat":298368},{"id":257026,"n":"Spirale anti-moustiques Raid Max - Usage extérieur - x10","p":2.3,"img":"https://fd6-photos.leclercdrive.fr/image.ashx?id=2884750&use=l&cat=p&typeid=i","cat":298368},{"id":257027,"n":"Spray Raid Max Fourmis & cafards - 500ml","p":7.24,"u":"14,48 €/L","img":"https://fd6-photos.leclercdrive.fr/image.ashx?id=2884747&use=l&cat=p&typeid=i","cat":298368},{"id":257028,"n":"Gel Anti-mites Raid Max Senteur bois de cèdre - x2","p":4.75,"img":"https://fd6-photos.leclercdrive.fr/image.ashx?id=2884756&use=l&cat=p&typeid=i","cat":298368},{"id":257031,"n":"Gel anti-mites Raid Max Senteur lavande - x2","p":4.74,"img":"https://fd6-photos.leclercdrive.fr/image.ashx?id=2884753&use=l&cat=p&typeid=i","cat":298368},{"id":257034,"n":"Spray Autan Family care Anti-moustiques - 100ml","p":5.57,"u":"55,70 €/L","img":"https://fd6-photos.leclercdrive.fr/image.ashx?id=2884744&use=l&cat=p&typeid=i","cat":299654},{"id":257036,"n":"Spray enfant Autan Anti-moustiques - 100ml","p":7.19,"u":"71,90 €/L","img":"https://fd6-photos.leclercdrive.fr/image.ashx?id=2884735&use=l&cat=p&typeid=i","cat":299654},{"id":257038,"n":"Gel douche homme Axe Supreme Provocation - 5-en-1 - 400ml","p":3.05,"u":"7,63 €/L","img":"https://fd6-photos.leclercdrive.fr/image.ashx?id=2884924&use=l&cat=p&typeid=i","cat":284619},{"id":257041,"n":"Gel douche homme Axe supreme Re-load - 5en-1 - 250ml","p":2.23,"u":"8,92 €/L","img":"https://fd6-photos.leclercdrive.fr/image.ashx?id=2884927&use=l&cat=p&typeid=i","cat":284619},{"id":257043,"n":"Gel douche homme Axe Black vanilla - 225ml","p":2.71,"u":"12,04 €/L","img":"https://fd6-photos.leclercdrive.fr/image.ashx?id=2908387&use=l&cat=p&typeid=i","cat":284619},{"id":257045,"n":"Gel douche homme Axe supreme Lendemain difficile - 400ml","p":3.05,"u":"7,63 €/L","img":"https://fd6-photos.leclercdrive.fr/image.ashx?id=2884918&use=l&cat=p&typeid=i","cat":284619},{"id":257046,"n":"Gel douche homme Axe Cherry fizz - 225ml","p":2.65,"u":"11,78 €/L","img":"https://fd6-photos.leclercdrive.fr/image.ashx?id=2908390&use=l&cat=p&typeid=i","cat":284619},{"id":257049,"n":"Déodorant spray homme Axe Cherry fizz - 150ml","p":4.2,"u":"28,00 €/L","img":"https://fd6-photos.leclercdrive.fr/image.ashx?id=3011953&use=l&cat=p&typeid=i","cat":284618},{"id":257050,"n":"Déodorant spray homme Axe Cocoa velvet - 150ml","p":4.74,"u":"31,60 €/L","img":"https://fd6-photos.leclercdrive.fr/image.ashx?id=2896468&use=l&cat=p&typeid=i","cat":284618},{"id":257051,"n":"Déodorant spray homme Axe Gold caramel billionaire 200ml","p":4.64,"u":"23,20 €/L","img":"https://fd6-photos.leclercdrive.fr/image.ashx?id=2884903&use=l&cat=p&typeid=i","cat":284618},{"id":257054,"n":"Émincés de poulet provençale L'Atelier Volaille - 300g","p":3.59,"u":"11,97 €/KG","img":"https://fd6-photos.leclercdrive.fr/image.ashx?id=2927884&use=l&cat=p&typeid=i","cat":284336},{"id":257074,"n":"Gnocchi à poêler Lustucru Extra jambon fromage 300g","p":2.2,"u":"7,33 €/KG","img":"https://fd6-photos.leclercdrive.fr/image.ashx?id=2884387&use=l&cat=p&typeid=i","cat":333682},{"id":257076,"n":"Gnocchi à poêler Lustucru Extra fromage 300g","p":2.14,"u":"7,13 €/KG","img":"https://fd6-photos.leclercdrive.fr/image.ashx?id=2886013&use=l&cat=p&typeid=i","cat":333682},{"id":257077,"n":"Fromage enfant Mini Babybel  16 portions goûter - 352g","p":5.89,"u":"16,73 €/KG","img":"https://fd6-photos.leclercdrive.fr/image.ashx?id=2935840&use=l&cat=p&typeid=i","cat":314030},{"id":257164,"n":"Vodka Zubrowka lemon 70cl","p":14.93,"u":"21,33 €/L","img":"https://fd6-photos.leclercdrive.fr/image.ashx?id=2884828&use=l&cat=p&typeid=i","cat":284550},{"id":257168,"n":"Boisson énergisante Monster  Energy Ultra White -  4x50CL","p":6.08,"u":"3,04 €/L","img":"https://fd6-photos.leclercdrive.fr/image.ashx?id=2983462&use=l&cat=p&typeid=i","cat":284533},{"id":257201,"n":"Préservatifs Durex Intensity - x10","p":8.56,"img":"https://fd6-photos.leclercdrive.fr/image.ashx?id=2962035&use=l&cat=p&typeid=i","cat":284631},{"id":257202,"n":"Préservatifs Durex Intensity XL - x10","p":11.37,"img":"https://fd6-photos.leclercdrive.fr/image.ashx?id=2964670&use=l&cat=p&typeid=i","cat":284631},{"id":257205,"n":"Eponges flex & wash x4","p":7.79,"img":"https://fd6-photos.leclercdrive.fr/image.ashx?id=2884522&use=l&cat=p&typeid=i","cat":284667},{"id":257206,"n":"Eponges fFlex & wash x2","p":3.85,"img":"https://fd6-photos.leclercdrive.fr/image.ashx?id=2884525&use=l&cat=p&typeid=i","cat":284667},{"id":257208,"n":"Lessive liquide Xeor Fraîcheur - x44 lavages - 2.2L","p":3.89,"u":"1,77 €/L","img":"https://fd6-photos.leclercdrive.fr/image.ashx?id=2901494&use=l&cat=p&typeid=i","cat":284640},{"id":257211,"n":"Lessive liquide Xéor Oranger - x24 lavages - 1.2L","p":2.12,"u":"1,77 €/L","img":"https://fd6-photos.leclercdrive.fr/image.ashx?id=2903977&use=l&cat=p&typeid=i","cat":284640},{"id":257212,"n":"Lessive liquide Xéor Fraîcheur - x24 lavages - 1.2L","p":2.12,"u":"1,77 €/L","img":"https://fd6-photos.leclercdrive.fr/image.ashx?id=2901506&use=l&cat=p&typeid=i","cat":284640},{"id":257213,"n":"Lessive liquide Xéor Cerisier - x24 lavages - 1.2L","p":2.12,"u":"1,77 €/L","img":"https://fd6-photos.leclercdrive.fr/image.ashx?id=2903980&use=l&cat=p&typeid=i","cat":284640},{"id":257214,"n":"Capsules lave-vaisselle Finish Quantum Citron - x30 - 312g","p":6.56,"u":"21,03 €/KG","img":"https://fd6-photos.leclercdrive.fr/image.ashx?id=2926618&use=l&cat=p&typeid=i","cat":284656},{"id":257215,"n":"Capsules lave-vaisselle Finish Quantum - x30 - 312g","p":6.97,"u":"22,34 €/KG","img":"https://fd6-photos.leclercdrive.fr/image.ashx?id=2884627&use=l&cat=p&typeid=i","cat":284656},{"id":257217,"n":"Capsules lave-vaisselle Finish Ultimate citron - x26 - 335g","p":7.09,"u":"21,23 €/KG","img":"https://fd6-photos.leclercdrive.fr/image.ashx?id=2884630&use=l&cat=p&typeid=i","cat":284656},{"id":257218,"n":"Capsules lave-vaisselle Finish Ultimate - x26 - 335g","p":7.1,"u":"21,19 €/KG","img":"https://fd6-photos.leclercdrive.fr/image.ashx?id=2884633&use=l&cat=p&typeid=i","cat":284656},{"id":257219,"n":"Capsules lave-vaisselle Finish Ultimate Plus Citron x22 - 268g","p":6.78,"u":"25,30 €/KG","img":"https://fd6-photos.leclercdrive.fr/image.ashx?id=2884636&use=l&cat=p&typeid=i","cat":284656},{"id":257220,"n":"Gel lave-vaisselle Finish Power - 900ml","p":7.38,"u":"8,20 €/L","img":"https://fd6-photos.leclercdrive.fr/image.ashx?id=2884639&use=l&cat=p&typeid=i","cat":284656},{"id":257225,"n":"Gel lave-vaisselle Finish Power - Citron - 900ml","p":5.97,"u":"6,63 €/L","img":"https://fd6-photos.leclercdrive.fr/image.ashx?id=2884642&use=l&cat=p&typeid=i","cat":284656},{"id":257228,"n":"Capsules lave-vaisselle Finish Ultimate Plus - x22 - 268g","p":6.56,"u":"24,48 €/KG","img":"https://fd6-photos.leclercdrive.fr/image.ashx?id=2884900&use=l&cat=p&typeid=i","cat":284656},{"id":257230,"n":"Désinfectant linge Sanytol Stop Odeurs Fleurs blanches 500ml","p":3.72,"u":"7,44 €/L","img":"https://fd6-photos.leclercdrive.fr/image.ashx?id=2961960&use=l&cat=p&typeid=i","cat":290451},{"id":257231,"n":"Désinfectant linge Sanytol Stop Odeurs Fleurs Blanches 1L","p":6.09,"u":"6,09 €/L","img":"https://fd6-photos.leclercdrive.fr/image.ashx?id=2884312&use=l&cat=p&typeid=i","cat":290451},{"id":257232,"n":"Capsules Lave-Vaisselle SUN  Pro-Expert Regular 38 lavages","p":7.9,"u":"13,86 €/KG","img":"https://fd6-photos.leclercdrive.fr/image.ashx?id=2907728&use=l&cat=p&typeid=i","cat":284656},{"id":257233,"n":"Tablettes lave-vaisselle Uni Vert - Tout-en-1 - x45 - 720g","p":6.57,"u":"9,13 €/KG","img":"https://fd6-photos.leclercdrive.fr/image.ashx?id=3015132&use=l&cat=p&typeid=i","cat":284656},{"id":257236,"n":"Tablettes lave-vaisselle Uni Vert - Classiques - x45 - 450g","p":6.27,"u":"13,93 €/KG","img":"https://fd6-photos.leclercdrive.fr/image.ashx?id=3015135&use=l&cat=p&typeid=i","cat":284656},{"id":257240,"n":"Déodorant homme Adidas Sport fresh - 150ml","p":2.95,"u":"19,67 €/L","img":"https://fd6-photos.leclercdrive.fr/image.ashx?id=2884606&use=l&cat=p&typeid=i","cat":284618},{"id":257241,"n":"Déodorant homme Adidas Invisible - 150ml","p":2.98,"u":"19,87 €/L","img":"https://fd6-photos.leclercdrive.fr/image.ashx?id=2884609&use=l&cat=p&typeid=i","cat":284618},{"id":257243,"n":"Nettoyant ménager Ajax 5 actions Brise fraîche - 1.5L","p":2.63,"u":"1,75 €/L","img":"https://fd6-photos.leclercdrive.fr/image.ashx?id=2919442&use=l&cat=p&typeid=i","cat":284907},{"id":257249,"n":"Liquide vaisselle Paic Intense Anti-calcaire - 500ml","p":1.92,"u":"3,84 €/L","img":"https://fd6-photos.leclercdrive.fr/image.ashx?id=2884897&use=l&cat=p&typeid=i","cat":284655},{"id":257251,"n":"Capsules Lave-Vaisselle SUN  Pro-Expert Citron 38 lavages","p":7.9,"u":"13,86 €/KG","img":"https://fd6-photos.leclercdrive.fr/image.ashx?id=2991039&use=l&cat=p&typeid=i","cat":284656},{"id":257253,"n":"Déodorant Adidas Control fresh - 150ml","p":5.55,"u":"37,00 €/L","img":"https://fd6-photos.leclercdrive.fr/image.ashx?id=2884603&use=l&cat=p&typeid=i","cat":284595},{"id":257277,"n":"Bâtonnets surimi moelleux Fleury Michon x12 - 180g","p":1.8,"u":"10,00 €/KG","img":"https://fd6-photos.leclercdrive.fr/image.ashx?id=2936920&use=l&cat=p&typeid=i","cat":285189},{"id":257322,"n":"Nectar Bio Pressade Orange - 1.5L","p":2.69,"u":"1,79 €/L","img":"https://fd6-photos.leclercdrive.fr/image.ashx?id=2885357&use=l&cat=p&typeid=i","cat":284521},{"id":257391,"n":"Barre gourmande Grainéa Chocolat Cacahuète - 140g","p":1.93,"u":"13,79 €/KG","img":"https://fd6-photos.leclercdrive.fr/image.ashx?id=2885777&use=l&cat=p&typeid=i","cat":285869},{"id":257499,"n":"Personal Blender Smeg Crème - x1","p":98.78,"img":"https://fd6-photos.leclercdrive.fr/image.ashx?id=2903821&use=l&cat=p&typeid=i","cat":334140},{"id":257505,"n":"Émincés de poulet paprika L'Atelier Volaille - 300g","p":3.59,"u":"11,97 €/KG","img":"https://fd6-photos.leclercdrive.fr/image.ashx?id=2927890&use=l&cat=p&typeid=i","cat":284336},{"id":257506,"n":"Émincés de poulet mexicain L'Atelier Volaille - 300g","p":3.59,"u":"11,97 €/KG","img":"https://fd6-photos.leclercdrive.fr/image.ashx?id=2927881&use=l&cat=p&typeid=i","cat":284336},{"id":257510,"n":"Emincés de poulet façon kebab L'atelier Volaille - 300g","p":3.59,"u":"11,97 €/KG","img":"https://fd6-photos.leclercdrive.fr/image.ashx?id=2927887&use=l&cat=p&typeid=i","cat":284336},{"id":257526,"n":"Cocotte Smeg Noir Fonte d'acier 24cm - 4.2L","p":85.52,"img":"https://fd6-photos.leclercdrive.fr/image.ashx?id=2903710&use=l&cat=p&typeid=i","cat":298490},{"id":257534,"n":"Cocotte Smeg Crème - Fonte d'acier 24cm 4.2L","p":85.52,"img":"https://fd6-photos.leclercdrive.fr/image.ashx?id=2903713&use=l&cat=p&typeid=i","cat":298490},{"id":257593,"n":"Saumon fumé Ecosse  4 tranches 130g","p":7.62,"u":"58,62 €/KG","img":"https://fd6-photos.leclercdrive.fr/image.ashx?id=2885947&use=l&cat=p&typeid=i","cat":285188},{"id":257595,"n":"Saumon fumé Norvège 4 tranches 130g","p":6.76,"u":"52,00 €/KG","img":"https://fd6-photos.leclercdrive.fr/image.ashx?id=2885950&use=l&cat=p&typeid=i","cat":285188},{"id":257606,"n":"Cappelletti Rana jambon cru 250g","p":3.28,"u":"13,12 €/KG","img":"https://fd6-photos.leclercdrive.fr/image.ashx?id=2886358&use=l&cat=p&typeid=i","cat":333682},{"id":257608,"n":"Raviolis Rana ricotta épinards 250g","p":3.3,"u":"13,20 €/KG","img":"https://fd6-photos.leclercdrive.fr/image.ashx?id=2886361&use=l&cat=p&typeid=i","cat":333682},{"id":257609,"n":"Raviolis Rana 4 fromages 250g","p":3.38,"u":"13,52 €/KG","img":"https://fd6-photos.leclercdrive.fr/image.ashx?id=2886364&use=l&cat=p&typeid=i","cat":333682},{"id":257611,"n":"Raviolis Rana boeuf bolognaise 250g","p":3.64,"u":"14,56 €/KG","img":"https://fd6-photos.leclercdrive.fr/image.ashx?id=2886367&use=l&cat=p&typeid=i","cat":333682},{"id":257612,"n":"Tortellini Rana bacon, speck & mozzarella 250g","p":3.47,"u":"13,88 €/KG","img":"https://fd6-photos.leclercdrive.fr/image.ashx?id=2886370&use=l&cat=p&typeid=i","cat":333682},{"id":257868,"n":"Bière Rouge la Bête Rouge 8% 75cl","p":4.41,"u":"5,88 €/L","img":"https://fd6-photos.leclercdrive.fr/image.ashx?id=2885962&use=l&cat=p&typeid=i","cat":334878},{"id":258071,"n":"Les Arrangés Divins Ananas Citron vert poivre Timut - 70cl","p":19.9,"u":"28,43 €/L","img":"https://fd6-photos.leclercdrive.fr/image.ashx?id=2886921&use=l&cat=p&typeid=i","cat":284550},{"id":258072,"n":"Les Arrangés Divins Banane Caramel beurre salé - 70cl","p":19.57,"u":"27,96 €/L","img":"https://fd6-photos.leclercdrive.fr/image.ashx?id=2886924&use=l&cat=p&typeid=i","cat":284550},{"id":258074,"n":"Les Arrangés Divins Passion Ananas - 70cl","p":19.5,"u":"27,86 €/L","img":"https://fd6-photos.leclercdrive.fr/image.ashx?id=2886933&use=l&cat=p&typeid=i","cat":284550},{"id":258076,"n":"Les Arrangés Divins mangue Curcuma - 70cl","p":24.39,"u":"34,84 €/L","img":"https://fd6-photos.leclercdrive.fr/image.ashx?id=2886927&use=l&cat=p&typeid=i","cat":284550},{"id":258077,"n":"Les Arrangés Divins pomme Passion Gingembre bio - 70cl","p":19.4,"u":"27,71 €/L","img":"https://fd6-photos.leclercdrive.fr/image.ashx?id=2886930&use=l&cat=p&typeid=i","cat":284550},{"id":258093,"n":"Flocons d'avoine Grainea 1kg","p":1.65,"u":"1,65 €/KG","img":"https://fd6-photos.leclercdrive.fr/image.ashx?id=2887353&use=l&cat=p&typeid=i","cat":309512},{"id":258270,"n":"Bière La Bise Agrumes - 50cl  4.7% vol.","p":1.6,"u":"3,20 €/L","img":"https://fd6-photos.leclercdrive.fr/image.ashx?id=2887785&use=l&cat=p&typeid=i","cat":334853},{"id":258273,"n":"Bière La Bise rouge Cerise - 75cl  3.5% vol.","p":2.95,"u":"3,93 €/L","img":"https://fd6-photos.leclercdrive.fr/image.ashx?id=2890157&use=l&cat=p&typeid=i","cat":334878},{"id":258281,"n":"Crevettes croustillantes Costa  - 225g","p":5.49,"u":"24,40 €/KG","img":"https://fd6-photos.leclercdrive.fr/image.ashx?id=2888094&use=l&cat=p&typeid=i","cat":319787},{"id":258282,"n":"Crevettes Costa ail et fines herbes - 225g","p":5.49,"u":"24,40 €/KG","img":"https://fd6-photos.leclercdrive.fr/image.ashx?id=2888088&use=l&cat=p&typeid=i","cat":319787},{"id":258295,"n":"Croissants fourrés Nutella  x4 - 340g","p":4.6,"u":"13,53 €/KG","img":"https://fd6-photos.leclercdrive.fr/image.ashx?id=2899749&use=l&cat=p&typeid=i","cat":284267},{"id":258299,"n":"Lasagnes William Saurin Bolognaise pure boeuf - 300g","p":1.75,"u":"5,83 €/KG","img":"https://fd6-photos.leclercdrive.fr/image.ashx?id=2916012&use=l&cat=p&typeid=i","cat":284953},{"id":258301,"n":"Spaghetti William Saurin Bolognaise pure boeuf - 300g","p":1.75,"u":"5,83 €/KG","img":"https://fd6-photos.leclercdrive.fr/image.ashx?id=2939517&use=l&cat=p&typeid=i","cat":284953},{"id":258303,"n":"Poulet basquaise William Saurin 285g","p":1.75,"u":"6,14 €/KG","img":"https://fd6-photos.leclercdrive.fr/image.ashx?id=2928564&use=l&cat=p&typeid=i","cat":284953},{"id":258304,"n":"Poulet William Saurin à la crème - 280g","p":1.75,"u":"6,25 €/KG","img":"https://fd6-photos.leclercdrive.fr/image.ashx?id=2939520&use=l&cat=p&typeid=i","cat":284953},{"id":258305,"n":"Risotto William Saurin poulet et champignons - 280g","p":2.6,"u":"9,29 €/KG","img":"https://fd6-photos.leclercdrive.fr/image.ashx?id=2912113&use=l&cat=p&typeid=i","cat":284953},{"id":258309,"n":"Merlu blanc William Saurin Riz et légumes - 300g","p":2.69,"u":"8,97 €/KG","img":"https://fd6-photos.leclercdrive.fr/image.ashx?id=2986392&use=l&cat=p&typeid=i","cat":284953},{"id":258310,"n":"Blanquette William Saurin Veau et riz - 285g","p":2.95,"u":"10,35 €/KG","img":"https://fd6-photos.leclercdrive.fr/image.ashx?id=2906286&use=l&cat=p&typeid=i","cat":284953},{"id":258311,"n":"Olives noires Rustica façon grècque - 235g","p":1.55,"u":"6,60 €/KG","img":"https://fd6-photos.leclercdrive.fr/image.ashx?id=2970590&use=l&cat=p&typeid=i","cat":284458},{"id":258312,"n":"Bourguignon William Saurin Boeuf - 300g","p":2.79,"u":"9,30 €/KG","img":"https://fd6-photos.leclercdrive.fr/image.ashx?id=2906289&use=l&cat=p&typeid=i","cat":284953},{"id":258313,"n":"Bières Desperados Sunlight  cerise/grenade 4° - 3x33cl","p":3.92,"u":"3,96 €/L","img":"https://fd6-photos.leclercdrive.fr/image.ashx?id=2899401&use=l&cat=p&typeid=i","cat":334878},{"id":258314,"n":"Hachis William Saurin Parmentier pur boeuf - 300g","p":2.94,"u":"9,80 €/KG","img":"https://fd6-photos.leclercdrive.fr/image.ashx?id=2906292&use=l&cat=p&typeid=i","cat":284953},{"id":258320,"n":"Dentifrice Elmex Email blancheur - 75ml","p":6.7,"u":"89,33 €/L","img":"https://fd6-photos.leclercdrive.fr/image.ashx?id=2888196&use=l&cat=p&typeid=i","cat":284612},{"id":258321,"n":"Dentifrice soin Elmex Sensitive expert - 75ml","p":6.16,"u":"82,13 €/L","img":"https://fd6-photos.leclercdrive.fr/image.ashx?id=2888205&use=l&cat=p&typeid=i","cat":284612},{"id":258322,"n":"Dentifrice sensitive Elmex Soin instantané - 75ml","p":5.9,"u":"78,67 €/L","img":"https://fd6-photos.leclercdrive.fr/image.ashx?id=3009338&use=l&cat=p&typeid=i","cat":284612},{"id":258323,"n":"Dentifrice gencives Elmex Sensitive plus - 75ml","p":5.95,"u":"79,33 €/L","img":"https://fd6-photos.leclercdrive.fr/image.ashx?id=2888193&use=l&cat=p&typeid=i","cat":284612},{"id":258339,"n":"Glace Kinder Bueno Cônes noisettes x6 - 372g","p":5.99,"u":"16,10 €/KG","img":"https://fd6-photos.leclercdrive.fr/image.ashx?id=2891334&use=l&cat=p&typeid=i","cat":284264},{"id":258340,"n":"Glace Kinder Bueno White Cônes noisettes x6 - 372g","p":6.48,"u":"17,42 €/KG","img":"https://fd6-photos.leclercdrive.fr/image.ashx?id=2890814&use=l&cat=p&typeid=i","cat":284264},{"id":258341,"n":"Glace Rafello bâtonnets Pêche hibiscus x3 - 138g","p":3.78,"u":"27,39 €/KG","img":"https://fd6-photos.leclercdrive.fr/image.ashx?id=2890436&use=l&cat=p&typeid=i","cat":284265},{"id":258342,"n":"Glace Ferrero bâtonnets chocolat noir orange x3 - 138g","p":3.87,"u":"28,04 €/KG","img":"https://fd6-photos.leclercdrive.fr/image.ashx?id=2889913&use=l&cat=p&typeid=i","cat":284265},{"id":258343,"n":"Crêpes Nutella  x6 - 240g","p":4.83,"u":"20,13 €/KG","img":"https://fd6-photos.leclercdrive.fr/image.ashx?id=2899761&use=l&cat=p&typeid=i","cat":284267},{"id":258345,"n":"Muffins Nutella  x4 - 264g","p":4.87,"u":"18,45 €/KG","img":"https://fd6-photos.leclercdrive.fr/image.ashx?id=2899758&use=l&cat=p&typeid=i","cat":284267},{"id":258347,"n":"Donuts Nutella x4 - 240g","p":4.89,"u":"20,38 €/KG","img":"https://fd6-photos.leclercdrive.fr/image.ashx?id=2889916&use=l&cat=p&typeid=i","cat":284267},{"id":258350,"n":"Ravioli Rana tomate mozzarella 250g","p":3.42,"u":"13,68 €/KG","img":"https://fd6-photos.leclercdrive.fr/image.ashx?id=2889931&use=l&cat=p&typeid=i","cat":333682},{"id":258353,"n":"Sauce fajita Jardin Bio Bio - 350g","p":3.5,"u":"10,00 €/KG","img":"https://fd6-photos.leclercdrive.fr/image.ashx?id=2889592&use=l&cat=p&typeid=i","cat":288993},{"id":258356,"n":"Raviolis Rana Burrata chorizo 250g","p":3.74,"u":"14,96 €/KG","img":"https://fd6-photos.leclercdrive.fr/image.ashx?id=2889943&use=l&cat=p&typeid=i","cat":333682},{"id":258363,"n":"Bières Softiz Sans alcool  Saveur citron - 6x27,5cl","p":3.08,"u":"1,87 €/L","img":"https://fd6-photos.leclercdrive.fr/image.ashx?id=2887431&use=l&cat=p&typeid=i","cat":334877},{"id":258364,"n":"Biscuits bio Jardin Bio Sésame - 150g","p":1.85,"u":"12,33 €/KG","img":"https://fd6-photos.leclercdrive.fr/image.ashx?id=2890211&use=l&cat=p&typeid=i","cat":284487},{"id":258366,"n":"Bières Softiz Sans alcool  Saveur mojito - 6x27,5cl","p":3.02,"u":"1,83 €/L","img":"https://fd6-photos.leclercdrive.fr/image.ashx?id=2887428&use=l&cat=p&typeid=i","cat":334877},{"id":258369,"n":"Sauce salsa bio Jardin Bio 350g","p":3.5,"u":"10,00 €/KG","img":"https://fd6-photos.leclercdrive.fr/image.ashx?id=2889595&use=l&cat=p&typeid=i","cat":284451},{"id":258375,"n":"Miel Accacia bio Jardin Bio 500g","p":8.99,"u":"17,98 €/KG","img":"https://fd6-photos.leclercdrive.fr/image.ashx?id=2890208&use=l&cat=p&typeid=i","cat":287643},{"id":258387,"n":"Bières Desperados Sunlight  mangue/passion 4° - 3x33cl","p":3.94,"u":"3,98 €/L","img":"https://fd6-photos.leclercdrive.fr/image.ashx?id=2977990&use=l&cat=p&typeid=i","cat":334878},{"id":258606,"n":"Soda Fanta Orange  Bouteille - 1.25L","p":1.71,"u":"1,37 €/L","img":"https://fd6-photos.leclercdrive.fr/image.ashx?id=2924752&use=l&cat=p&typeid=i","cat":284532},{"id":258630,"n":"Gaufrettes Knoppers Lait & noisettes - x15   375g","p":3.67,"u":"9,79 €/KG","img":"https://fd6-photos.leclercdrive.fr/image.ashx?id=2893777&use=l&cat=p&typeid=i","cat":284488},{"id":258631,"n":"Chocolat noir 50% orange  Noisettes et amandes -100g","p":4.09,"u":"40,90 €/KG","img":"https://fd6-photos.leclercdrive.fr/image.ashx?id=2889787&use=l&cat=p&typeid=i","cat":284956},{"id":258816,"n":"Cacahuètes Curly  Miel barbecue - 150g","p":1.48,"u":"9,87 €/KG","img":"https://fd6-photos.leclercdrive.fr/image.ashx?id=2906367&use=l&cat=p&typeid=i","cat":284448},{"id":258818,"n":"Cacahuète Curly Paprika - 150g","p":1.45,"u":"9,67 €/KG","img":"https://fd6-photos.leclercdrive.fr/image.ashx?id=2938728&use=l&cat=p&typeid=i","cat":284448},{"id":259159,"n":"Soin visage Fluide anti tâches  UV vitamine C  Garnier -40ml","p":7.77,"u":"194,25 €/L","img":"https://fd6-photos.leclercdrive.fr/image.ashx?id=2904251&use=l&cat=p&typeid=i","cat":325345},{"id":259179,"n":"Préservatifs Durex Intensity - x5","p":6.56,"img":"https://fd6-photos.leclercdrive.fr/image.ashx?id=2962032&use=l&cat=p&typeid=i","cat":284631},{"id":259180,"n":"Préservatifs Durex Intensity - x20","p":22.1,"img":"https://fd6-photos.leclercdrive.fr/image.ashx?id=2964980&use=l&cat=p&typeid=i","cat":284631},{"id":259184,"n":"Préservatifs Durex Classic Jeans - x20","p":7.01,"img":"https://fd6-photos.leclercdrive.fr/image.ashx?id=2892433&use=l&cat=p&typeid=i","cat":284631},{"id":259189,"n":"Poudre lave-vaisselle Visior 1.71kg","p":7.64,"u":"4,47 €/KG","img":"https://fd6-photos.leclercdrive.fr/image.ashx?id=2889208&use=l&cat=p&typeid=i","cat":284656},{"id":259190,"n":"Eau de parfum Adidas Energy drive - 100ml","p":17.78,"u":"177,80 €/L","img":"https://fd6-photos.leclercdrive.fr/image.ashx?id=2892856&use=l&cat=p&typeid=i","cat":291525},{"id":259193,"n":"Recharge savon mains Rainett  Senses - Aloe vera - 500ml","p":2.75,"u":"5,50 €/L","img":"https://fd6-photos.leclercdrive.fr/image.ashx?id=2988656&use=l&cat=p&typeid=i","cat":284597},{"id":259200,"n":"Recharge savon mains Rainett Senses - Grenade - 500ml","p":2.73,"u":"5,46 €/L","img":"https://fd6-photos.leclercdrive.fr/image.ashx?id=2892967&use=l&cat=p&typeid=i","cat":284597},{"id":259207,"n":"Dentifrice Sensodyne Sensibilité quotidienne - 75ml","p":3.46,"u":"46,13 €/L","img":"https://fd6-photos.leclercdrive.fr/image.ashx?id=2893003&use=l&cat=p&typeid=i","cat":284612},{"id":259210,"n":"Nouilles instantanées poulet Teriyaki - Daisuki - 79g","p":1.05,"u":"13,29 €/KG","img":"https://fd6-photos.leclercdrive.fr/image.ashx?id=2892412&use=l&cat=p&typeid=i","cat":288992},{"id":259211,"n":"Dentifrice Enfants Sensodyne 2-6 ans - 50ml","p":4.0,"u":"80,00 €/L","img":"https://fd6-photos.leclercdrive.fr/image.ashx?id=2893009&use=l&cat=p&typeid=i","cat":288898},{"id":259212,"n":"Nouilles instantanées boeuf  Gyudon - Daisuki - 79g","p":1.03,"u":"13,04 €/KG","img":"https://fd6-photos.leclercdrive.fr/image.ashx?id=2892415&use=l&cat=p&typeid=i","cat":288993},{"id":259238,"n":"Whisky Rum cask finished West Cork - 70cl","p":41.95,"pp":33.56,"u":"47,94 €/L","img":"https://fd6-photos.leclercdrive.fr/image.ashx?id=2893060&use=l&cat=p&typeid=i","cat":284547},{"id":259245,"n":"Bière aromatisée 1664 Rosé 4,5°- 6x25cl","p":5.4,"u":"3,60 €/L","img":"https://fd6-photos.leclercdrive.fr/image.ashx?id=2892457&use=l&cat=p&typeid=i","cat":334878},{"id":259249,"n":"Bière aromatisée Somersby Pomme 4,5° - 3x27,5cl","p":3.9,"u":"4,73 €/L","img":"https://fd6-photos.leclercdrive.fr/image.ashx?id=2892460&use=l&cat=p&typeid=i","cat":334878},{"id":259250,"n":"Bière aromatisée Somersby Citron Yuzu 4,5° - 3x27,5cl","p":3.13,"u":"3,79 €/L","img":"https://fd6-photos.leclercdrive.fr/image.ashx?id=2892463&use=l&cat=p&typeid=i","cat":334878},{"id":259253,"n":"Bière aromatisée Somersby Framboise 4,5° - 3x27,5cl","p":3.88,"u":"4,70 €/L","img":"https://fd6-photos.leclercdrive.fr/image.ashx?id=2892466&use=l&cat=p&typeid=i","cat":334878},{"id":259255,"n":"Bière Desperados Sunlight Citron citron vert - 4% 6x33CL","p":6.94,"u":"3,51 €/L","img":"https://fd6-photos.leclercdrive.fr/image.ashx?id=2901773&use=l&cat=p&typeid=i","cat":334878},{"id":259262,"n":"Bière blonde Stella Artois 5,2% - 6x25cl","p":5.71,"u":"3,81 €/L","img":"https://fd6-photos.leclercdrive.fr/image.ashx?id=2944371&use=l&cat=p&typeid=i","cat":334873},{"id":259263,"n":"Bière blonde Stella Artois 5,2% - 12x25cl","p":9.5,"pp":6.27,"u":"2,09 €/L","img":"https://fd6-photos.leclercdrive.fr/image.ashx?id=2971754&use=l&cat=p&typeid=i","cat":334873},{"id":259269,"n":"Nettoyant ménager sols Savon Marseille - 1L","p":3.88,"u":"3,88 €/L","img":"https://fd6-photos.leclercdrive.fr/image.ashx?id=2924749&use=l&cat=p&typeid=i","cat":284907},{"id":259270,"n":"Savon mou naturel Mousse de Lin - 1kg","p":4.32,"u":"4,32 €/KG","img":"https://fd6-photos.leclercdrive.fr/image.ashx?id=2893078&use=l&cat=p&typeid=i","cat":284907},{"id":259277,"n":"Bière blonde Stella Artois 5,2% - 20x25cl","p":15.49,"u":"3,10 €/L","img":"https://fd6-photos.leclercdrive.fr/image.ashx?id=2944377&use=l&cat=p&typeid=i","cat":334873},{"id":259282,"n":"Bière blonde 8.6 Original - 8.6% - 8x50cl","p":10.62,"u":"2,66 €/L","img":"https://fd6-photos.leclercdrive.fr/image.ashx?id=3001527&use=l&cat=p&typeid=i","cat":334853},{"id":259283,"n":"Bière Cherry 8.6 7.2% - 4x50cl","p":7.63,"u":"3,82 €/L","img":"https://fd6-photos.leclercdrive.fr/image.ashx?id=2905708&use=l&cat=p&typeid=i","cat":334853},{"id":259284,"n":"Piles Alcaline Varta Longlife Power AAA x6","p":3.6,"u":"3,60 €/PRT","img":"https://fd6-photos.leclercdrive.fr/image.ashx?id=2892949&use=l&cat=p&typeid=i","cat":300572},{"id":259289,"n":"Piles Alcaline Longlife Power C / LR14 x2","p":2.29,"img":"https://fd6-photos.leclercdrive.fr/image.ashx?id=2892955&use=l&cat=p&typeid=i","cat":300572},{"id":259290,"n":"Piles Alcalines Longlife Power D / LR20 x2","p":2.57,"img":"https://fd6-photos.leclercdrive.fr/image.ashx?id=2892958&use=l&cat=p&typeid=i","cat":300572},{"id":259302,"n":"Produit vaisselle recharge  Paic -900ml","p":4.4,"u":"4,89 €/L","img":"https://fd6-photos.leclercdrive.fr/image.ashx?id=2893156&use=l&cat=p&typeid=i","cat":284655},{"id":259310,"n":"Produit vaisselle easy  Paic -900ml","p":4.1,"u":"4,56 €/L","img":"https://fd6-photos.leclercdrive.fr/image.ashx?id=2983516&use=l&cat=p&typeid=i","cat":284655},{"id":259316,"n":"Rillette de porc truffe noire Lartigue et Fils - 180g","p":5.59,"u":"31,06 €/KG","img":"https://fd6-photos.leclercdrive.fr/image.ashx?id=2892895&use=l&cat=p&typeid=i","cat":316008},{"id":259322,"n":"Pain burger Jacquet Nature x6 - 330g","p":1.38,"u":"4,18 €/KG","img":"https://fd6-photos.leclercdrive.fr/image.ashx?id=2991885&use=l&cat=p&typeid=i","cat":325067},{"id":259323,"n":"Burger Jacquet brioché Ultra moelleux x4 - 250g","p":1.83,"u":"7,32 €/KG","img":"https://fd6-photos.leclercdrive.fr/image.ashx?id=3010984&use=l&cat=p&typeid=i","cat":325067},{"id":259330,"n":"Culottes Hypoallergéniques Love & Green Taille 4- x32","p":21.33,"u":"0,67 €/P","img":"https://fd6-photos.leclercdrive.fr/image.ashx?id=2892883&use=l&cat=p&typeid=i","cat":290633},{"id":259331,"n":"Culottes hypoallergéniques Love & Green Taille 5 -x29","p":19.78,"u":"0,68 €/P","img":"https://fd6-photos.leclercdrive.fr/image.ashx?id=2892886&use=l&cat=p&typeid=i","cat":290633},{"id":259336,"n":"Culottes hypoallergéniques  Love & Green Taille 6 -x26","p":19.27,"u":"0,74 €/P","img":"https://fd6-photos.leclercdrive.fr/image.ashx?id=2892889&use=l&cat=p&typeid=i","cat":290633},{"id":259632,"n":"Nectar Bio Pressade Pomme - 1.5L","p":2.09,"u":"1,39 €/L","img":"https://fd6-photos.leclercdrive.fr/image.ashx?id=2892586&use=l&cat=p&typeid=i","cat":284522},{"id":259754,"n":"Bière blonde Stella Artois 5,2% - 50cl canette","p":1.54,"u":"3,08 €/L","img":"https://fd6-photos.leclercdrive.fr/image.ashx?id=2893063&use=l&cat=p&typeid=i","cat":334853},{"id":259819,"n":"Piles Duracell Plus power boost AA - x4","p":5.99,"u":"1,50 €/P","img":"https://fd6-photos.leclercdrive.fr/image.ashx?id=2929122&use=l&cat=p&typeid=i","cat":300572},{"id":259820,"n":"Piles Duracell Plus power boost AAA - x4","p":5.99,"u":"1,50 €/P","img":"https://fd6-photos.leclercdrive.fr/image.ashx?id=2929128&use=l&cat=p&typeid=i","cat":300572},{"id":259846,"n":"Tacos poulet boeuf Karatok - 265g","p":4.89,"pp":3.91,"u":"14,75 €/KG","img":"https://fd6-photos.leclercdrive.fr/image.ashx?id=2944720&use=l&cat=p&typeid=i","cat":333658},{"id":259847,"n":"Tacos poulet chorizo Karatok - 265g","p":4.89,"pp":3.91,"u":"14,75 €/KG","img":"https://fd6-photos.leclercdrive.fr/image.ashx?id=2903182&use=l&cat=p&typeid=i","cat":333658},{"id":259849,"n":"Tacos montagnard Karatok - 265g","p":4.89,"pp":3.91,"u":"14,75 €/KG","img":"https://fd6-photos.leclercdrive.fr/image.ashx?id=2903188&use=l&cat=p&typeid=i","cat":333658},{"id":259851,"n":"Tacos boeuf burger Karatok - 265g","p":4.89,"pp":3.91,"u":"14,75 €/KG","img":"https://fd6-photos.leclercdrive.fr/image.ashx?id=2903191&use=l&cat=p&typeid=i","cat":333658},{"id":260045,"n":"Boisson énergisante Celsius Pêche framboise - 35,5cl","p":1.4,"u":"3,94 €/L","img":"https://fd6-photos.leclercdrive.fr/image.ashx?id=2922155&use=l&cat=p&typeid=i","cat":284533},{"id":260047,"n":"Boisson énergisante Celsius Multifruits - 35,5cl","p":1.4,"u":"3,94 €/L","img":"https://fd6-photos.leclercdrive.fr/image.ashx?id=2919006&use=l&cat=p&typeid=i","cat":284533},{"id":260048,"n":"Boisson énergisante Celsius Orange - 35,5cl","p":1.4,"u":"3,94 €/L","img":"https://fd6-photos.leclercdrive.fr/image.ashx?id=2922152&use=l&cat=p&typeid=i","cat":284533},{"id":260054,"n":"Boisson énergisante Celsius Fraise passion - 35,5cl","p":1.4,"u":"3,94 €/L","img":"https://fd6-photos.leclercdrive.fr/image.ashx?id=2922158&use=l&cat=p&typeid=i","cat":284533},{"id":260057,"n":"Shampooing & sérum Head &  Shoulders - Hydratant - x2","p":10.63,"img":"https://fd6-photos.leclercdrive.fr/image.ashx?id=2896819&use=l&cat=p&typeid=i","cat":284606},{"id":260201,"n":"Shampooing & après-shampooing Head & Shoulders Revitalise x1","p":10.72,"img":"https://fd6-photos.leclercdrive.fr/image.ashx?id=2912689&use=l&cat=p&typeid=i","cat":284606},{"id":260214,"n":"Cookies BN Pépites aux 2 chocolats - 150g","p":2.0,"u":"13,33 €/KG","img":"https://fd6-photos.leclercdrive.fr/image.ashx?id=2901704&use=l&cat=p&typeid=i","cat":325066},{"id":260276,"n":"Barre de céréales Nature Valley Crunchy avoine miel - 420g","p":4.47,"u":"10,64 €/KG","img":"https://fd6-photos.leclercdrive.fr/image.ashx?id=2894512&use=l&cat=p&typeid=i","cat":300032},{"id":260281,"n":"Bière blonde de caractère  Pélican 7.5% 12x25cl","p":11.39,"pp":7.52,"u":"2,51 €/L","img":"https://fd6-photos.leclercdrive.fr/image.ashx?id=2922600&use=l&cat=p&typeid=i","cat":334872},{"id":260328,"n":"Riz Taureau Ailé Basmati du Punjab - 500g","p":2.27,"u":"4,54 €/KG","img":"https://fd6-photos.leclercdrive.fr/image.ashx?id=2893756&use=l&cat=p&typeid=i","cat":284428},{"id":260673,"n":"Sauce La Gustosa  Cirio - La boîte 500g","p":1.47,"u":"2,94 €/KG","img":"https://fd6-photos.leclercdrive.fr/image.ashx?id=2945805&use=l&cat=p&typeid=i","cat":288384},{"id":260727,"n":"Culottes fuites urinaires Noir  Always discreet Taille M x10","p":12.56,"u":"1,26 €/P","img":"https://fd6-photos.leclercdrive.fr/image.ashx?id=2902427&use=l&cat=p&typeid=i","cat":284628},{"id":260730,"n":"Culottes fuites urinaires  Always discreet Taille M x 11","p":12.56,"u":"1,14 €/P","img":"https://fd6-photos.leclercdrive.fr/image.ashx?id=2902424&use=l&cat=p&typeid=i","cat":284628},{"id":260732,"n":"Oral-B brossettes 3D White   4 + 4 offertes","p":46.49,"u":"5,81 €/P","img":"https://fd6-photos.leclercdrive.fr/image.ashx?id=2905096&use=l&cat=p&typeid=i","cat":297133},{"id":260733,"n":"Oral-B brossettes Sensitive  4+4 offertes","p":46.49,"u":"5,81 €/P","img":"https://fd6-photos.leclercdrive.fr/image.ashx?id=2905099&use=l&cat=p&typeid=i","cat":297133},{"id":260735,"n":"Oral-B brossettes Cross Action 4+4 offertes","p":46.49,"u":"5,81 €/P","img":"https://fd6-photos.leclercdrive.fr/image.ashx?id=2905093&use=l&cat=p&typeid=i","cat":297133},{"id":261040,"n":"Jambon végétal Happyvore 4 tranches - 120g","p":2.99,"u":"24,92 €/KG","img":"https://fd6-photos.leclercdrive.fr/image.ashx?id=2906637&use=l&cat=p&typeid=i","cat":316036},{"id":261067,"n":"Spray savon de Marseille Maison net - 750ml","p":4.1,"u":"5,47 €/L","img":"https://fd6-photos.leclercdrive.fr/image.ashx?id=2896375&use=l&cat=p&typeid=i","cat":325357},{"id":261222,"n":"Saucisson Saint Agaûne 200g","p":3.56,"u":"17,80 €/KG","img":"https://fd6-photos.leclercdrive.fr/image.ashx?id=2977432&use=l&cat=p&typeid=i","cat":316006},{"id":261223,"n":"Saucisson sec Saint Agaûne La fine - 200g","p":4.52,"u":"22,60 €/KG","img":"https://fd6-photos.leclercdrive.fr/image.ashx?id=2960939&use=l&cat=p&typeid=i","cat":316006},{"id":261234,"n":"AOP Sable de camargue bio  Vin rosé - 3L","p":14.49,"u":"483,00 €/L","img":"https://fd6-photos.leclercdrive.fr/image.ashx?id=2898104&use=l&cat=p&typeid=i","cat":289556},{"id":261292,"n":"Chewing-gum Hollywood  Menthe Verte sans sucres - 70g","p":2.2,"u":"31,43 €/KG","img":"https://fd6-photos.leclercdrive.fr/image.ashx?id=2987053&use=l&cat=p&typeid=i","cat":304251},{"id":261298,"n":"Chewing-gum Hollywood Menthe  Fraîche sans sucres - 70g","p":2.41,"u":"34,43 €/KG","img":"https://fd6-photos.leclercdrive.fr/image.ashx?id=2987050&use=l&cat=p&typeid=i","cat":304251},{"id":261305,"n":"Chewing-gum Hollywood 2Fresh  Menthe Forte sans sucres 66g","p":1.68,"u":"25,45 €/KG","img":"https://fd6-photos.leclercdrive.fr/image.ashx?id=3011962&use=l&cat=p&typeid=i","cat":304251},{"id":261307,"n":"Chewing-gum Hollywood 2Fresh  Menthe Verte sans sucres -  66g","p":1.57,"u":"23,79 €/KG","img":"https://fd6-photos.leclercdrive.fr/image.ashx?id=3011959&use=l&cat=p&typeid=i","cat":304251},{"id":261425,"n":"Cidou Amour de fruits nectar Ananas Goyave -1L","p":1.85,"u":"1,85 €/L","img":"https://fd6-photos.leclercdrive.fr/image.ashx?id=2897252&use=l&cat=p&typeid=i","cat":284916},{"id":261498,"n":"Chewing-gum Hollywood Blancheur  Xylitol sans sucres - 67,5g","p":2.65,"u":"38,97 €/KG","img":"https://fd6-photos.leclercdrive.fr/image.ashx?id=2994602&use=l&cat=p&typeid=i","cat":304251},{"id":261502,"n":"Bonbons Tic Tac  Chlorophylle - x100 - 49g","p":2.01,"u":"41,02 €/KG","img":"https://fd6-photos.leclercdrive.fr/image.ashx?id=2903791&use=l&cat=p&typeid=i","cat":304256},{"id":261510,"n":"Sel fin Le Guerandais Au herbes 250g","p":3.36,"u":"13,44 €/KG","img":"https://fd6-photos.leclercdrive.fr/image.ashx?id=2903344&use=l&cat=p&typeid=i","cat":284457},{"id":261517,"n":"Chewing-gum Hollywood  Menthe Fraîche sans sucres 87g","p":3.42,"u":"39,31 €/KG","img":"https://fd6-photos.leclercdrive.fr/image.ashx?id=2968595&use=l&cat=p&typeid=i","cat":304251},{"id":261519,"n":"Chewing-gum Hollywood Cherry 5x14g -70g","p":2.94,"u":"42,00 €/KG","img":"https://fd6-photos.leclercdrive.fr/image.ashx?id=2985696&use=l&cat=p&typeid=i","cat":304251},{"id":261520,"n":"Bonbons La Vosgienne  Sève de Pin - 125g","p":1.62,"u":"12,96 €/KG","img":"https://fd6-photos.leclercdrive.fr/image.ashx?id=2901235&use=l&cat=p&typeid=i","cat":304256},{"id":261522,"n":"Chewing-gum Hollywood Style  Menthe Verte sans sucres - 92g","p":2.35,"u":"25,54 €/KG","img":"https://fd6-photos.leclercdrive.fr/image.ashx?id=2968010&use=l&cat=p&typeid=i","cat":304251},{"id":261523,"n":"Chewing-gum Hollywood Fraise - Citron vert sans sucres 66g","p":1.68,"u":"25,45 €/KG","img":"https://fd6-photos.leclercdrive.fr/image.ashx?id=3011965&use=l&cat=p&typeid=i","cat":304251},{"id":261525,"n":"Sauté de lapin William Saurin 300g","p":3.23,"u":"10,77 €/KG","img":"https://fd6-photos.leclercdrive.fr/image.ashx?id=2905375&use=l&cat=p&typeid=i","cat":284953},{"id":261526,"n":"Chewing-gum Hollywood  Menthe Forte sans sucres 70g","p":2.41,"u":"34,43 €/KG","img":"https://fd6-photos.leclercdrive.fr/image.ashx?id=3001533&use=l&cat=p&typeid=i","cat":304251},{"id":261527,"n":"Chewing-gum Hollywood Menthe  verte Chlorophylle - 155g","p":2.61,"u":"16,84 €/KG","img":"https://fd6-photos.leclercdrive.fr/image.ashx?id=2910940&use=l&cat=p&typeid=i","cat":304251},{"id":261528,"n":"Nectar Bio Pressade Orange Bio - 6x20cl","p":2.96,"u":"2,47 €/L","img":"https://fd6-photos.leclercdrive.fr/image.ashx?id=2902705&use=l&cat=p&typeid=i","cat":284521},{"id":261529,"n":"Basilic Panier du Primeur 20g","p":1.49,"u":"74,50 €/KG","img":"https://fd6-photos.leclercdrive.fr/image.ashx?id=2897874&use=l&cat=p&typeid=i","cat":293607},{"id":261533,"n":"Coriandre Panier du Primeur  20g","p":1.49,"u":"74,50 €/KG","img":"https://fd6-photos.leclercdrive.fr/image.ashx?id=2899830&use=l&cat=p&typeid=i","cat":293607},{"id":261535,"n":"Menthe Panier du Primeur 20g","p":1.49,"u":"74,50 €/KG","img":"https://fd6-photos.leclercdrive.fr/image.ashx?id=2899833&use=l&cat=p&typeid=i","cat":293607},{"id":261594,"n":"Wraps XL Mission au blé nature  x6 - 540g","p":3.44,"u":"6,37 €/KG","img":"https://fd6-photos.leclercdrive.fr/image.ashx?id=2901157&use=l&cat=p&typeid=i","cat":288993},{"id":261612,"n":"Pancakes Pasquier Vanille - x8  280g","p":2.22,"u":"7,93 €/KG","img":"https://fd6-photos.leclercdrive.fr/image.ashx?id=2900452&use=l&cat=p&typeid=i","cat":284495},{"id":261613,"n":"Chill Berry framboises enrobées de chocolat blanc - 150g","p":5.42,"u":"36,13 €/KG","img":"https://fd6-photos.leclercdrive.fr/image.ashx?id=2903752&use=l&cat=p&typeid=i","cat":284266},{"id":261974,"n":"Coca-Cola Cherry 18+2 offertes - 20x33cl","p":12.89,"u":"1,95 €/L","img":"https://fd6-photos.leclercdrive.fr/image.ashx?id=2903716&use=l&cat=p&typeid=i","cat":284530},{"id":262507,"n":"Mayonnaise Altesse 420ml","p":2.78,"u":"6,62 €/L","img":"https://fd6-photos.leclercdrive.fr/image.ashx?id=2902307&use=l&cat=p&typeid=i","cat":298295},{"id":262508,"n":"Sauce American Delight Altesse - 420ml","p":3.26,"u":"7,76 €/L","img":"https://fd6-photos.leclercdrive.fr/image.ashx?id=2920283&use=l&cat=p&typeid=i","cat":318431},{"id":262517,"n":"Cristaux de soude concentrés Bicarbonate & Cie - 2kg","p":12.58,"u":"6,29 €/KG","img":"https://fd6-photos.leclercdrive.fr/image.ashx?id=2902229&use=l&cat=p&typeid=i","cat":325365},{"id":262524,"n":"Liégois vanille La Fermière - 2x120g","p":2.43,"u":"10,13 €/KG","img":"https://fd6-photos.leclercdrive.fr/image.ashx?id=2901995&use=l&cat=p&typeid=i","cat":285042},{"id":262544,"n":"Sirop Teisseire Défense Citron vert Gingembre - 60cl","p":3.55,"u":"5,92 €/L","img":"https://fd6-photos.leclercdrive.fr/image.ashx?id=2901767&use=l&cat=p&typeid=i","cat":295020},{"id":262545,"n":"Sirop Teisseire Tonus Fraise Kiwi - 60cl","p":3.55,"u":"5,92 €/L","img":"https://fd6-photos.leclercdrive.fr/image.ashx?id=2901758&use=l&cat=p&typeid=i","cat":295020},{"id":262546,"n":"Sirop Teisseire Relax Pêche Goyave - 60cl","p":3.55,"u":"5,92 €/L","img":"https://fd6-photos.leclercdrive.fr/image.ashx?id=2901764&use=l&cat=p&typeid=i","cat":295020},{"id":262547,"n":"Sirop Teisseire Boost Ananas Mangue - 60cl","p":3.55,"u":"5,92 €/L","img":"https://fd6-photos.leclercdrive.fr/image.ashx?id=2901761&use=l&cat=p&typeid=i","cat":295020},{"id":262867,"n":"Baume lèvres hydratant Labello x2","p":3.06,"u":"306,00 €/KG","img":"https://fd6-photos.leclercdrive.fr/image.ashx?id=2901581&use=l&cat=p&typeid=i","cat":285485},{"id":262868,"n":"Baume lèvre hydratant Labello","p":2.03,"u":"406,00 €/KG","img":"https://fd6-photos.leclercdrive.fr/image.ashx?id=2984676&use=l&cat=p&typeid=i","cat":285485},{"id":262876,"n":"Mini fingers Cadburry 96.5g","p":0.97,"u":"10,10 €/KG","img":"https://fd6-photos.leclercdrive.fr/image.ashx?id=2902831&use=l&cat=p&typeid=i","cat":284488},{"id":263009,"n":"Bières Softiz Framboise Sans alcool  6x27,5cl","p":3.19,"u":"1,93 €/L","img":"https://fd6-photos.leclercdrive.fr/image.ashx?id=2899935&use=l&cat=p&typeid=i","cat":334877},{"id":263107,"n":"Ben & Jerry's Glace en pot Sundae Marshmallow/ Smore 427ml","p":5.6,"u":"13,11 €/L","img":"https://fd6-photos.leclercdrive.fr/image.ashx?id=3009314&use=l&cat=p&typeid=i","cat":284725},{"id":263112,"n":"Ben & Jerry's Glace pot Vegan Chocolate Fudge Brownie 465ml","p":5.59,"u":"12,02 €/L","img":"https://fd6-photos.leclercdrive.fr/image.ashx?id=2901172&use=l&cat=p&typeid=i","cat":284725},{"id":263132,"n":"Glace Bonbon Dessert Magnum Gold Caramel Billionaire 168g","p":4.35,"u":"25,89 €/KG","img":"https://fd6-photos.leclercdrive.fr/image.ashx?id=3009320&use=l&cat=p&typeid=i","cat":284266},{"id":263133,"n":"Magnum Glace Bonbon Dessert Caramel Salé & Amande x12","p":5.03,"u":"27,19 €/KG","img":"https://fd6-photos.leclercdrive.fr/image.ashx?id=2901178&use=l&cat=p&typeid=i","cat":284266},{"id":263136,"n":"Magnum Glace Bâtonnet Vegan Amande 3x90ml","p":3.39,"u":"12,56 €/L","img":"https://fd6-photos.leclercdrive.fr/image.ashx?id=2901199&use=l&cat=p&typeid=i","cat":284265},{"id":263282,"n":"Désinfectant linge Textil 1,5L","p":1.99,"u":"1,33 €/L","img":"https://fd6-photos.leclercdrive.fr/image.ashx?id=2958768&use=l&cat=p&typeid=i","cat":290451},{"id":263287,"n":"IGP Méditerranée Blanc Studio by Miraval - 75cl","p":8.66,"u":"11,55 €/L","img":"https://fd6-photos.leclercdrive.fr/image.ashx?id=2990541&use=l&cat=p&typeid=i","cat":289557},{"id":263328,"n":"Bonbons Lutti Bubblizz Piquants - 300g","p":1.77,"u":"5,90 €/KG","img":"https://fd6-photos.leclercdrive.fr/image.ashx?id=2900983&use=l&cat=p&typeid=i","cat":304250},{"id":263629,"n":"Ciboulette Panier du Primeur 20g","p":1.49,"u":"74,50 €/KG","img":"https://fd6-photos.leclercdrive.fr/image.ashx?id=2897880&use=l&cat=p&typeid=i","cat":293607},{"id":263635,"n":"Persil Plat Panier du Primeur 20g","p":1.49,"u":"74,50 €/KG","img":"https://fd6-photos.leclercdrive.fr/image.ashx?id=2899836&use=l&cat=p&typeid=i","cat":293607},{"id":263698,"n":"Bière Softiz  Agrumes 6x27,5cl","p":3.33,"u":"2,02 €/L","img":"https://fd6-photos.leclercdrive.fr/image.ashx?id=2902529&use=l&cat=p&typeid=i","cat":334877},{"id":263705,"n":"Glace cône Extrême Vanille/ chocolat - 6x71g","p":3.71,"u":"8,71 €/KG","img":"https://fd6-photos.leclercdrive.fr/image.ashx?id=2904188&use=l&cat=p&typeid=i","cat":284264},{"id":263712,"n":"Truite fumée Landvika 6 tranches 140g","p":4.99,"u":"35,64 €/KG","img":"https://fd6-photos.leclercdrive.fr/image.ashx?id=2904206&use=l&cat=p&typeid=i","cat":285188},{"id":263738,"n":"Culottes Tena Silouette Plus  Taille haute - x9","p":6.94,"u":"0,77 €/P","img":"https://fd6-photos.leclercdrive.fr/image.ashx?id=3011884&use=l&cat=p&typeid=i","cat":284628},{"id":263742,"n":"Culottes Tena Taille M - x9","p":8.3,"u":"0,92 €/P","img":"https://fd6-photos.leclercdrive.fr/image.ashx?id=2904452&use=l&cat=p&typeid=i","cat":284628},{"id":263743,"n":"Culottes Tena  Taille L x 8","p":8.28,"u":"1,04 €/P","img":"https://fd6-photos.leclercdrive.fr/image.ashx?id=2904455&use=l&cat=p&typeid=i","cat":284628},{"id":263746,"n":"Culottes Tena  Taille XL - x12","p":15.94,"u":"1,33 €/P","img":"https://fd6-photos.leclercdrive.fr/image.ashx?id=2904458&use=l&cat=p&typeid=i","cat":284628},{"id":263869,"n":"Riz pour risotto Taureau Ailé 500g","p":1.81,"u":"3,62 €/KG","img":"https://fd6-photos.leclercdrive.fr/image.ashx?id=2904389&use=l&cat=p&typeid=i","cat":284428},{"id":263915,"n":"Nouilles instantanées Daisuki Légumes Wafuu - 60g","p":1.47,"u":"24,50 €/KG","img":"https://fd6-photos.leclercdrive.fr/image.ashx?id=2904643&use=l&cat=p&typeid=i","cat":288992},{"id":263919,"n":"Nouilles instantanées Daisuki Légumes Curry - 93g","p":2.19,"u":"23,55 €/KG","img":"https://fd6-photos.leclercdrive.fr/image.ashx?id=2904652&use=l&cat=p&typeid=i","cat":288992},{"id":263921,"n":"Nouilles instantanées Daisuki Sauce soja - 93g","p":2.21,"u":"23,76 €/KG","img":"https://fd6-photos.leclercdrive.fr/image.ashx?id=2904649&use=l&cat=p&typeid=i","cat":288992},{"id":264023,"n":"Bière Cornet Oaked blonde Boite 50cl","p":1.99,"u":"3,98 €/L","img":"https://fd6-photos.leclercdrive.fr/image.ashx?id=2905627&use=l&cat=p&typeid=i","cat":334853},{"id":264046,"n":"Boisson à base de rhum  Captain Morgan Tiki - 70cl","p":13.97,"u":"19,96 €/L","img":"https://fd6-photos.leclercdrive.fr/image.ashx?id=2913445&use=l&cat=p&typeid=i","cat":284550},{"id":264060,"n":"Popcorn Werther's Original  Caramel 140g","p":2.84,"u":"20,29 €/KG","img":"https://fd6-photos.leclercdrive.fr/image.ashx?id=2906736&use=l&cat=p&typeid=i","cat":304249},{"id":264347,"n":"1/4 Thon entier au naturel Un Pêcheur sachant Pecher 140g","p":2.26,"u":"16,14 €/KG","img":"https://fd6-photos.leclercdrive.fr/image.ashx?id=2906298&use=l&cat=p&typeid=i","cat":303867},{"id":264361,"n":"Boxer protection Homme Tena Noir Réutilisable - Taille XL","p":23.5,"img":"https://fd6-photos.leclercdrive.fr/image.ashx?id=2906823&use=l&cat=p&typeid=i","cat":291514},{"id":264362,"n":"Compote Coeur de fruits Andros Pomme poire 4x100g","p":1.64,"u":"4,10 €/KG","img":"https://fd6-photos.leclercdrive.fr/image.ashx?id=2906487&use=l&cat=p&typeid=i","cat":284416},{"id":264373,"n":"P'tit Savane Tornado Brossard Roulés à la fraise - x7 - 175g","p":2.38,"u":"13,60 €/KG","img":"https://fd6-photos.leclercdrive.fr/image.ashx?id=2966089&use=l&cat=p&typeid=i","cat":284495},{"id":264376,"n":"Compote Coeur de fruits Pomme mangue 4x100g","p":1.64,"u":"4,10 €/KG","img":"https://fd6-photos.leclercdrive.fr/image.ashx?id=2907641&use=l&cat=p&typeid=i","cat":284416},{"id":264377,"n":"Compote Coeur de fruits Andros Pomme fraise 4x100g","p":1.85,"u":"4,63 €/KG","img":"https://fd6-photos.leclercdrive.fr/image.ashx?id=2907355&use=l&cat=p&typeid=i","cat":284416},{"id":264378,"n":"Compote Coeur de fruits Andros Pomme pruneau 4x100g","p":1.94,"u":"4,85 €/KG","img":"https://fd6-photos.leclercdrive.fr/image.ashx?id=2907358&use=l&cat=p&typeid=i","cat":284416},{"id":264379,"n":"Compote coeur de fruits Andros Pomme cerise morceaux 4x97g","p":2.49,"u":"6,42 €/KG","img":"https://fd6-photos.leclercdrive.fr/image.ashx?id=2907349&use=l&cat=p&typeid=i","cat":284416},{"id":264381,"n":"Compote Coeur de fruits Andros Ananas pomme passion 4x97g","p":2.45,"u":"6,31 €/KG","img":"https://fd6-photos.leclercdrive.fr/image.ashx?id=2910180&use=l&cat=p&typeid=i","cat":284416},{"id":264392,"n":"Savane Brossard coeur choco Max de sensation - x6 - 180g","p":2.48,"u":"13,78 €/KG","img":"https://fd6-photos.leclercdrive.fr/image.ashx?id=2906502&use=l&cat=p&typeid=i","cat":284495},{"id":264397,"n":"Tartines P'tit dej Jacquet aux graines - x14 - 410g","p":1.88,"u":"4,59 €/KG","img":"https://fd6-photos.leclercdrive.fr/image.ashx?id=2906061&use=l&cat=p&typeid=i","cat":284477},{"id":264418,"n":"Biscuits BN Del'ice Cookie Dough - 175g","p":2.02,"u":"11,54 €/KG","img":"https://fd6-photos.leclercdrive.fr/image.ashx?id=2907887&use=l&cat=p&typeid=i","cat":325066},{"id":264692,"n":"Croque-Monsieur Maxi Herta jambon fromage x2 - 310g","p":2.49,"u":"8,03 €/KG","img":"https://fd6-photos.leclercdrive.fr/image.ashx?id=2907941&use=l&cat=p&typeid=i","cat":333671},{"id":264694,"n":"Cheetos crispy Balls  90g","p":1.06,"u":"11,78 €/KG","img":"https://fd6-photos.leclercdrive.fr/image.ashx?id=2907962&use=l&cat=p&typeid=i","cat":284449},{"id":264696,"n":"Cheetos crunchy Fromage - 90g","p":1.28,"u":"14,22 €/KG","img":"https://fd6-photos.leclercdrive.fr/image.ashx?id=2907965&use=l&cat=p&typeid=i","cat":284449},{"id":264700,"n":"Cheetos crunchy Sweet Chili - 90g","p":1.29,"u":"14,33 €/KG","img":"https://fd6-photos.leclercdrive.fr/image.ashx?id=2907968&use=l&cat=p&typeid=i","cat":284449},{"id":264707,"n":"Cheetos original  135g","p":1.79,"u":"13,26 €/KG","img":"https://fd6-photos.leclercdrive.fr/image.ashx?id=2907956&use=l&cat=p&typeid=i","cat":284449},{"id":264708,"n":"Cheetos original  Fromage - 80g","p":1.22,"u":"15,25 €/KG","img":"https://fd6-photos.leclercdrive.fr/image.ashx?id=2907959&use=l&cat=p&typeid=i","cat":284449},{"id":264756,"n":"Déodorant Homme L'Oréal bille Invincible Sport - 50ml","p":2.55,"u":"51,00 €/L","img":"https://fd6-photos.leclercdrive.fr/image.ashx?id=2907638&use=l&cat=p&typeid=i","cat":284618},{"id":264776,"n":"Décor pour gateaux Vahiné Licorne - x1","p":1.66,"img":"https://fd6-photos.leclercdrive.fr/image.ashx?id=2907294&use=l&cat=p&typeid=i","cat":284504},{"id":264779,"n":"Coupelles Douceur du Verger 8x100g","p":2.09,"u":"2,61 €/KG","img":"https://fd6-photos.leclercdrive.fr/image.ashx?id=2958350&use=l&cat=p&typeid=i","cat":284508},{"id":264791,"n":"Biscuit au Pop corn P'tit Déli Fourrés chocolat au lait - 150g","p":1.89,"u":"12,60 €/KG","img":"https://fd6-photos.leclercdrive.fr/image.ashx?id=2907303&use=l&cat=p&typeid=i","cat":284488},{"id":264903,"n":"La Panée soja Garden Gourmet 207g","p":2.67,"u":"12,90 €/KG","img":"https://fd6-photos.leclercdrive.fr/image.ashx?id=2980155&use=l&cat=p&typeid=i","cat":316036},{"id":264960,"n":"Box XXL Radiatori Côté Snack Boeuf poivre 400g","p":2.99,"u":"7,48 €/KG","img":"https://fd6-photos.leclercdrive.fr/image.ashx?id=2907494&use=l&cat=p&typeid=i","cat":334983},{"id":264963,"n":"Box XXL Radiatori Côté Snack Saumon 400g","p":2.99,"u":"7,48 €/KG","img":"https://fd6-photos.leclercdrive.fr/image.ashx?id=2907497&use=l&cat=p&typeid=i","cat":334983},{"id":265099,"n":"Jambon supérieur avec couenne  L'Atelier Charcuterie 4T - 220g","p":3.19,"u":"14,50 €/KG","img":"https://fd6-photos.leclercdrive.fr/image.ashx?id=2999048&use=l&cat=p&typeid=i","cat":316009},{"id":265152,"n":"Fromage apéritif Apéricube Soirée match 48 cubes 250g","p":4.17,"u":"16,68 €/KG","img":"https://fd6-photos.leclercdrive.fr/image.ashx?id=2908915&use=l&cat=p&typeid=i","cat":314027},{"id":265154,"n":"Fromage apéritif Apéricube Challenge 48 cubes 250g","p":4.18,"u":"16,72 €/KG","img":"https://fd6-photos.leclercdrive.fr/image.ashx?id=2908918&use=l&cat=p&typeid=i","cat":314027},{"id":265156,"n":"Fromage apéritif Apéricube Montagne 48 cubes 250g","p":4.17,"u":"16,68 €/KG","img":"https://fd6-photos.leclercdrive.fr/image.ashx?id=2908924&use=l&cat=p&typeid=i","cat":314027},{"id":265346,"n":"Cornichons Kühne Petits  croquants Aigres-doux - 190g","p":2.3,"u":"12,11 €/KG","img":"https://fd6-photos.leclercdrive.fr/image.ashx?id=2911930&use=l&cat=p&typeid=i","cat":284458},{"id":265430,"n":"Déodorant bille L'Arbre vert Bois de cèdre - 2x50ml","p":6.68,"u":"66,80 €/L","img":"https://fd6-photos.leclercdrive.fr/image.ashx?id=2910151&use=l&cat=p&typeid=i","cat":284595},{"id":265432,"n":"Déodorant homme bille L'Arbre Vert - Fraîcheur intense 2x50ml","p":6.68,"u":"66,80 €/L","img":"https://fd6-photos.leclercdrive.fr/image.ashx?id=2910148&use=l&cat=p&typeid=i","cat":284618},{"id":265443,"n":"Martini Bianco 14.5° - 1L","p":9.26,"u":"9,26 €/L","img":"https://fd6-photos.leclercdrive.fr/image.ashx?id=2941952&use=l&cat=p&typeid=i","cat":284913},{"id":265446,"n":"Martini Fiero 14.5° - 1L","p":10.3,"u":"10,30 €/L","img":"https://fd6-photos.leclercdrive.fr/image.ashx?id=2911573&use=l&cat=p&typeid=i","cat":284913},{"id":265449,"n":"Martini rosato 14.5° - 1L","p":9.26,"u":"9,26 €/L","img":"https://fd6-photos.leclercdrive.fr/image.ashx?id=2941946&use=l&cat=p&typeid=i","cat":284913},{"id":265507,"n":"Kit plumeau Swiffer Anti-poussière +4 recharges","p":5.27,"img":"https://fd6-photos.leclercdrive.fr/image.ashx?id=2917106&use=l&cat=p&typeid=i","cat":325364},{"id":265508,"n":"Kit démarrage plumeau Swiffer 1 manche + 4 recharges","p":4.54,"img":"https://fd6-photos.leclercdrive.fr/image.ashx?id=3011938&use=l&cat=p&typeid=i","cat":325364},{"id":265511,"n":"Recharges plumeaux Swiffer Fraîcheur - x5","p":5.27,"img":"https://fd6-photos.leclercdrive.fr/image.ashx?id=2974161&use=l&cat=p&typeid=i","cat":325364},{"id":265512,"n":"Recharges plumeaux Swiffer x9","p":6.09,"img":"https://fd6-photos.leclercdrive.fr/image.ashx?id=2912704&use=l&cat=p&typeid=i","cat":325364},{"id":265513,"n":"Liquide adoucissant Lenor Fleur de jasmin 882ml","p":5.01,"u":"5,68 €/L","img":"https://fd6-photos.leclercdrive.fr/image.ashx?id=2917103&use=l&cat=p&typeid=i","cat":284650},{"id":265514,"n":"Adoucissant Lenor collection Jasmin et rose de mai 1.155L","p":4.53,"u":"3,92 €/L","img":"https://fd6-photos.leclercdrive.fr/image.ashx?id=2912701&use=l&cat=p&typeid=i","cat":284650},{"id":265515,"n":"Adoucissant liquide Lenor Peaux sensibles - 882ml x42","p":5.34,"u":"6,05 €/L","img":"https://fd6-photos.leclercdrive.fr/image.ashx?id=2917100&use=l&cat=p&typeid=i","cat":284650},{"id":265517,"n":"Lingettes humides balai Swiffer Attrape-poussière Citron x10","p":5.72,"img":"https://fd6-photos.leclercdrive.fr/image.ashx?id=2912698&use=l&cat=p&typeid=i","cat":325364},{"id":265519,"n":"Adoucissant Lenor Fresh Air Jardins en fleurs - 504ml x36","p":4.53,"u":"8,99 €/L","img":"https://fd6-photos.leclercdrive.fr/image.ashx?id=2912686&use=l&cat=p&typeid=i","cat":284650},{"id":265521,"n":"Parfum de linge Lenor Fraîcheur florale - 235g - x19","p":6.43,"u":"27,36 €/KG","img":"https://fd6-photos.leclercdrive.fr/image.ashx?id=2912692&use=l&cat=p&typeid=i","cat":325302},{"id":265545,"n":"Multipack Dragibus - Haribo Summer Pinata Party - 800g","p":6.35,"u":"7,94 €/KG","img":"https://fd6-photos.leclercdrive.fr/image.ashx?id=2911927&use=l&cat=p&typeid=i","cat":304250},{"id":265764,"n":"Multipack Tagada - Haribo Summer Pinata Party - 660g","p":6.31,"u":"9,56 €/KG","img":"https://fd6-photos.leclercdrive.fr/image.ashx?id=2999856&use=l&cat=p&typeid=i","cat":304250},{"id":265779,"n":"Bière cherry 8.6 6x33cl","p":7.66,"u":"3,87 €/L","img":"https://fd6-photos.leclercdrive.fr/image.ashx?id=2916623&use=l&cat=p&typeid=i","cat":334853},{"id":265799,"n":"Désodorisant Febreze Linge frais - x3 recharges","p":7.88,"u":"394,00 €/L","img":"https://fd6-photos.leclercdrive.fr/image.ashx?id=2912680&use=l&cat=p&typeid=i","cat":311629},{"id":265811,"n":"Capsules lave-vaisselle Finish Quantum x60 - 624g","p":10.57,"u":"16,94 €/KG","img":"https://fd6-photos.leclercdrive.fr/image.ashx?id=2911453&use=l&cat=p&typeid=i","cat":284656},{"id":265813,"n":"Capsules lave-vaisselle Finish Ultimate x55 - 710g","p":8.44,"u":"11,89 €/KG","img":"https://fd6-photos.leclercdrive.fr/image.ashx?id=2911456&use=l&cat=p&typeid=i","cat":284656},{"id":265816,"n":"Dentifrice Parodontax Renforce & protège Blancheur - 75ml","p":6.2,"u":"82,67 €/MT","img":"https://fd6-photos.leclercdrive.fr/image.ashx?id=2911558&use=l&cat=p&typeid=i","cat":284612},{"id":265817,"n":"Capsules lave-vaisselle Finish Ultimate x45 - 549g","p":10.57,"u":"19,25 €/KG","img":"https://fd6-photos.leclercdrive.fr/image.ashx?id=2911459&use=l&cat=p&typeid=i","cat":284656},{"id":265823,"n":"Capsules lave-vaisselle Finish Ultimate Plus citron x45 - 549g","p":8.78,"u":"15,99 €/KG","img":"https://fd6-photos.leclercdrive.fr/image.ashx?id=2911465&use=l&cat=p&typeid=i","cat":284656},{"id":265828,"n":"Bain de bouche Parodontax Renforce & protège Menthe 500ml","p":5.58,"u":"11,16 €/L","img":"https://fd6-photos.leclercdrive.fr/image.ashx?id=2911561&use=l&cat=p&typeid=i","cat":284613},{"id":265832,"n":"Rasoir Hydro 5 - Wilkinson Face Groomer","p":25.41,"u":"Dont 0,07 € d'éco-part.","img":"https://fd6-photos.leclercdrive.fr/image.ashx?id=2963853&use=l&cat=p&typeid=i","cat":284616},{"id":265846,"n":"Détachant en poudre Ariel 500g","p":6.81,"u":"13,62 €/KG","img":"https://fd6-photos.leclercdrive.fr/image.ashx?id=2922233&use=l&cat=p&typeid=i","cat":284651},{"id":265860,"n":"Café soluble Maxwell House  200g","p":5.07,"u":"25,35 €/KG","img":"https://fd6-photos.leclercdrive.fr/image.ashx?id=2911591&use=l&cat=p&typeid=i","cat":284843},{"id":265886,"n":"Bière blonde 5 Lager Speciale 5% 6x25cl","p":3.42,"u":"2,28 €/L","img":"https://fd6-photos.leclercdrive.fr/image.ashx?id=2910768&use=l&cat=p&typeid=i","cat":334873},{"id":265890,"n":"Vodka Poliakov cherry 70cl 32°","p":12.34,"u":"17,63 €/L","img":"https://fd6-photos.leclercdrive.fr/image.ashx?id=3002048&use=l&cat=p&typeid=i","cat":284550},{"id":265894,"n":"Boisson Powerade Ice Storm 1L","p":2.15,"u":"2,15 €/L","img":"https://fd6-photos.leclercdrive.fr/image.ashx?id=2914132&use=l&cat=p&typeid=i","cat":284533},{"id":265913,"n":"Lessive en capsule Dash 2 en 1 Fraîcheur de coton - 696g","p":14.84,"u":"21,32 €/KG","img":"https://fd6-photos.leclercdrive.fr/image.ashx?id=2914873&use=l&cat=p&typeid=i","cat":284641},{"id":265920,"n":"Tablette lave-vaisselle Fairy  Platinium Anti-terne - 388g","p":10.18,"u":"26,24 €/KG","img":"https://fd6-photos.leclercdrive.fr/image.ashx?id=2914879&use=l&cat=p&typeid=i","cat":284656},{"id":265937,"n":"Lessive liquide Skip Couleur Protect 2x37 - 2.960L","p":19.15,"u":"6,47 €/L","img":"https://fd6-photos.leclercdrive.fr/image.ashx?id=2914249&use=l&cat=p&typeid=i","cat":284640},{"id":265941,"n":"Dentifrice Sensodyne Soin gencives 3x75ml","p":9.83,"pp":5.9,"u":"26,22 €/L","img":"https://fd6-photos.leclercdrive.fr/image.ashx?id=3009020&use=l&cat=p&typeid=i","cat":284612},{"id":265947,"n":"Dentifrice Sensodyne  Soin complet 3x75ml","p":9.83,"pp":5.9,"u":"26,22 €/L","img":"https://fd6-photos.leclercdrive.fr/image.ashx?id=3009023&use=l&cat=p&typeid=i","cat":284612},{"id":265949,"n":"Dentifrice Sensodyne Soin blancheur 3x75ml","p":12.23,"u":"54,36 €/L","img":"https://fd6-photos.leclercdrive.fr/image.ashx?id=2915588&use=l&cat=p&typeid=i","cat":284612},{"id":265950,"n":"Dentifrice Sensodyne Soin blancheur 3x75ml","p":9.83,"pp":5.9,"u":"26,22 €/L","img":"https://fd6-photos.leclercdrive.fr/image.ashx?id=3009026&use=l&cat=p&typeid=i","cat":284612},{"id":266078,"n":"Lessive liquide Persil Douceur d'amande - 2.565L x61","p":10.59,"u":"4,13 €/L","img":"https://fd6-photos.leclercdrive.fr/image.ashx?id=2944497&use=l&cat=p&typeid=i","cat":284640},{"id":266093,"n":"Adoucissant Lenor Envolée d'air - x55 - 1.155L","p":4.53,"u":"3,92 €/L","img":"https://fd6-photos.leclercdrive.fr/image.ashx?id=2914171&use=l&cat=p&typeid=i","cat":284650},{"id":266096,"n":"Shampooing Head & Shoulders DermaxPro - Apaise - 250ml","p":3.97,"u":"15,88 €/L","img":"https://fd6-photos.leclercdrive.fr/image.ashx?id=2914138&use=l&cat=p&typeid=i","cat":284606},{"id":266102,"n":"Baume lèvres hydratant Labello x2","p":3.98,"u":"398,00 €/KG","img":"https://fd6-photos.leclercdrive.fr/image.ashx?id=2913811&use=l&cat=p&typeid=i","cat":285485},{"id":266104,"n":"Lait corps nourissant Nivea Peaux sèches - 400ml","p":4.57,"u":"11,43 €/L","img":"https://fd6-photos.leclercdrive.fr/image.ashx?id=2977639&use=l&cat=p&typeid=i","cat":325349},{"id":266105,"n":"Nettoyant lave-vaisselle Finish Protector - 30g","p":3.67,"u":"122,33 €/KG","img":"https://fd6-photos.leclercdrive.fr/image.ashx?id=2914894&use=l&cat=p&typeid=i","cat":284657},{"id":266106,"n":"Adoucissant Soupline Concentré Ultra Moments magiques - 800ml","p":6.62,"u":"8,28 €/L","img":"https://fd6-photos.leclercdrive.fr/image.ashx?id=2914225&use=l&cat=p&typeid=i","cat":284650},{"id":266107,"n":"Gel WC Harpic Power Plus 750ml","p":2.13,"u":"2,84 €/L","img":"https://fd6-photos.leclercdrive.fr/image.ashx?id=2914027&use=l&cat=p&typeid=i","cat":284662},{"id":266108,"n":"Bloc WC Harpic Hygienic & Fresh Pin Eucalyptus - x2","p":2.47,"img":"https://fd6-photos.leclercdrive.fr/image.ashx?id=2914636&use=l&cat=p&typeid=i","cat":284662},{"id":266110,"n":"Bloc WC Harpic Hygienic & Fresh 2.0 Agrume - x2","p":2.59,"img":"https://fd6-photos.leclercdrive.fr/image.ashx?id=2914633&use=l&cat=p&typeid=i","cat":284662},{"id":266111,"n":"Bloc WC Harpic Hygienic & Fresh 2.0 Marine - x2","p":2.83,"img":"https://fd6-photos.leclercdrive.fr/image.ashx?id=2914024&use=l&cat=p&typeid=i","cat":284662},{"id":266112,"n":"Lessive liquide Ariel Peaux sensibles - 1.575L x35","p":9.88,"u":"6,27 €/L","img":"https://fd6-photos.leclercdrive.fr/image.ashx?id=2914819&use=l&cat=p&typeid=i","cat":284640},{"id":266113,"n":"Lessive liquide Ariel Unstoppable - x30 1.350L","p":9.88,"u":"7,32 €/L","img":"https://fd6-photos.leclercdrive.fr/image.ashx?id=2914144&use=l&cat=p&typeid=i","cat":284640},{"id":266114,"n":"Lessive liquide Ariel Alpine - x35 - 1.575L","p":9.88,"u":"6,27 €/L","img":"https://fd6-photos.leclercdrive.fr/image.ashx?id=2914822&use=l&cat=p&typeid=i","cat":284640},{"id":266137,"n":"Lessive liquide Ariel Ultra détachant - 1.350L x30","p":9.88,"u":"7,32 €/L","img":"https://fd6-photos.leclercdrive.fr/image.ashx?id=2914147&use=l&cat=p&typeid=i","cat":284640},{"id":266139,"n":"Gel WC Harpic Power Plus Marine - 750ml","p":2.35,"u":"3,13 €/L","img":"https://fd6-photos.leclercdrive.fr/image.ashx?id=2914021&use=l&cat=p&typeid=i","cat":284662},{"id":266140,"n":"Capsules lave-vaisselle Finish Ultimate Plus - x47 - 573g","p":11.88,"pp":7.13,"u":"12,44 €/KG","img":"https://fd6-photos.leclercdrive.fr/image.ashx?id=2914630&use=l&cat=p&typeid=i","cat":284656},{"id":266143,"n":"Adoucissant Lenor Fresh Air Rayons soleil - 504ml - x36D","p":4.53,"u":"8,99 €/L","img":"https://fd6-photos.leclercdrive.fr/image.ashx?id=2914153&use=l&cat=p&typeid=i","cat":284650},{"id":266145,"n":"Adoucissant Lenor Fresh Air Soleil tropical - 504ml - x36","p":4.53,"u":"8,99 €/L","img":"https://fd6-photos.leclercdrive.fr/image.ashx?id=2914156&use=l&cat=p&typeid=i","cat":284650},{"id":266147,"n":"Parfum de linge Lenor Parfum d'Ariel - x13 - 155g","p":4.53,"u":"29,23 €/KG","img":"https://fd6-photos.leclercdrive.fr/image.ashx?id=2914159&use=l&cat=p&typeid=i","cat":325302},{"id":266149,"n":"Adoucissant Lenor Fresh Air Fraîcheur matinale 504ml - x36","p":4.53,"u":"8,99 €/L","img":"https://fd6-photos.leclercdrive.fr/image.ashx?id=2914150&use=l&cat=p&typeid=i","cat":284650},{"id":266150,"n":"Lait corps hydratation Nivea Express - 250ml","p":4.0,"u":"16,00 €/L","img":"https://fd6-photos.leclercdrive.fr/image.ashx?id=2977648&use=l&cat=p&typeid=i","cat":325349},{"id":266156,"n":"Lessive capsuleS Ariel Pods+ Unstoppable - 515g - x26","p":15.87,"u":"30,82 €/KG","img":"https://fd6-photos.leclercdrive.fr/image.ashx?id=2914852&use=l&cat=p&typeid=i","cat":284641},{"id":266157,"n":"Lessive capsules Ariel Pods Grandiose Original 762g x21","p":13.95,"u":"18,31 €/KG","img":"https://fd6-photos.leclercdrive.fr/image.ashx?id=2914180&use=l&cat=p&typeid=i","cat":284641},{"id":266162,"n":"Capsules lave-vaisselle Finish Quantum - 707g - x68","p":11.88,"pp":7.13,"u":"10,08 €/KG","img":"https://fd6-photos.leclercdrive.fr/image.ashx?id=2914627&use=l&cat=p&typeid=i","cat":284656},{"id":266163,"n":"Parfum de linge Lenor Jasmin & Rose de mai 155g x13","p":4.53,"u":"29,23 €/KG","img":"https://fd6-photos.leclercdrive.fr/image.ashx?id=2914162&use=l&cat=p&typeid=i","cat":325302},{"id":266166,"n":"Lessive capsules Ariel 3en1 Pods - Alpine - 546g - x30","p":13.13,"u":"24,05 €/KG","img":"https://fd6-photos.leclercdrive.fr/image.ashx?id=2914177&use=l&cat=p&typeid=i","cat":284641},{"id":266167,"n":"Fromage enfant Mini Babybel Emmental 6 portions","p":2.6,"u":"0,43 €/P","img":"https://fd6-photos.leclercdrive.fr/image.ashx?id=2911915&use=l&cat=p&typeid=i","cat":314030},{"id":266168,"n":"Lessive capsules Ariel 3en1 Pods - Alpine - 346g x19","p":9.89,"u":"28,58 €/KG","img":"https://fd6-photos.leclercdrive.fr/image.ashx?id=2914867&use=l&cat=p&typeid=i","cat":284641},{"id":266177,"n":"Adoucissant Soupline Lenor Ambre & orchidée - 1.155L x55","p":4.53,"u":"3,92 €/L","img":"https://fd6-photos.leclercdrive.fr/image.ashx?id=2914165&use=l&cat=p&typeid=i","cat":284650},{"id":266181,"n":"Adoucissant Lenor Bouquet floral - 1.155L - x55","p":4.53,"u":"3,92 €/L","img":"https://fd6-photos.leclercdrive.fr/image.ashx?id=2914174&use=l&cat=p&typeid=i","cat":284650},{"id":266182,"n":"Adoucissant Lenor Ambre & orchidée - 882ml - x42","p":4.48,"u":"5,08 €/L","img":"https://fd6-photos.leclercdrive.fr/image.ashx?id=2914864&use=l&cat=p&typeid=i","cat":284650},{"id":266183,"n":"Adoucissant Lenor Jasmin & Rose de mai 882ml x42","p":4.49,"u":"5,09 €/L","img":"https://fd6-photos.leclercdrive.fr/image.ashx?id=2914861&use=l&cat=p&typeid=i","cat":284650},{"id":266199,"n":"Adoucissant Soupline Ultra Fraîcheur infinie rosée 800ml","p":6.28,"u":"7,85 €/L","img":"https://fd6-photos.leclercdrive.fr/image.ashx?id=2991027&use=l&cat=p&typeid=i","cat":284650},{"id":266201,"n":"Adoucissant Soupline Ultra Fraîcheur infinie lagon 800ml","p":6.49,"u":"8,11 €/L","img":"https://fd6-photos.leclercdrive.fr/image.ashx?id=2991024&use=l&cat=p&typeid=i","cat":284650},{"id":266203,"n":"Adoucissant Soupline Ultra concentré Rose éclatante 800 ml","p":8.99,"u":"11,24 €/L","img":"https://fd6-photos.leclercdrive.fr/image.ashx?id=2914210&use=l&cat=p&typeid=i","cat":284650},{"id":266204,"n":"Adoucissant Soupline Ultra Emotion vanille - 1800ml","p":11.8,"u":"6,56 €/L","img":"https://fd6-photos.leclercdrive.fr/image.ashx?id=2914207&use=l&cat=p&typeid=i","cat":284650},{"id":266206,"n":"Adoucissant Soupline Ultra concentré Fraicheur Azur 800 ml","p":5.94,"u":"7,43 €/L","img":"https://fd6-photos.leclercdrive.fr/image.ashx?id=2991030&use=l&cat=p&typeid=i","cat":284650},{"id":266208,"n":"Adoucissant Soupline Ultra concentré Soin Expert 800 ml","p":6.28,"u":"7,85 €/L","img":"https://fd6-photos.leclercdrive.fr/image.ashx?id=2914222&use=l&cat=p&typeid=i","cat":284650},{"id":266210,"n":"Adoucissant Soupline Concentré   Sublime Musc 1,26L","p":5.53,"u":"4,39 €/L","img":"https://fd6-photos.leclercdrive.fr/image.ashx?id=2966803&use=l&cat=p&typeid=i","cat":284650},{"id":266225,"n":"Lessive liquide Ariel Original - 1980ml - x44","p":14.0,"u":"7,07 €/L","img":"https://fd6-photos.leclercdrive.fr/image.ashx?id=2914816&use=l&cat=p&typeid=i","cat":284640},{"id":266232,"n":"Riz risotto Taureau Ailé 1kg","p":3.29,"u":"3,29 €/KG","img":"https://fd6-photos.leclercdrive.fr/image.ashx?id=2914696&use=l&cat=p&typeid=i","cat":284428},{"id":266233,"n":"Bonbons Carambar CaraCool  Caramel - Caramel salé - 380g","p":3.22,"u":"8,47 €/KG","img":"https://fd6-photos.leclercdrive.fr/image.ashx?id=2937406&use=l&cat=p&typeid=i","cat":304250},{"id":266238,"n":"Bonbons La Vosgienne  Cassis sans sucres -  49g","p":1.33,"u":"27,14 €/KG","img":"https://fd6-photos.leclercdrive.fr/image.ashx?id=2971900&use=l&cat=p&typeid=i","cat":304252},{"id":266239,"n":"Bonbons La Vosgienne Menthe citron sans sucres - 49g","p":1.33,"u":"27,14 €/KG","img":"https://fd6-photos.leclercdrive.fr/image.ashx?id=2991190&use=l&cat=p&typeid=i","cat":304252},{"id":266244,"n":"Bonbons La Vosgienne Menthol Eucalyptus - 46g","p":1.68,"u":"36,52 €/KG","img":"https://fd6-photos.leclercdrive.fr/image.ashx?id=2979054&use=l&cat=p&typeid=i","cat":304252},{"id":266249,"n":"Bonbons La Vosgienne Sève de pin sans sucres - 46g","p":1.33,"u":"28,91 €/KG","img":"https://fd6-photos.leclercdrive.fr/image.ashx?id=2991193&use=l&cat=p&typeid=i","cat":304252},{"id":266252,"n":"Sardines Parmentier A l'huile de tournesol - 2x135g","p":2.95,"u":"10,93 €/KG","img":"https://fd6-photos.leclercdrive.fr/image.ashx?id=2913829&use=l&cat=p&typeid=i","cat":305146},{"id":266435,"n":"Brume adoucissant Soupline Grand air - Anti-plis 300ml","p":7.11,"u":"23,70 €/L","img":"https://fd6-photos.leclercdrive.fr/image.ashx?id=2967974&use=l&cat=p&typeid=i","cat":284650},{"id":266436,"n":"Lessive liquide Ariel Original - 1.575L - x35","p":9.88,"u":"6,27 €/L","img":"https://fd6-photos.leclercdrive.fr/image.ashx?id=2914813&use=l&cat=p&typeid=i","cat":284640},{"id":266438,"n":"Lessive liquide Ariel Protection fibres - 1.350ml x30","p":9.88,"u":"7,32 €/L","img":"https://fd6-photos.leclercdrive.fr/image.ashx?id=2914825&use=l&cat=p&typeid=i","cat":284640},{"id":266440,"n":"Lessive liquide Ariel Active - 1350ml x30","p":9.88,"u":"7,32 €/L","img":"https://fd6-photos.leclercdrive.fr/image.ashx?id=2914828&use=l&cat=p&typeid=i","cat":284640},{"id":266444,"n":"Lessive capsules Ariel 3en1 Original - 546g - x30","p":11.45,"u":"20,97 €/KG","img":"https://fd6-photos.leclercdrive.fr/image.ashx?id=2914834&use=l&cat=p&typeid=i","cat":284641},{"id":266445,"n":"Lessive capsules Ariel Pods+ Active - 554g - x26","p":13.06,"u":"23,57 €/KG","img":"https://fd6-photos.leclercdrive.fr/image.ashx?id=2914843&use=l&cat=p&typeid=i","cat":284641},{"id":266446,"n":"Lessive capsules Ariel Pods+ Active - 405g - x19","p":10.66,"u":"26,32 €/KG","img":"https://fd6-photos.leclercdrive.fr/image.ashx?id=2914849&use=l&cat=p&typeid=i","cat":284641},{"id":266448,"n":"Lessive capsules Ariel Pods Original - 346g - x19","p":9.89,"u":"28,58 €/KG","img":"https://fd6-photos.leclercdrive.fr/image.ashx?id=2914855&use=l&cat=p&typeid=i","cat":284641},{"id":266449,"n":"Lessive capsules Ariel Pods Grandiose Alpine x21 - 762g","p":12.4,"u":"16,27 €/KG","img":"https://fd6-photos.leclercdrive.fr/image.ashx?id=2970245&use=l&cat=p&typeid=i","cat":284641},{"id":266450,"n":"Lessive capsules Ariel Pods+ Ultra détachant - 443g x19","p":10.66,"u":"24,06 €/KG","img":"https://fd6-photos.leclercdrive.fr/image.ashx?id=2914837&use=l&cat=p&typeid=i","cat":284641},{"id":266452,"n":"Lessive capsules Ariel Pods+ Unstoppable - 376g x19","p":10.66,"u":"28,35 €/KG","img":"https://fd6-photos.leclercdrive.fr/image.ashx?id=2914840&use=l&cat=p&typeid=i","cat":284641},{"id":266465,"n":"Lessive liquide Skip Bébé - 1.47L x35","p":12.93,"u":"8,80 €/L","img":"https://fd6-photos.leclercdrive.fr/image.ashx?id=2971787&use=l&cat=p&typeid=i","cat":284640},{"id":266466,"n":"Lessive capsules Ariel Pods+ Ultra détachant - 606g x26","p":15.87,"u":"26,19 €/KG","img":"https://fd6-photos.leclercdrive.fr/image.ashx?id=2914846&use=l&cat=p&typeid=i","cat":284641},{"id":266470,"n":"Recharges diffuseur électrique Airwick - Cannelle - 19ml","p":4.59,"u":"241,58 €/L","img":"https://fd6-photos.leclercdrive.fr/image.ashx?id=2914624&use=l&cat=p&typeid=i","cat":311629},{"id":266504,"n":"Eau minérale gazeuse Quézac Bouteille 50cl","p":0.54,"u":"1,08 €/L","img":"https://fd6-photos.leclercdrive.fr/image.ashx?id=2914615&use=l&cat=p&typeid=i","cat":284536},{"id":266685,"n":"Mélanges herbes épices Cholula Fajita Paprika Coriandre 490g","p":4.89,"u":"9,98 €/KG","img":"https://fd6-photos.leclercdrive.fr/image.ashx?id=2915862&use=l&cat=p&typeid=i","cat":288993},{"id":266704,"n":"Barres chocolatées Knoppers Lait Noisette - x5 - 200g","p":2.17,"u":"10,85 €/KG","img":"https://fd6-photos.leclercdrive.fr/image.ashx?id=2967609&use=l&cat=p&typeid=i","cat":284498},{"id":266705,"n":"Pain de mie La Boulangère Toastiligne Complet - 330g","p":1.78,"u":"5,39 €/KG","img":"https://fd6-photos.leclercdrive.fr/image.ashx?id=2926657&use=l&cat=p&typeid=i","cat":284477},{"id":266721,"n":"Chips Croky Paprika - 150g","p":1.44,"u":"9,60 €/KG","img":"https://fd6-photos.leclercdrive.fr/image.ashx?id=2920271&use=l&cat=p&typeid=i","cat":284447},{"id":266724,"n":"Chips Partymix Croky 6x30g","p":2.41,"u":"13,39 €/KG","img":"https://fd6-photos.leclercdrive.fr/image.ashx?id=2920265&use=l&cat=p&typeid=i","cat":284447},{"id":266725,"n":"Chips Croky Bicky - 150g","p":0.97,"u":"6,47 €/KG","img":"https://fd6-photos.leclercdrive.fr/image.ashx?id=2920268&use=l&cat=p&typeid=i","cat":284447},{"id":266726,"n":"Chips Croky Ketchup - 150g","p":1.44,"u":"9,60 €/KG","img":"https://fd6-photos.leclercdrive.fr/image.ashx?id=2920277&use=l&cat=p&typeid=i","cat":284447},{"id":266727,"n":"Chips Croky Pickles - 150g","p":1.44,"u":"9,60 €/KG","img":"https://fd6-photos.leclercdrive.fr/image.ashx?id=2920280&use=l&cat=p&typeid=i","cat":284447},{"id":266729,"n":"Chips Croky Bolognese - 150g","p":1.44,"u":"9,60 €/KG","img":"https://fd6-photos.leclercdrive.fr/image.ashx?id=2920274&use=l&cat=p&typeid=i","cat":284447},{"id":266755,"n":"Gel détartrant Canard WC Ecolabel - 750ml","p":2.47,"pp":1.63,"u":"2,17 €/L","img":"https://fd6-photos.leclercdrive.fr/image.ashx?id=2916390&use=l&cat=p&typeid=i","cat":284662},{"id":266757,"n":"Gel nettoyant Canard Action rapide - 750ml","p":2.47,"pp":1.63,"u":"2,17 €/L","img":"https://fd6-photos.leclercdrive.fr/image.ashx?id=2916393&use=l&cat=p&typeid=i","cat":284662},{"id":266761,"n":"Lessive Xtra Total fraicheur 30+14 offertes","p":10.0,"img":"https://fd6-photos.leclercdrive.fr/image.ashx?id=2915874&use=l&cat=p&typeid=i","cat":284641},{"id":267004,"n":"Soda Coca Cola Cherry Canette 6x20cl","p":3.84,"u":"3,20 €/L","img":"https://fd6-photos.leclercdrive.fr/image.ashx?id=2916438&use=l&cat=p&typeid=i","cat":284530},{"id":267014,"n":"Tortillas de blé Old El Paso Complet x10 - 580g","p":3.89,"u":"6,71 €/KG","img":"https://fd6-photos.leclercdrive.fr/image.ashx?id=2916492&use=l&cat=p&typeid=i","cat":288993},{"id":267021,"n":"Gourde Charles & Alices Pomme - 12x90g","p":5.2,"u":"4,81 €/KG","img":"https://fd6-photos.leclercdrive.fr/image.ashx?id=2916063&use=l&cat=p&typeid=i","cat":284508},{"id":267022,"n":"Gourde Charles & Alice 12X90g","p":5.88,"u":"5,44 €/KG","img":"https://fd6-photos.leclercdrive.fr/image.ashx?id=3004957&use=l&cat=p&typeid=i","cat":284508},{"id":267024,"n":"Gourde Charles & Alice mirabelle, pêche 12X90g","p":5.88,"u":"5,44 €/KG","img":"https://fd6-photos.leclercdrive.fr/image.ashx?id=2916075&use=l&cat=p&typeid=i","cat":284508},{"id":267162,"n":"Papier toilette Le Trèfle Douceur bambou - x18","p":9.94,"img":"https://fd6-photos.leclercdrive.fr/image.ashx?id=2916471&use=l&cat=p&typeid=i","cat":323290},{"id":267165,"n":"Gel douche homme Men Expert Hyaluronic power - 2x300ml","p":6.43,"u":"10,72 €/L","img":"https://fd6-photos.leclercdrive.fr/image.ashx?id=2927931&use=l&cat=p&typeid=i","cat":284619},{"id":267167,"n":"Déodorant bille Nivea Anti-transpirant 48h - 2x50ml","p":4.34,"u":"43,40 €/L","img":"https://fd6-photos.leclercdrive.fr/image.ashx?id=2916354&use=l&cat=p&typeid=i","cat":284595},{"id":267183,"n":"Citronnade Montebelo Brasil Citron vert - 1L","p":1.99,"pp":1.31,"u":"1,31 €/L","img":"https://fd6-photos.leclercdrive.fr/image.ashx?id=2916342&use=l&cat=p&typeid=i","cat":284915},{"id":267203,"n":"Porp Corn salés Tokapi Pop-Box - x2 - 180g","p":1.61,"u":"8,94 €/KG","img":"https://fd6-photos.leclercdrive.fr/image.ashx?id=2915660&use=l&cat=p&typeid=i","cat":304249},{"id":267328,"n":"Nettoyant désinfectant Clair 1.5L","p":1.85,"u":"1,23 €/L","img":"https://fd6-photos.leclercdrive.fr/image.ashx?id=2916593&use=l&cat=p&typeid=i","cat":325357},{"id":267332,"n":"Adoucissant Cajoline Créations Souffle de fraîcheur 1.386L x66","p":5.71,"u":"4,12 €/L","img":"https://fd6-photos.leclercdrive.fr/image.ashx?id=2917109&use=l&cat=p&typeid=i","cat":284650},{"id":267333,"n":"Adoucissant Cajoline Créations Fleur de tiaré & Pivoine 1.386L","p":5.63,"u":"4,06 €/L","img":"https://fd6-photos.leclercdrive.fr/image.ashx?id=2917112&use=l&cat=p&typeid=i","cat":284650},{"id":267336,"n":"Adoucissant Cajoline Doux & Pur L'original - 1.386L x66","p":4.33,"u":"3,12 €/L","img":"https://fd6-photos.leclercdrive.fr/image.ashx?id=2917118&use=l&cat=p&typeid=i","cat":284650},{"id":267339,"n":"Adoucissant Cajoline Origines Fraîcheur Céleste 1.254L x66","p":6.87,"u":"5,48 €/L","img":"https://fd6-photos.leclercdrive.fr/image.ashx?id=2917121&use=l&cat=p&typeid=i","cat":284650},{"id":267341,"n":"Adoucissant Cajoline Elixir Bouquet estival - 460ml","p":6.87,"u":"14,93 €/L","img":"https://fd6-photos.leclercdrive.fr/image.ashx?id=2940672&use=l&cat=p&typeid=i","cat":284650},{"id":267342,"n":"Adoucissant liquide Cajoline Elixir Brise printanière 460ml","p":8.17,"u":"17,76 €/L","img":"https://fd6-photos.leclercdrive.fr/image.ashx?id=3000896&use=l&cat=p&typeid=i","cat":284650},{"id":267346,"n":"Vodka Eristoff passion 18%vol - 70cl","p":12.28,"u":"17,54 €/L","img":"https://fd6-photos.leclercdrive.fr/image.ashx?id=2917058&use=l&cat=p&typeid=i","cat":284550},{"id":267352,"n":"IGP Pays d'Oc moelleux Miss Anais 75cl","p":6.15,"pp":4.3,"u":"5,73 €/L","img":"https://fd6-photos.leclercdrive.fr/image.ashx?id=2916776&use=l&cat=p&typeid=i","cat":289557},{"id":267371,"n":"Adoucissant Cajoline Créations Fleur de la passion 1.386L x66","p":4.33,"u":"3,12 €/L","img":"https://fd6-photos.leclercdrive.fr/image.ashx?id=2918107&use=l&cat=p&typeid=i","cat":284650},{"id":267388,"n":"Adoucissant liquide Cajoline Elixir Fraîcheur Céleste 460ml","p":6.88,"u":"14,96 €/L","img":"https://fd6-photos.leclercdrive.fr/image.ashx?id=2918113&use=l&cat=p&typeid=i","cat":284650},{"id":267391,"n":"Adoucissant Cajoline Origines Brise printanière 1.254L x66","p":6.87,"u":"5,48 €/L","img":"https://fd6-photos.leclercdrive.fr/image.ashx?id=2918110&use=l&cat=p&typeid=i","cat":284650},{"id":267399,"n":"Vin de France La vieille ferme Rouge - 75cl","p":3.95,"u":"5,27 €/L","img":"https://fd6-photos.leclercdrive.fr/image.ashx?id=2989195&use=l&cat=p&typeid=i","cat":289556},{"id":267403,"n":"Vin de France La vieille ferme Blanc - 75cl","p":3.95,"u":"5,27 €/L","img":"https://fd6-photos.leclercdrive.fr/image.ashx?id=2989201&use=l&cat=p&typeid=i","cat":289557},{"id":267411,"n":"Bière Softiz Pêche Sans alcool - 6x27.5cl","p":3.16,"u":"1,92 €/L","img":"https://fd6-photos.leclercdrive.fr/image.ashx?id=2916764&use=l&cat=p&typeid=i","cat":334877},{"id":267414,"n":"Couches T2 bébé Extra Care Huggies - x58","p":17.95,"u":"0,31 €/P","img":"https://fd6-photos.leclercdrive.fr/image.ashx?id=2917999&use=l&cat=p&typeid=i","cat":284737},{"id":267415,"n":"Couches bébé Huggies Extra Care T3- x50","p":17.95,"u":"0,36 €/P","img":"https://fd6-photos.leclercdrive.fr/image.ashx?id=2924728&use=l&cat=p&typeid=i","cat":284737},{"id":267416,"n":"Couches T4 bébé Extra Care Huggies - x38","p":17.93,"u":"0,36 €/P","img":"https://fd6-photos.leclercdrive.fr/image.ashx?id=2917981&use=l&cat=p&typeid=i","cat":284737},{"id":267417,"n":"Couches T5 bébé Extra Care Huggies - x34","p":17.93,"u":"0,53 €/P","img":"https://fd6-photos.leclercdrive.fr/image.ashx?id=2917984&use=l&cat=p&typeid=i","cat":284737},{"id":267418,"n":"Couches T6 bébé Extra Care Huggies - x30","p":17.93,"u":"0,60 €/P","img":"https://fd6-photos.leclercdrive.fr/image.ashx?id=2918002&use=l&cat=p&typeid=i","cat":284737},{"id":267419,"n":"Couches T3 bébé little movers Huggies - x56","p":17.94,"u":"0,32 €/P","img":"https://fd6-photos.leclercdrive.fr/image.ashx?id=2917987&use=l&cat=p&typeid=i","cat":284737},{"id":267421,"n":"Couches T5 bébé little movers Huggies - x42","p":17.93,"u":"0,43 €/P","img":"https://fd6-photos.leclercdrive.fr/image.ashx?id=2917993&use=l&cat=p&typeid=i","cat":284737},{"id":267422,"n":"Couches T6 bébé little movers Huggies - x34","p":17.93,"u":"0,53 €/P","img":"https://fd6-photos.leclercdrive.fr/image.ashx?id=2917996&use=l&cat=p&typeid=i","cat":284737},{"id":267424,"n":"Couches T4 bébé little movers Huggies - x44","p":21.44,"u":"0,49 €/P","img":"https://fd6-photos.leclercdrive.fr/image.ashx?id=2918005&use=l&cat=p&typeid=i","cat":284737},{"id":267425,"n":"Couches T5 bébé little movers Huggies - x38","p":17.95,"u":"0,47 €/P","img":"https://fd6-photos.leclercdrive.fr/image.ashx?id=2918008&use=l&cat=p&typeid=i","cat":284737},{"id":267426,"n":"Couches T6 bébé little movers Huggies - x34","p":17.95,"u":"0,53 €/P","img":"https://fd6-photos.leclercdrive.fr/image.ashx?id=2918011&use=l&cat=p&typeid=i","cat":284737},{"id":267429,"n":"Bière blonde Tripel Karmeliet 50cl","p":2.74,"u":"5,48 €/L","img":"https://fd6-photos.leclercdrive.fr/image.ashx?id=2918029&use=l&cat=p&typeid=i","cat":334853},{"id":267431,"n":"Vin d'Espagne François  D'Aubigne Vin rouge - 75cl","p":1.39,"u":"1,85 €/L","img":"https://fd6-photos.leclercdrive.fr/image.ashx?id=2916761&use=l&cat=p&typeid=i","cat":289556},{"id":267433,"n":"Matin+ Mandarine, Kaki Passion - 90cl","p":2.48,"u":"2,76 €/L","img":"https://fd6-photos.leclercdrive.fr/image.ashx?id=2917729&use=l&cat=p&typeid=i","cat":284915},{"id":267435,"n":"Matin+ Mandarine, Mangue Banane - 90cl","p":2.48,"u":"2,76 €/L","img":"https://fd6-photos.leclercdrive.fr/image.ashx?id=2917732&use=l&cat=p&typeid=i","cat":284915},{"id":267954,"n":"Escalopes de poulet Eco+ x2 - 240g","p":2.99,"u":"12,46 €/KG","img":"https://fd6-photos.leclercdrive.fr/image.ashx?id=2918236&use=l&cat=p&typeid=i","cat":284336},{"id":267956,"n":"Filet de poulet  en aiguillette Eco+ 400g","p":4.95,"u":"12,38 €/KG","img":"https://fd6-photos.leclercdrive.fr/image.ashx?id=2918242&use=l&cat=p&typeid=i","cat":284336},{"id":268029,"n":"Culottes Pampers Baby-dry Pants Taille 7 - x29","p":14.37,"u":"0,50 €/P","img":"https://fd6-photos.leclercdrive.fr/image.ashx?id=2919934&use=l&cat=p&typeid=i","cat":290633},{"id":268030,"n":"Culottes Pampers Premium Protection Pants - Taille 4 x31","p":14.99,"u":"0,48 €/P","img":"https://fd6-photos.leclercdrive.fr/image.ashx?id=2919937&use=l&cat=p&typeid=i","cat":290633},{"id":268038,"n":"Couches Pampers Baby-dry Taille 4 - x43","p":14.37,"u":"0,33 €/P","img":"https://fd6-photos.leclercdrive.fr/image.ashx?id=2942003&use=l&cat=p&typeid=i","cat":284737},{"id":268039,"n":"Couches Pampers Baby-Dry Taille 5 - x38","p":16.29,"u":"0,43 €/P","img":"https://fd6-photos.leclercdrive.fr/image.ashx?id=2919976&use=l&cat=p&typeid=i","cat":284737},{"id":268041,"n":"Couches Pampers Baby-Dry Taille 2 - x56","p":15.99,"u":"0,29 €/P","img":"https://fd6-photos.leclercdrive.fr/image.ashx?id=2919982&use=l&cat=p&typeid=i","cat":284737},{"id":268042,"n":"Culottes Pampers Baby-Dry Pants Taille 5 - x36","p":9.87,"u":"0,27 €/P","img":"https://fd6-photos.leclercdrive.fr/image.ashx?id=2920006&use=l&cat=p&typeid=i","cat":290633},{"id":268050,"n":"Couches Pampers Baby-Dry Taille 6 - x33","p":14.37,"u":"0,44 €/P","img":"https://fd6-photos.leclercdrive.fr/image.ashx?id=2941994&use=l&cat=p&typeid=i","cat":284737},{"id":268052,"n":"Couches Pampers Baby-Dry Taille 5+ - x35","p":14.37,"u":"0,41 €/P","img":"https://fd6-photos.leclercdrive.fr/image.ashx?id=2942006&use=l&cat=p&typeid=i","cat":284737},{"id":268054,"n":"Couches Pampers Baby-Dry Taille 3 - x50","p":14.25,"u":"0,29 €/P","img":"https://fd6-photos.leclercdrive.fr/image.ashx?id=2919988&use=l&cat=p&typeid=i","cat":284737},{"id":268057,"n":"Couches Pampers Premium Protection Taille 2 - x54","p":16.49,"u":"0,31 €/P","img":"https://fd6-photos.leclercdrive.fr/image.ashx?id=2957392&use=l&cat=p&typeid=i","cat":284737},{"id":268058,"n":"Box XXL Radiatori Côté Snack Poulet crème et Emmental 400g","p":2.99,"u":"7,48 €/KG","img":"https://fd6-photos.leclercdrive.fr/image.ashx?id=2918520&use=l&cat=p&typeid=i","cat":334983},{"id":268063,"n":"Culottes Pampers Night Pants Taille 4 - x40","p":15.99,"u":"0,40 €/P","img":"https://fd6-photos.leclercdrive.fr/image.ashx?id=2919949&use=l&cat=p&typeid=i","cat":290633},{"id":268066,"n":"Compotes Andros Coeur de Fruits Pomme banane 4x100g","p":1.94,"u":"4,85 €/KG","img":"https://fd6-photos.leclercdrive.fr/image.ashx?id=2919832&use=l&cat=p&typeid=i","cat":284416},{"id":268075,"n":"Compotes Coeur de fruits Andros Pêche pomme 4x97g","p":2.48,"u":"6,39 €/KG","img":"https://fd6-photos.leclercdrive.fr/image.ashx?id=2919847&use=l&cat=p&typeid=i","cat":284416},{"id":268076,"n":"Compotes Coeur de fruits Andros Pomme ananas passion 4x100g","p":1.54,"u":"3,85 €/KG","img":"https://fd6-photos.leclercdrive.fr/image.ashx?id=2919856&use=l&cat=p&typeid=i","cat":284416},{"id":268077,"n":"Fromage Mini Babybel  Protéines x5 - 110g","p":2.38,"u":"21,64 €/KG","img":"https://fd6-photos.leclercdrive.fr/image.ashx?id=2923567&use=l&cat=p&typeid=i","cat":314030},{"id":268174,"n":"Culottes Pampers Night Pants Taille 6 - x30","p":17.35,"u":"0,58 €/P","img":"https://fd6-photos.leclercdrive.fr/image.ashx?id=2919952&use=l&cat=p&typeid=i","cat":290633},{"id":268175,"n":"Culottes Pampers Night Pants Taille 5 - x35","p":15.08,"u":"0,43 €/P","img":"https://fd6-photos.leclercdrive.fr/image.ashx?id=2919955&use=l&cat=p&typeid=i","cat":290633},{"id":268179,"n":"Culottes Pampers Premium Protection Pants - Taille 5 x29","p":15.99,"u":"0,55 €/P","img":"https://fd6-photos.leclercdrive.fr/image.ashx?id=3009245&use=l&cat=p&typeid=i","cat":290633},{"id":268180,"n":"Culottes Pampers Premium Protection Pants - Taille 6 x27","p":14.37,"u":"0,53 €/P","img":"https://fd6-photos.leclercdrive.fr/image.ashx?id=3009248&use=l&cat=p&typeid=i","cat":290633},{"id":268185,"n":"Couches Pampers Baby-Dry Taille 4+ - x39","p":14.37,"u":"0,37 €/P","img":"https://fd6-photos.leclercdrive.fr/image.ashx?id=2941997&use=l&cat=p&typeid=i","cat":284737},{"id":268186,"n":"Couches Pmapers Premium Protection - Taille 4 x38","p":14.37,"u":"0,38 €/P","img":"https://fd6-photos.leclercdrive.fr/image.ashx?id=2919994&use=l&cat=p&typeid=i","cat":284737},{"id":268187,"n":"Couches Pampers Premium Protection - Taille 6 x29","p":14.37,"u":"0,50 €/P","img":"https://fd6-photos.leclercdrive.fr/image.ashx?id=2919997&use=l&cat=p&typeid=i","cat":284737},{"id":268189,"n":"Couches Pampers Premium Protection Taille 3 x46","p":14.99,"u":"0,33 €/P","img":"https://fd6-photos.leclercdrive.fr/image.ashx?id=2991009&use=l&cat=p&typeid=i","cat":284737},{"id":268190,"n":"Couches Pampers Premium Protection Taille 5 x33","p":16.49,"u":"0,50 €/P","img":"https://fd6-photos.leclercdrive.fr/image.ashx?id=2991012&use=l&cat=p&typeid=i","cat":284737},{"id":268191,"n":"Culottes Pampers Baby-Dry Pants Taille 6 - x31","p":16.79,"u":"0,54 €/P","img":"https://fd6-photos.leclercdrive.fr/image.ashx?id=2920009&use=l&cat=p&typeid=i","cat":290633},{"id":268192,"n":"Culottes Pampers Baby-Dry Pants Taille 4 - x41","p":15.89,"u":"0,39 €/P","img":"https://fd6-photos.leclercdrive.fr/image.ashx?id=2920012&use=l&cat=p&typeid=i","cat":290633},{"id":268231,"n":"Penne Rigate Barilla  Protein + - 400g","p":2.01,"u":"5,03 €/KG","img":"https://fd6-photos.leclercdrive.fr/image.ashx?id=2919928&use=l&cat=p&typeid=i","cat":284427},{"id":268234,"n":"Spaghetti Barilla  Protein + - 400g","p":2.01,"u":"5,03 €/KG","img":"https://fd6-photos.leclercdrive.fr/image.ashx?id=2919931&use=l&cat=p&typeid=i","cat":284427},{"id":268236,"n":"Fusilli Barilla  Protein + - 400g","p":2.18,"u":"5,45 €/KG","img":"https://fd6-photos.leclercdrive.fr/image.ashx?id=2919925&use=l&cat=p&typeid=i","cat":284427},{"id":268345,"n":"Biscuits fourrés BN Chocolat caramel - x3 - 855g","p":6.44,"u":"7,53 €/KG","img":"https://fd6-photos.leclercdrive.fr/image.ashx?id=2921474&use=l&cat=p&typeid=i","cat":284488},{"id":268346,"n":"Biscuits BN fourrés chocolat à la pâte à tartiner- x3 - 855g","p":6.44,"u":"7,53 €/KG","img":"https://fd6-photos.leclercdrive.fr/image.ashx?id=2921477&use=l&cat=p&typeid=i","cat":284488},{"id":268347,"n":"Pétales snacks Tokapi Goût crème oignon - 75g","p":0.89,"u":"11,87 €/KG","img":"https://fd6-photos.leclercdrive.fr/image.ashx?id=2920241&use=l&cat=p&typeid=i","cat":284449},{"id":268386,"n":"Côte de porc sans os L'Atelier Boucherie x2 - 200g","p":2.19,"u":"10,95 €/KG","img":"https://fd6-photos.leclercdrive.fr/image.ashx?id=2930603&use=l&cat=p&typeid=i","cat":284331},{"id":268454,"n":"Sorbet plein fruit Erhard Poire Williams - 488g","p":4.89,"pp":3.42,"u":"7,01 €/KG","img":"https://fd6-photos.leclercdrive.fr/image.ashx?id=2921765&use=l&cat=p&typeid=i","cat":284263},{"id":268460,"n":"Disque gel WC Nicols Océan - 10 doses","p":2.74,"u":"26,10 €/KG","img":"https://fd6-photos.leclercdrive.fr/image.ashx?id=2922140&use=l&cat=p&typeid=i","cat":284662},{"id":268461,"n":"Disque gel WC Nicols Citron - 10 doses","p":2.63,"u":"25,05 €/KG","img":"https://fd6-photos.leclercdrive.fr/image.ashx?id=2922137&use=l&cat=p&typeid=i","cat":284662},{"id":268465,"n":"Pepsi pack de 6 canettes  6x33cl","p":3.08,"u":"1,56 €/L","img":"https://fd6-photos.leclercdrive.fr/image.ashx?id=2921540&use=l&cat=p&typeid=i","cat":284530},{"id":268468,"n":"Thé glacé Lipton Framboise  1.75L","p":2.18,"u":"1,25 €/L","img":"https://fd6-photos.leclercdrive.fr/image.ashx?id=2921103&use=l&cat=p&typeid=i","cat":295019},{"id":268473,"n":"Chips Lay's Paysanne Tapenade 120g","p":1.68,"u":"14,00 €/KG","img":"https://fd6-photos.leclercdrive.fr/image.ashx?id=2921543&use=l&cat=p&typeid=i","cat":284447},{"id":268496,"n":"Suprême de poulet Eco+ x3 - 600g","p":6.49,"u":"10,82 €/KG","img":"https://fd6-photos.leclercdrive.fr/image.ashx?id=2920546&use=l&cat=p&typeid=i","cat":284336},{"id":268817,"n":"Couches culotte Pampers Baby Dry x86 Taille 5","p":34.9,"u":"0,41 €/P","img":"https://fd6-photos.leclercdrive.fr/image.ashx?id=2922269&use=l&cat=p&typeid=i","cat":290633},{"id":268818,"n":"Pampers Baby Dry Taille 4 - x94","p":36.52,"u":"0,39 €/P","img":"https://fd6-photos.leclercdrive.fr/image.ashx?id=2922272&use=l&cat=p&typeid=i","cat":290633},{"id":268821,"n":"Couches Pampers Baby Dry x98","p":35.89,"u":"0,37 €/P","img":"https://fd6-photos.leclercdrive.fr/image.ashx?id=2922278&use=l&cat=p&typeid=i","cat":284737},{"id":268832,"n":"Couches Pampers Premium Taille 3 - x112","p":35.57,"u":"0,32 €/P","img":"https://fd6-photos.leclercdrive.fr/image.ashx?id=2922251&use=l&cat=p&typeid=i","cat":284737},{"id":268835,"n":"Couches Pampers  Premium protection Taille 5 x80","p":34.5,"u":"0,43 €/P","img":"https://fd6-photos.leclercdrive.fr/image.ashx?id=2922257&use=l&cat=p&typeid=i","cat":284737},{"id":268837,"n":"Couches Pampers Protection Taille 4 - x90","p":37.04,"u":"0,41 €/P","img":"https://fd6-photos.leclercdrive.fr/image.ashx?id=2922260&use=l&cat=p&typeid=i","cat":284737},{"id":268982,"n":"Crêpes choco max Whaou! Crazy x6 - 180g","p":2.47,"u":"13,72 €/KG","img":"https://fd6-photos.leclercdrive.fr/image.ashx?id=2921723&use=l&cat=p&typeid=i","cat":284494},{"id":269066,"n":"Capsules lave-vaisselle Finish  Quantul citron x60 - 624G","p":12.05,"u":"19,31 €/KG","img":"https://fd6-photos.leclercdrive.fr/image.ashx?id=2924311&use=l&cat=p&typeid=i","cat":284656},{"id":269147,"n":"Bâtonnet Côte d'Or vanille Sauce caramel x4 - 276g","p":4.77,"u":"17,28 €/KG","img":"https://fd6-photos.leclercdrive.fr/image.ashx?id=2923867&use=l&cat=p&typeid=i","cat":284265},{"id":269150,"n":"Capsules de Café KitKat Dolce Gusto x16","p":5.27,"u":"0,33 €/P","img":"https://fd6-photos.leclercdrive.fr/image.ashx?id=2924893&use=l&cat=p&typeid=i","cat":293239},{"id":269161,"n":"Lessive liquide Persil  Bouquet de Provence - 1,806L","p":7.79,"u":"4,31 €/L","img":"https://fd6-photos.leclercdrive.fr/image.ashx?id=2924977&use=l&cat=p&typeid=i","cat":284640},{"id":269166,"n":"Lessive liquide Persil  Bouquet de Provence - 2,565L","p":10.57,"u":"4,12 €/L","img":"https://fd6-photos.leclercdrive.fr/image.ashx?id=2924980&use=l&cat=p&typeid=i","cat":284640},{"id":269169,"n":"Lessive liquide Skip  Active clean - 2.520 L","p":17.07,"u":"6,77 €/L","img":"https://fd6-photos.leclercdrive.fr/image.ashx?id=2924974&use=l&cat=p&typeid=i","cat":284640},{"id":269176,"n":"Lessive liquide Skip  Peaux sensiles - 1,554L","p":11.18,"u":"7,19 €/L","img":"https://fd6-photos.leclercdrive.fr/image.ashx?id=2985669&use=l&cat=p&typeid=i","cat":284640},{"id":269197,"n":"Lessive liquide Persil  Douceur d'amande - 1.806","p":7.69,"u":"4,26 €/L","img":"https://fd6-photos.leclercdrive.fr/image.ashx?id=2944491&use=l&cat=p&typeid=i","cat":284640},{"id":269335,"n":"Déodorant Adidas Pure game - 150ml","p":3.15,"u":"21,00 €/L","img":"https://fd6-photos.leclercdrive.fr/image.ashx?id=2924290&use=l&cat=p&typeid=i","cat":284618},{"id":269337,"n":"Spray repulsif Primoplast Moustiques - 100ml","p":4.5,"u":"45,00 €/L","img":"https://fd6-photos.leclercdrive.fr/image.ashx?id=2958353&use=l&cat=p&typeid=i","cat":299654},{"id":269344,"n":"Sucettes à glacer Super Mario Yeti 24x30g","p":4.39,"u":"6,10 €/KG","img":"https://fd6-photos.leclercdrive.fr/image.ashx?id=2923984&use=l&cat=p&typeid=i","cat":304250},{"id":269504,"n":"Fromage Leerdammer Croque Gourmand 8 tranches - 200g","p":1.94,"u":"9,70 €/KG","img":"https://fd6-photos.leclercdrive.fr/image.ashx?id=3004858&use=l&cat=p&typeid=i","cat":314028},{"id":269553,"n":"Rouge à lèvres Maybelline Superstay Vynil Ink N°20","p":12.89,"img":"https://fd6-photos.leclercdrive.fr/image.ashx?id=2925301&use=l&cat=p&typeid=i","cat":287029},{"id":269562,"n":"Skyr à boire Siggi's Framboise 250g","p":1.68,"u":"6,72 €/KG","img":"https://fd6-photos.leclercdrive.fr/image.ashx?id=2927282&use=l&cat=p&typeid=i","cat":315000},{"id":269564,"n":"Rouge à lèvres Maybelline Superstay Vynil Ink N°15","p":12.6,"img":"https://fd6-photos.leclercdrive.fr/image.ashx?id=2925304&use=l&cat=p&typeid=i","cat":287029},{"id":269568,"n":"Skyr à boire Siggi's Mangue passion 250g","p":1.68,"u":"6,72 €/KG","img":"https://fd6-photos.leclercdrive.fr/image.ashx?id=2927288&use=l&cat=p&typeid=i","cat":315000},{"id":269572,"n":"Mascara Maybelline Sky high Blue mist 7.2ml","p":11.47,"img":"https://fd6-photos.leclercdrive.fr/image.ashx?id=2925307&use=l&cat=p&typeid=i","cat":287029},{"id":269584,"n":"Ginger shot Jafaden 15cl","p":0.69,"u":"4,60 €/L","img":"https://fd6-photos.leclercdrive.fr/image.ashx?id=2923405&use=l&cat=p&typeid=i","cat":284915},{"id":269591,"n":"Poudre de teint L'Oréal  Infaillible Fresh wear x1","p":16.5,"img":"https://fd6-photos.leclercdrive.fr/image.ashx?id=2925436&use=l&cat=p&typeid=i","cat":287029},{"id":269593,"n":"Poudre de teint L'Oréal  Infaillible Fresh wear x1","p":16.61,"img":"https://fd6-photos.leclercdrive.fr/image.ashx?id=2925439&use=l&cat=p&typeid=i","cat":287029},{"id":269596,"n":"Spray fixateur L'Oréal  Infaillible 75ml","p":10.55,"u":"140,67 €/L","img":"https://fd6-photos.leclercdrive.fr/image.ashx?id=2992146&use=l&cat=p&typeid=i","cat":287029},{"id":269603,"n":"Encre à lèvres Maybelline Super Stay Mate","p":13.22,"img":"https://fd6-photos.leclercdrive.fr/image.ashx?id=2925454&use=l&cat=p&typeid=i","cat":287029},{"id":269798,"n":"Boisson energisante Red Bull Zéro - 4x250ml","p":4.75,"u":"4,75 €/L","img":"https://fd6-photos.leclercdrive.fr/image.ashx?id=3011998&use=l&cat=p&typeid=i","cat":284533},{"id":269809,"n":"Yaourt à la mangue La Laitière x2 - 220g","p":1.55,"u":"7,05 €/KG","img":"https://fd6-photos.leclercdrive.fr/image.ashx?id=2926224&use=l&cat=p&typeid=i","cat":284410},{"id":269810,"n":"Yaourt à la pêche La Laitière x2 - 220g","p":1.54,"u":"7,00 €/KG","img":"https://fd6-photos.leclercdrive.fr/image.ashx?id=2926221&use=l&cat=p&typeid=i","cat":284410},{"id":269811,"n":"Yaourt à la fraise La Laitière x2 - 220g","p":1.54,"u":"7,00 €/KG","img":"https://fd6-photos.leclercdrive.fr/image.ashx?id=2926218&use=l&cat=p&typeid=i","cat":284410},{"id":269812,"n":"Gel nettoyant Garnier  Booster d'éclat - 250ml","p":6.47,"u":"25,88 €/L","img":"https://fd6-photos.leclercdrive.fr/image.ashx?id=2954241&use=l&cat=p&typeid=i","cat":284603},{"id":269912,"n":"P'tit gourmand Nestlé  Vanille - 4x100g","p":1.6,"u":"4,00 €/KG","img":"https://fd6-photos.leclercdrive.fr/image.ashx?id=2946278&use=l&cat=p&typeid=i","cat":312392},{"id":270135,"n":"Déodorant Dove Tout le corps Crème Lavande 72H- 75ml","p":6.37,"u":"84,93 €/L","img":"https://fd6-photos.leclercdrive.fr/image.ashx?id=2927738&use=l&cat=p&typeid=i","cat":284595},{"id":270164,"n":"Sauce pesto Barilla Basilic mozzarella - 190g","p":2.48,"u":"13,05 €/KG","img":"https://fd6-photos.leclercdrive.fr/image.ashx?id=2927699&use=l&cat=p&typeid=i","cat":287599},{"id":270165,"n":"Sauce tomate Barilla Mijoté avec du porc - 300g","p":2.44,"u":"8,13 €/KG","img":"https://fd6-photos.leclercdrive.fr/image.ashx?id=2927696&use=l&cat=p&typeid=i","cat":287599},{"id":270169,"n":"Sauce bolognaise Barilla 300g","p":2.28,"u":"7,60 €/KG","img":"https://fd6-photos.leclercdrive.fr/image.ashx?id=2927693&use=l&cat=p&typeid=i","cat":299047},{"id":270171,"n":"Sauce tomate Barilla à la pancetta - 300g","p":2.41,"u":"8,03 €/KG","img":"https://fd6-photos.leclercdrive.fr/image.ashx?id=2927690&use=l&cat=p&typeid=i","cat":299047},{"id":270173,"n":"Bâtonnets Nuii Pistache d'Anatolie crème x4 284g","p":4.77,"u":"16,80 €/KG","img":"https://fd6-photos.leclercdrive.fr/image.ashx?id=2927630&use=l&cat=p&typeid=i","cat":284265},{"id":270174,"n":"Barre de céréales Golden Graham 8x25g","p":2.88,"u":"14,40 €/KG","img":"https://fd6-photos.leclercdrive.fr/image.ashx?id=2927627&use=l&cat=p&typeid=i","cat":300032},{"id":270187,"n":"Assouplissant Tesori d'Oriente Musc Blanc 42 lavages - 760ML","p":4.69,"u":"6,17 €/L","img":"https://fd6-photos.leclercdrive.fr/image.ashx?id=2927465&use=l&cat=p&typeid=i","cat":284650},{"id":270197,"n":"Saint-Jacques Apéro Celtigel Boursin Fines Herbes - 8x18g","p":4.99,"u":"34,65 €/KG","img":"https://fd6-photos.leclercdrive.fr/image.ashx?id=2928576&use=l&cat=p&typeid=i","cat":319775},{"id":270198,"n":"Barres enfants P'tit Déli  Petales chocolats - 120g","p":1.48,"u":"12,33 €/KG","img":"https://fd6-photos.leclercdrive.fr/image.ashx?id=2926173&use=l&cat=p&typeid=i","cat":300032},{"id":270199,"n":"Saint-Jacques Apéro Celtigel Sauce Champagne - 8x18g","p":4.99,"u":"34,65 €/KG","img":"https://fd6-photos.leclercdrive.fr/image.ashx?id=2928570&use=l&cat=p&typeid=i","cat":319775},{"id":270201,"n":"Saint-Jacques Apéro Celtigel Sauce Sauternes - 8x18g","p":4.99,"u":"34,65 €/KG","img":"https://fd6-photos.leclercdrive.fr/image.ashx?id=2928573&use=l&cat=p&typeid=i","cat":319775},{"id":270237,"n":"Crêpes framboise Whaou! Fruity - x6 180g","p":1.89,"u":"10,50 €/KG","img":"https://fd6-photos.leclercdrive.fr/image.ashx?id=2928741&use=l&cat=p&typeid=i","cat":284494},{"id":270341,"n":"Lessive en feuilles Dr Beckmann L'essentielle - x60 + 20","p":11.61,"u":"0,15 €/P","img":"https://fd6-photos.leclercdrive.fr/image.ashx?id=2929050&use=l&cat=p&typeid=i","cat":284644},{"id":270344,"n":"Lessive en feuilles Dr Beckmann L'éclatante - x60 + 20","p":10.79,"u":"0,13 €/P","img":"https://fd6-photos.leclercdrive.fr/image.ashx?id=2929053&use=l&cat=p&typeid=i","cat":284644},{"id":270349,"n":"Poudre cacaotée Nesquik  Moins de sucre - 350g","p":4.0,"u":"11,43 €/KG","img":"https://fd6-photos.leclercdrive.fr/image.ashx?id=3005380&use=l&cat=p&typeid=i","cat":293235},{"id":270430,"n":"Pain Burgers Pasquier  Le Clasique 4+2 Offerts - 352g","p":2.01,"u":"5,71 €/KG","img":"https://fd6-photos.leclercdrive.fr/image.ashx?id=2928062&use=l&cat=p&typeid=i","cat":325067},{"id":270431,"n":"Pain Burgers - Le Brioché Pasquier - 4+2 Offerts - 352g","p":2.01,"u":"5,71 €/KG","img":"https://fd6-photos.leclercdrive.fr/image.ashx?id=2928065&use=l&cat=p&typeid=i","cat":325067},{"id":270473,"n":"Dessert lacté Nestlé Biscuit dès 6mois - 4x100g","p":1.6,"u":"4,00 €/KG","img":"https://fd6-photos.leclercdrive.fr/image.ashx?id=2934914&use=l&cat=p&typeid=i","cat":312392},{"id":270661,"n":"Ferments lactiques Vahiné Pour yahourt maison -20g","p":3.42,"u":"171,00 €/KG","img":"https://fd6-photos.leclercdrive.fr/image.ashx?id=2930069&use=l&cat=p&typeid=i","cat":284505},{"id":270766,"n":"Eau aromatisée Vittel Aro Fraise framboise - 1L","p":1.28,"u":"1,28 €/L","img":"https://fd6-photos.leclercdrive.fr/image.ashx?id=2940624&use=l&cat=p&typeid=i","cat":284537},{"id":270767,"n":"Eau aromatisée Vittel Aro Fraise framboise - 4x50cl","p":3.65,"u":"3,65 €/L","img":"https://fd6-photos.leclercdrive.fr/image.ashx?id=2940621&use=l&cat=p&typeid=i","cat":284537},{"id":270768,"n":"Eau aromatisée Vittel Aro Pêche abricot - 1L","p":1.26,"u":"1,26 €/L","img":"https://fd6-photos.leclercdrive.fr/image.ashx?id=2940627&use=l&cat=p&typeid=i","cat":284537},{"id":270776,"n":"Ferments lactiques Vahiné Pour yaourt maison - 16g","p":2.62,"u":"163,75 €/KG","img":"https://fd6-photos.leclercdrive.fr/image.ashx?id=2930063&use=l&cat=p&typeid=i","cat":284505},{"id":270778,"n":"Ferments lactiques vahiné Pour yaourt maison","p":3.39,"u":"169,50 €/KG","img":"https://fd6-photos.leclercdrive.fr/image.ashx?id=2930066&use=l&cat=p&typeid=i","cat":284505},{"id":270900,"n":"Fromager saumon fumé Savour 140g","p":2.39,"u":"17,07 €/KG","img":"https://fd6-photos.leclercdrive.fr/image.ashx?id=2992612&use=l&cat=p&typeid=i","cat":315999},{"id":270901,"n":"Fromager échalotes et herbes Savour 140g","p":2.39,"u":"17,07 €/KG","img":"https://fd6-photos.leclercdrive.fr/image.ashx?id=2992615&use=l&cat=p&typeid=i","cat":315999},{"id":270988,"n":"Capsules café L'Or Espresso Brésil N°8 x30","p":9.72,"u":"62,31 €/KG","img":"https://fd6-photos.leclercdrive.fr/image.ashx?id=2938295&use=l&cat=p&typeid=i","cat":284749},{"id":270989,"n":"Barre P'tit Déli Boules choco - 120g","p":1.48,"u":"12,33 €/KG","img":"https://fd6-photos.leclercdrive.fr/image.ashx?id=2930132&use=l&cat=p&typeid=i","cat":300032},{"id":271073,"n":"Déodorant Invisible Care Dove  0% alcool 2x200ml","p":7.48,"u":"18,70 €/L","img":"https://fd6-photos.leclercdrive.fr/image.ashx?id=2938346&use=l&cat=p&typeid=i","cat":284595},{"id":271074,"n":"Déodorant Original Dove 2x200ml","p":7.31,"u":"18,28 €/L","img":"https://fd6-photos.leclercdrive.fr/image.ashx?id=2938343&use=l&cat=p&typeid=i","cat":284595},{"id":271239,"n":"Chocolat Rocher Poulain Lait - 7x32g","p":3.58,"u":"15,98 €/KG","img":"https://fd6-photos.leclercdrive.fr/image.ashx?id=2937409&use=l&cat=p&typeid=i","cat":284499},{"id":271240,"n":"Rocher Poulain Chocolat noir - x7 - 224g","p":2.85,"u":"12,72 €/KG","img":"https://fd6-photos.leclercdrive.fr/image.ashx?id=2963463&use=l&cat=p&typeid=i","cat":284499},{"id":271245,"n":"Ramette de papier A4 75g Eco+ - 500 feuilles","p":3.57,"u":"0,01 €/P","img":"https://fd6-photos.leclercdrive.fr/image.ashx?id=2943142&use=l&cat=p&typeid=i","cat":284697},{"id":271277,"n":"Preparation crème glacée Vanille bourbon - 200g","p":3.25,"u":"16,25 €/KG","img":"https://fd6-photos.leclercdrive.fr/image.ashx?id=2936332&use=l&cat=p&typeid=i","cat":284505},{"id":271284,"n":"Préparation creme glacée Vahiné Chocolat noir - 210g","p":3.25,"u":"15,48 €/KG","img":"https://fd6-photos.leclercdrive.fr/image.ashx?id=2936335&use=l&cat=p&typeid=i","cat":284505},{"id":271285,"n":"Pepites de chocolat Vahiné  Brownies - 310g","p":3.35,"u":"10,81 €/KG","img":"https://fd6-photos.leclercdrive.fr/image.ashx?id=2936320&use=l&cat=p&typeid=i","cat":284505},{"id":271449,"n":"Cookies chunks Vahiné 3 chocolats - 330g","p":3.37,"u":"10,21 €/KG","img":"https://fd6-photos.leclercdrive.fr/image.ashx?id=2936329&use=l&cat=p&typeid=i","cat":284505},{"id":271457,"n":"Papier toilette Le Trèfle Infini x4","p":5.24,"u":"1,31 €/P","img":"https://fd6-photos.leclercdrive.fr/image.ashx?id=2938193&use=l&cat=p&typeid=i","cat":284634},{"id":271461,"n":"Essuie-tout Sopalin Power x3","p":2.79,"u":"0,93 €/P","img":"https://fd6-photos.leclercdrive.fr/image.ashx?id=2964078&use=l&cat=p&typeid=i","cat":284635},{"id":271465,"n":"Préparation Vahiné  gaufres pancakes crepes - 240g","p":2.67,"u":"11,13 €/KG","img":"https://fd6-photos.leclercdrive.fr/image.ashx?id=2936323&use=l&cat=p&typeid=i","cat":284505},{"id":271466,"n":"Préparation Vahiné Cookies muffins cake - 300g","p":2.69,"u":"8,97 €/KG","img":"https://fd6-photos.leclercdrive.fr/image.ashx?id=2936326&use=l&cat=p&typeid=i","cat":284505},{"id":271513,"n":"Ramen Tables du Monde 362g","p":2.47,"u":"6,82 €/KG","img":"https://fd6-photos.leclercdrive.fr/image.ashx?id=2931974&use=l&cat=p&typeid=i","cat":288992},{"id":271515,"n":"Ramen Tables du Monde Boeuf - 362g","p":2.47,"u":"6,82 €/KG","img":"https://fd6-photos.leclercdrive.fr/image.ashx?id=2931977&use=l&cat=p&typeid=i","cat":288992},{"id":271547,"n":"Martini Bitter  25° - 1 L","p":23.01,"u":"23,01 €/L","img":"https://fd6-photos.leclercdrive.fr/image.ashx?id=2938085&use=l&cat=p&typeid=i","cat":284913},{"id":271840,"n":"Boisson orange  Pago Sans pulpe - 75cl","p":2.15,"u":"2,87 €/L","img":"https://fd6-photos.leclercdrive.fr/image.ashx?id=2940738&use=l&cat=p&typeid=i","cat":284521},{"id":271855,"n":"Lasagnes végé bolognaise Fleury Michon 300g","p":3.82,"u":"12,73 €/KG","img":"https://fd6-photos.leclercdrive.fr/image.ashx?id=2939640&use=l&cat=p&typeid=i","cat":316036},{"id":271881,"n":"Crème dessert Vahiné à la  vanille de Bourbon - 300g","p":2.8,"u":"9,33 €/KG","img":"https://fd6-photos.leclercdrive.fr/image.ashx?id=2936338&use=l&cat=p&typeid=i","cat":284505},{"id":271967,"n":"Déodorant spray Adidas After sport 150ml","p":2.66,"u":"17,73 €/L","img":"https://fd6-photos.leclercdrive.fr/image.ashx?id=2937367&use=l&cat=p&typeid=i","cat":284618},{"id":271971,"n":"Déodorant bille Sanex Natur  Protect Aloe vera 50ml","p":3.88,"u":"77,60 €/L","img":"https://fd6-photos.leclercdrive.fr/image.ashx?id=2938310&use=l&cat=p&typeid=i","cat":284595},{"id":271976,"n":"Brosse à dent Elmex Sensitive x1","p":3.79,"img":"https://fd6-photos.leclercdrive.fr/image.ashx?id=2938307&use=l&cat=p&typeid=i","cat":284614},{"id":271978,"n":"Dentifrice Blancheur Signal White Now 3en1 blancheur 75ml","p":4.76,"u":"63,47 €/L","img":"https://fd6-photos.leclercdrive.fr/image.ashx?id=2985684&use=l&cat=p&typeid=i","cat":284612},{"id":271982,"n":"Dentifrice Blancheur Signal White Now 3en1 Charbon 75ml","p":4.88,"u":"65,07 €/L","img":"https://fd6-photos.leclercdrive.fr/image.ashx?id=2938340&use=l&cat=p&typeid=i","cat":284612},{"id":271995,"n":"Dentifrice Sensodyne  Sensibilité & gencives 75ml","p":4.63,"u":"61,73 €/L","img":"https://fd6-photos.leclercdrive.fr/image.ashx?id=2937799&use=l&cat=p&typeid=i","cat":284612},{"id":271998,"n":"Dentifrice Sensodyne Multi-protection 75ml","p":4.74,"u":"63,20 €/L","img":"https://fd6-photos.leclercdrive.fr/image.ashx?id=2937802&use=l&cat=p&typeid=i","cat":284612},{"id":271999,"n":"Soin douche Le Petit  Marseillais Lait d'avoine 400ml","p":3.19,"u":"7,98 €/L","img":"https://fd6-photos.leclercdrive.fr/image.ashx?id=2937298&use=l&cat=p&typeid=i","cat":284594},{"id":272001,"n":"Soin douche Le Petit Marseillais Lait de riz 400ml","p":3.14,"u":"7,85 €/L","img":"https://fd6-photos.leclercdrive.fr/image.ashx?id=2937301&use=l&cat=p&typeid=i","cat":284594},{"id":272116,"n":"Chips Savour Poivre noir - 120g","p":1.65,"u":"13,75 €/KG","img":"https://fd6-photos.leclercdrive.fr/image.ashx?id=2933470&use=l&cat=p&typeid=i","cat":284447},{"id":272118,"n":"Riz basmati Taureau Ailé Doypack citron 220g","p":1.65,"u":"7,50 €/KG","img":"https://fd6-photos.leclercdrive.fr/image.ashx?id=2948237&use=l&cat=p&typeid=i","cat":287600},{"id":272119,"n":"Doypack  basmati Taureau Ailé Curry vert - 220g","p":1.65,"u":"7,50 €/KG","img":"https://fd6-photos.leclercdrive.fr/image.ashx?id=2948240&use=l&cat=p&typeid=i","cat":287600},{"id":272145,"n":"Latté Kitkat Nescafé  273g","p":4.95,"u":"18,13 €/KG","img":"https://fd6-photos.leclercdrive.fr/image.ashx?id=2952178&use=l&cat=p&typeid=i","cat":284843},{"id":272256,"n":"Pains Burger Brioché Epi d'Or x4 - 250g","p":1.25,"u":"5,00 €/KG","img":"https://fd6-photos.leclercdrive.fr/image.ashx?id=2933613&use=l&cat=p&typeid=i","cat":325067},{"id":272349,"n":"Sérum visage Nivea Anti-age  30ml","p":25.41,"u":"847,00 €/L","img":"https://fd6-photos.leclercdrive.fr/image.ashx?id=2991304&use=l&cat=p&typeid=i","cat":325345},{"id":272351,"n":"Masque Sérum Garnier Hyaluron+  Répare tissus x1","p":2.83,"img":"https://fd6-photos.leclercdrive.fr/image.ashx?id=2986657&use=l&cat=p&typeid=i","cat":325346},{"id":272844,"n":"Boisson hydratation Prime Lemonade - 500ml","p":1.79,"u":"3,58 €/L","img":"https://fd6-photos.leclercdrive.fr/image.ashx?id=2964000&use=l&cat=p&typeid=i","cat":284533},{"id":272863,"n":"Pop billes Leerdammer x12 45g","p":1.94,"u":"43,11 €/KG","img":"https://fd6-photos.leclercdrive.fr/image.ashx?id=2964261&use=l&cat=p&typeid=i","cat":314027},{"id":273197,"n":"Bière blonde Leffe canette Rituel 9% vol. - 50cl","p":2.23,"u":"4,46 €/L","img":"https://fd6-photos.leclercdrive.fr/image.ashx?id=2963928&use=l&cat=p&typeid=i","cat":334853},{"id":273424,"n":"Boisson petillante Perrier Citron - 6x1L","p":5.4,"u":"0,90 €/L","img":"https://fd6-photos.leclercdrive.fr/image.ashx?id=2948522&use=l&cat=p&typeid=i","cat":284536},{"id":273426,"n":"Boisson énergisante Crazy Tiger 35cl","p":0.99,"u":"2,83 €/L","img":"https://fd6-photos.leclercdrive.fr/image.ashx?id=2955032&use=l&cat=p&typeid=i","cat":284533},{"id":273444,"n":"Riz Taureau Ailé 2x500g","p":3.15,"u":"3,15 €/KG","img":"https://fd6-photos.leclercdrive.fr/image.ashx?id=2963745&use=l&cat=p&typeid=i","cat":284428},{"id":273449,"n":"Riz basmati Taureau Ailé  2x500g","p":3.15,"u":"3,15 €/KG","img":"https://fd6-photos.leclercdrive.fr/image.ashx?id=2963748&use=l&cat=p&typeid=i","cat":284428},{"id":273464,"n":"Culotte Tena Silhouette Plus noir - 12p","p":6.94,"u":"0,58 €/P","img":"https://fd6-photos.leclercdrive.fr/image.ashx?id=2951037&use=l&cat=p&typeid=i","cat":284628},{"id":273467,"n":"Culotte Tena Silhouette Plus Noir - x10p","p":6.94,"u":"0,69 €/P","img":"https://fd6-photos.leclercdrive.fr/image.ashx?id=2951040&use=l&cat=p&typeid=i","cat":284628},{"id":273468,"n":"Culottes Tena Silhouette Plus Blanc - x10p","p":6.94,"u":"0,69 €/P","img":"https://fd6-photos.leclercdrive.fr/image.ashx?id=2951043&use=l&cat=p&typeid=i","cat":284628},{"id":273540,"n":"Pur Jus Clémentine  Corse - 1L","p":2.99,"u":"2,99 €/L","img":"https://fd6-photos.leclercdrive.fr/image.ashx?id=2941315&use=l&cat=p&typeid=i","cat":284915},{"id":273764,"n":"Harpic Power plus Original - 1L","p":2.44,"u":"2,44 €/L","img":"https://fd6-photos.leclercdrive.fr/image.ashx?id=2946217&use=l&cat=p&typeid=i","cat":284662},{"id":273765,"n":"Harpic Power plus Marine - 1L","p":2.44,"u":"2,44 €/L","img":"https://fd6-photos.leclercdrive.fr/image.ashx?id=2948174&use=l&cat=p&typeid=i","cat":284662},{"id":273837,"n":"Eau minérale naturelle Vittel - 75cl","p":0.51,"u":"0,68 €/L","img":"https://fd6-photos.leclercdrive.fr/image.ashx?id=2953857&use=l&cat=p&typeid=i","cat":284535},{"id":273864,"n":"Capsules lave-vaisselle Finish Ultimate - x57 - 735g","p":11.88,"pp":7.13,"u":"9,70 €/KG","img":"https://fd6-photos.leclercdrive.fr/image.ashx?id=3011593&use=l&cat=p&typeid=i","cat":284656},{"id":273870,"n":"Mini ruban correcteur Esquisse Rouge, Bleu, Gris - x3","p":1.99,"img":"https://fd6-photos.leclercdrive.fr/image.ashx?id=2943331&use=l&cat=p&typeid=i","cat":334133},{"id":273928,"n":"Rillettes de poulet Bordeau Chesnel 220g + 110g offerts","p":2.67,"u":"8,09 €/KG","img":"https://fd6-photos.leclercdrive.fr/image.ashx?id=2943840&use=l&cat=p&typeid=i","cat":316008},{"id":273983,"n":"Carottes baie du Mont St-Michel Nos Régions ont du Talent 1kg","p":1.99,"u":"1,99 €/KG","img":"https://fd6-photos.leclercdrive.fr/image.ashx?id=2943024&use=l&cat=p&typeid=i","cat":284352},{"id":274035,"n":"Bière rouge Jenlain 75cl","p":3.25,"u":"4,33 €/L","img":"https://fd6-photos.leclercdrive.fr/image.ashx?id=2944002&use=l&cat=p&typeid=i","cat":334852},{"id":274074,"n":"AOC Médoc vin rouge Bordeaux Château L'Estran - 75cl","p":7.95,"pp":5.25,"u":"7,00 €/L","img":"https://fd6-photos.leclercdrive.fr/image.ashx?id=2944248&use=l&cat=p&typeid=i","cat":289556},{"id":274082,"n":"Lame de rasoir ComfortGlide Breeze - x4","p":15.56,"img":"https://fd6-photos.leclercdrive.fr/image.ashx?id=2944440&use=l&cat=p&typeid=i","cat":325352},{"id":274343,"n":"Café dosettes Tassimo Milka x10","p":4.97,"u":"31,06 €/KG","img":"https://fd6-photos.leclercdrive.fr/image.ashx?id=2944461&use=l&cat=p&typeid=i","cat":293240},{"id":274347,"n":"Sauté de veau William Saurin Legumes - 280g","p":3.23,"u":"11,54 €/KG","img":"https://fd6-photos.leclercdrive.fr/image.ashx?id=2943984&use=l&cat=p&typeid=i","cat":284953},{"id":274373,"n":"Yaourt brassé Yaos morceaux Ananas mangue passion 4x125g","p":2.94,"u":"5,88 €/KG","img":"https://fd6-photos.leclercdrive.fr/image.ashx?id=2944645&use=l&cat=p&typeid=i","cat":284410},{"id":274374,"n":"Yaourt brassé Yaos morceaux  Framboise mûre myrtille 4x125g","p":2.89,"u":"5,78 €/KG","img":"https://fd6-photos.leclercdrive.fr/image.ashx?id=2944642&use=l&cat=p&typeid=i","cat":284410},{"id":274376,"n":"Petit pot de crème La Laitière Choco noisette - 4x100g","p":2.22,"u":"5,55 €/KG","img":"https://fd6-photos.leclercdrive.fr/image.ashx?id=2944648&use=l&cat=p&typeid=i","cat":285041},{"id":274384,"n":"Pâtée pour chien Lily's Kitchen Poulet et légumes - 400g","p":3.87,"u":"9,68 €/KG","img":"https://fd6-photos.leclercdrive.fr/image.ashx?id=2944927&use=l&cat=p&typeid=i","cat":288578},{"id":274385,"n":"Friandises Lily's Kitchen au boeuf - 70g","p":2.86,"u":"40,86 €/KG","img":"https://fd6-photos.leclercdrive.fr/image.ashx?id=2944930&use=l&cat=p&typeid=i","cat":294527},{"id":274386,"n":"Friandises Lily's Kitchen au poulet - 70g","p":2.86,"u":"40,86 €/KG","img":"https://fd6-photos.leclercdrive.fr/image.ashx?id=2944933&use=l&cat=p&typeid=i","cat":294527},{"id":274395,"n":"Friandises Lily's Kitchen Poulet et Saumon - 70g","p":4.23,"u":"60,43 €/KG","img":"https://fd6-photos.leclercdrive.fr/image.ashx?id=2944936&use=l&cat=p&typeid=i","cat":294527},{"id":274403,"n":"Friandises Lily's Kitchen  au Canard - 70g","p":2.86,"u":"40,86 €/KG","img":"https://fd6-photos.leclercdrive.fr/image.ashx?id=2944939&use=l&cat=p&typeid=i","cat":294527},{"id":274410,"n":"Terrine Lily's Kitchen  Boeuf et légumes - 150g","p":1.82,"u":"12,13 €/KG","img":"https://fd6-photos.leclercdrive.fr/image.ashx?id=2944945&use=l&cat=p&typeid=i","cat":284673},{"id":274415,"n":"Terrine Lily's Kitchen Agneau, Légumes, Myrtille- 150g","p":1.77,"u":"1,18 €/L","img":"https://fd6-photos.leclercdrive.fr/image.ashx?id=2944951&use=l&cat=p&typeid=i","cat":284673},{"id":274421,"n":"Compotes Pom'Potes Pomme  Poire Banane - x4 - 360g","p":2.19,"u":"6,08 €/KG","img":"https://fd6-photos.leclercdrive.fr/image.ashx?id=2949826&use=l&cat=p&typeid=i","cat":284508},{"id":274422,"n":"Compotes Pom'Potes Pomme  Fraise Cerise - x4 - 360g","p":2.22,"u":"6,17 €/KG","img":"https://fd6-photos.leclercdrive.fr/image.ashx?id=3010921&use=l&cat=p&typeid=i","cat":284508},{"id":274424,"n":"Compotes Pom-Potes Pomme Pêche  Poire Framboise - x12 - 1.08kg","p":5.64,"u":"5,22 €/KG","img":"https://fd6-photos.leclercdrive.fr/image.ashx?id=3010966&use=l&cat=p&typeid=i","cat":284508},{"id":274426,"n":"Compotes Pom'Potes Pomme  Framboise Citron vert x4 - 360g","p":2.18,"u":"6,06 €/KG","img":"https://fd6-photos.leclercdrive.fr/image.ashx?id=2943813&use=l&cat=p&typeid=i","cat":284508},{"id":274427,"n":"Compotes Pom'Potes Pomme Pêche  Pamplemousse - x4 - 360g","p":2.18,"u":"6,06 €/KG","img":"https://fd6-photos.leclercdrive.fr/image.ashx?id=3010918&use=l&cat=p&typeid=i","cat":284508},{"id":274428,"n":"Compotes Pom'Potes Pomme Ananas Orange/Citron - x12 - 1.08kg","p":5.59,"u":"5,18 €/KG","img":"https://fd6-photos.leclercdrive.fr/image.ashx?id=3010963&use=l&cat=p&typeid=i","cat":284508},{"id":274430,"n":"Compotes Pom'Potes Les P'tits Explorateurs - x20 - 1.8kg","p":8.18,"u":"4,54 €/KG","img":"https://fd6-photos.leclercdrive.fr/image.ashx?id=2943825&use=l&cat=p&typeid=i","cat":284508},{"id":274492,"n":"Harpic lingettes Original x72","p":2.45,"u":"0,03 €/P","img":"https://fd6-photos.leclercdrive.fr/image.ashx?id=2946272&use=l&cat=p&typeid=i","cat":325358},{"id":274493,"n":"Harpic tablettes power plus Fraicheur active pin  x6","p":2.45,"u":"0,41 €/P","img":"https://fd6-photos.leclercdrive.fr/image.ashx?id=2946275&use=l&cat=p&typeid=i","cat":284662},{"id":274505,"n":"Yaourt à la Grecque Danone Vanille -4x110g","p":2.39,"u":"5,43 €/KG","img":"https://fd6-photos.leclercdrive.fr/image.ashx?id=2992738&use=l&cat=p&typeid=i","cat":314999},{"id":274509,"n":"Yaourt à la Grecque Danone Fraise - 4x110g","p":2.42,"u":"5,50 €/KG","img":"https://fd6-photos.leclercdrive.fr/image.ashx?id=2992729&use=l&cat=p&typeid=i","cat":314999},{"id":274526,"n":"Capsules lave-vaisselle Finish Ultimate Plus - Citron - 573g","p":11.88,"pp":7.13,"u":"12,44 €/KG","img":"https://fd6-photos.leclercdrive.fr/image.ashx?id=2945646&use=l&cat=p&typeid=i","cat":284656},{"id":274528,"n":"Capsules lave-vaisselle Finish Quantum - Citron - 707g x68","p":11.88,"pp":7.13,"u":"10,08 €/KG","img":"https://fd6-photos.leclercdrive.fr/image.ashx?id=2945643&use=l&cat=p&typeid=i","cat":284656},{"id":274530,"n":"Capsules lave-vaisselle Finish Ultimate - Citron - 735g x57","p":11.88,"pp":7.13,"u":"9,70 €/KG","img":"https://fd6-photos.leclercdrive.fr/image.ashx?id=2945649&use=l&cat=p&typeid=i","cat":284656},{"id":274531,"n":"Capsules lave-vaisselle Finish Ultimate Plus Bicarbonate 268g","p":6.59,"u":"24,59 €/KG","img":"https://fd6-photos.leclercdrive.fr/image.ashx?id=2945652&use=l&cat=p&typeid=i","cat":284656},{"id":274537,"n":"Recharges diffuseur électrique  Airwick - Duo coton - 38ml","p":8.26,"u":"217,37 €/L","img":"https://fd6-photos.leclercdrive.fr/image.ashx?id=2945637&use=l&cat=p&typeid=i","cat":311629},{"id":274538,"n":"Recharge diffuseur électrique Airwick - Vanille - 19ml","p":2.94,"u":"154,74 €/L","img":"https://fd6-photos.leclercdrive.fr/image.ashx?id=2945634&use=l&cat=p&typeid=i","cat":311629},{"id":274540,"n":"Recharges spray automatique Airwick - Bois - 228ml","p":5.91,"u":"25,92 €/L","img":"https://fd6-photos.leclercdrive.fr/image.ashx?id=2945631&use=l&cat=p&typeid=i","cat":311629},{"id":274541,"n":"Yaourt à la Grecque Danone Stracciatella - 4x110g","p":2.41,"u":"5,48 €/KG","img":"https://fd6-photos.leclercdrive.fr/image.ashx?id=2992735&use=l&cat=p&typeid=i","cat":314999},{"id":274544,"n":"Recharge diffuseur électrique Airwick - Coton - 19ml","p":4.61,"u":"242,63 €/L","img":"https://fd6-photos.leclercdrive.fr/image.ashx?id=2945640&use=l&cat=p&typeid=i","cat":311629},{"id":274550,"n":"Recharge diffuseur électrique Airwick - Cerisier - 19ml","p":4.56,"u":"240,00 €/L","img":"https://fd6-photos.leclercdrive.fr/image.ashx?id=2945832&use=l&cat=p&typeid=i","cat":311629},{"id":274552,"n":"Recharge diffuseur électrique Airwick - Brume coton - 20ml","p":5.27,"u":"263,50 €/L","img":"https://fd6-photos.leclercdrive.fr/image.ashx?id=2945835&use=l&cat=p&typeid=i","cat":311629},{"id":274554,"n":"Yaourt à la Grecque Danone Citron - 4x110g","p":1.58,"u":"3,59 €/KG","img":"https://fd6-photos.leclercdrive.fr/image.ashx?id=2992744&use=l&cat=p&typeid=i","cat":314999},{"id":274555,"n":"Yaourt à la Grecque Danone Caramel - 4x110g","p":2.48,"u":"5,64 €/KG","img":"https://fd6-photos.leclercdrive.fr/image.ashx?id=2992741&use=l&cat=p&typeid=i","cat":314999},{"id":274960,"n":"Vin mousseux Café de Paris brut rosé - 4x75cl + 2 offertes","p":29.04,"u":"6,45 €/L","img":"https://fd6-photos.leclercdrive.fr/image.ashx?id=2962251&use=l&cat=p&typeid=i","cat":284544},{"id":274961,"n":"Vin mousseux blanc demi-sec Café de Paris 4x75cl+2 offertes","p":29.04,"u":"6,45 €/L","img":"https://fd6-photos.leclercdrive.fr/image.ashx?id=2946511&use=l&cat=p&typeid=i","cat":284544},{"id":274977,"n":"Lingettes Carolin Multi-usages  x80","p":3.45,"u":"0,04 €/P","img":"https://fd6-photos.leclercdrive.fr/image.ashx?id=2946562&use=l&cat=p&typeid=i","cat":325358},{"id":275024,"n":"Lingettes serpillières Carolin  Tous types de sols - x15","p":3.52,"u":"0,23 €/P","img":"https://fd6-photos.leclercdrive.fr/image.ashx?id=2946970&use=l&cat=p&typeid=i","cat":284907},{"id":275025,"n":"Lingettes serpillières Carolin  pour parquets - x15","p":3.66,"u":"0,24 €/P","img":"https://fd6-photos.leclercdrive.fr/image.ashx?id=2946973&use=l&cat=p&typeid=i","cat":284907},{"id":275040,"n":"Dentastix Light Pedigree  Grand chien - x7 - 152g","p":2.53,"u":"16,64 €/KG","img":"https://fd6-photos.leclercdrive.fr/image.ashx?id=2946625&use=l&cat=p&typeid=i","cat":294527},{"id":275041,"n":"Dentastix Light Pedigree  Moyen chien - x7 - 98g","p":1.57,"u":"16,02 €/KG","img":"https://fd6-photos.leclercdrive.fr/image.ashx?id=2946628&use=l&cat=p&typeid=i","cat":294527},{"id":275046,"n":"Dentastix Light Pedigree Petit chien - x7 - 58g","p":1.23,"u":"21,21 €/KG","img":"https://fd6-photos.leclercdrive.fr/image.ashx?id=2946631&use=l&cat=p&typeid=i","cat":294527},{"id":275207,"n":"Lait-sérum Nivea Corps raffermissant Q10 200ml","p":12.78,"u":"63,90 €/L","img":"https://fd6-photos.leclercdrive.fr/image.ashx?id=2947156&use=l&cat=p&typeid=i","cat":325349},{"id":275209,"n":"Sérum visage Nivea Luminous 360 Skin Glow Eclat immédiat - 30ml","p":15.92,"u":"530,67 €/L","img":"https://fd6-photos.leclercdrive.fr/image.ashx?id=2977660&use=l&cat=p&typeid=i","cat":325345},{"id":275215,"n":"Eau micellaire démaquillant Nivea Peaux imperfections 400ml","p":5.99,"u":"14,98 €/MT","img":"https://fd6-photos.leclercdrive.fr/image.ashx?id=2947168&use=l&cat=p&typeid=i","cat":284603},{"id":275217,"n":"Crème visage jour Nivea Anti-âge repulpant SPF30 50ml","p":12.99,"u":"259,80 €/L","img":"https://fd6-photos.leclercdrive.fr/image.ashx?id=3000815&use=l&cat=p&typeid=i","cat":325345},{"id":275222,"n":"Trio de poivrons Cassegrain Sarrasin - 375g","p":3.51,"u":"9,36 €/KG","img":"https://fd6-photos.leclercdrive.fr/image.ashx?id=2953459&use=l&cat=p&typeid=i","cat":287599},{"id":275223,"n":"Miel de fleurs Lune de Miel Gelée royale - 230g","p":4.94,"u":"21,48 €/KG","img":"https://fd6-photos.leclercdrive.fr/image.ashx?id=2984877&use=l&cat=p&typeid=i","cat":287643},{"id":275224,"n":"Barre de céréales Lion 8x25g","p":2.88,"u":"14,40 €/KG","img":"https://fd6-photos.leclercdrive.fr/image.ashx?id=2947195&use=l&cat=p&typeid=i","cat":285869},{"id":275225,"n":"Barre de céréales Chocapic 8x25g","p":2.88,"u":"14,40 €/KG","img":"https://fd6-photos.leclercdrive.fr/image.ashx?id=2947198&use=l&cat=p&typeid=i","cat":285869},{"id":275232,"n":"Sérum Nivea Q10 Anti-rides Tous types de peaux -15ml","p":10.76,"u":"717,33 €/L","img":"https://fd6-photos.leclercdrive.fr/image.ashx?id=3014611&use=l&cat=p&typeid=i","cat":325345},{"id":275236,"n":"Lingettes Carolin  Anti-bactériennes  - x80","p":3.34,"u":"0,04 €/P","img":"https://fd6-photos.leclercdrive.fr/image.ashx?id=2946964&use=l&cat=p&typeid=i","cat":325358},{"id":275238,"n":"Lingettes Carolin  Anti-bactériennes - x80","p":3.29,"u":"0,04 €/P","img":"https://fd6-photos.leclercdrive.fr/image.ashx?id=2946967&use=l&cat=p&typeid=i","cat":325358},{"id":275240,"n":"Lingettes Carolin Citron Ultra dégraissant - x80","p":3.25,"u":"0,04 €/P","img":"https://fd6-photos.leclercdrive.fr/image.ashx?id=2946976&use=l&cat=p&typeid=i","cat":325358},{"id":275244,"n":"Dentifrice Sensodyne  Sensibilité et gencives -75ml","p":4.67,"u":"62,27 €/L","img":"https://fd6-photos.leclercdrive.fr/image.ashx?id=2947180&use=l&cat=p&typeid=i","cat":284612},{"id":275245,"n":"Dentifrice Sensodyne Blancheur - 75ml","p":4.44,"u":"59,20 €/L","img":"https://fd6-photos.leclercdrive.fr/image.ashx?id=2947183&use=l&cat=p&typeid=i","cat":284612},{"id":275249,"n":"Spray aérosol Airwick  Baies sauvages -250ml","p":4.36,"u":"17,44 €/L","img":"https://fd6-photos.leclercdrive.fr/image.ashx?id=2947066&use=l&cat=p&typeid=i","cat":311626},{"id":275260,"n":"Déodorant spray Sanex Aloe vera Bio Sensitive - 200ml","p":3.86,"u":"19,30 €/L","img":"https://fd6-photos.leclercdrive.fr/image.ashx?id=2948537&use=l&cat=p&typeid=i","cat":284595},{"id":275352,"n":"Déodorant bille bio Sanex Bambou Fresh - 50ml","p":3.86,"u":"77,20 €/L","img":"https://fd6-photos.leclercdrive.fr/image.ashx?id=2949088&use=l&cat=p&typeid=i","cat":284595},{"id":275353,"n":"Déodorant bille Sanex Minéral efficacité - 50ml","p":4.06,"u":"81,20 €/L","img":"https://fd6-photos.leclercdrive.fr/image.ashx?id=2949091&use=l&cat=p&typeid=i","cat":284595},{"id":275360,"n":"Aiguillettes de poulet 500g","p":6.29,"u":"12,58 €/KG","img":"https://fd6-photos.leclercdrive.fr/image.ashx?id=2955839&use=l&cat=p&typeid=i","cat":284336},{"id":275372,"n":"Emincés de filet de poulet A la minute - 500g","p":5.95,"u":"11,90 €/KG","img":"https://fd6-photos.leclercdrive.fr/image.ashx?id=2963931&use=l&cat=p&typeid=i","cat":284336},{"id":275381,"n":"Gel douche Dop Lait végétal Pyrénées - 480ml","p":2.98,"u":"6,21 €/L","img":"https://fd6-photos.leclercdrive.fr/image.ashx?id=2955348&use=l&cat=p&typeid=i","cat":284594},{"id":275398,"n":"Saucisse Knacki Herta Sel réduit - x6 - 210g","p":2.58,"u":"12,29 €/KG","img":"https://fd6-photos.leclercdrive.fr/image.ashx?id=2948824&use=l&cat=p&typeid=i","cat":316012},{"id":275401,"n":"Knacki Gourmande Herta  100% pur porc x4 - 280g","p":2.6,"u":"9,29 €/KG","img":"https://fd6-photos.leclercdrive.fr/image.ashx?id=2948827&use=l&cat=p&typeid=i","cat":316012},{"id":275405,"n":"Shampooing Dop Hair Amande - 480ml","p":2.85,"u":"5,94 €/L","img":"https://fd6-photos.leclercdrive.fr/image.ashx?id=2955369&use=l&cat=p&typeid=i","cat":284606},{"id":275410,"n":"Shampooing Dop Vitamines - 480ml","p":2.98,"u":"6,21 €/L","img":"https://fd6-photos.leclercdrive.fr/image.ashx?id=2955384&use=l&cat=p&typeid=i","cat":284606},{"id":275506,"n":"Lait Le Petit Marseillais Nutrition Amande Argan 250ml","p":4.14,"u":"16,56 €/L","img":"https://fd6-photos.leclercdrive.fr/image.ashx?id=2950330&use=l&cat=p&typeid=i","cat":325349},{"id":275507,"n":"Lait Le Petit Marseillais Nutrition Argan 400ml","p":4.95,"u":"12,38 €/L","img":"https://fd6-photos.leclercdrive.fr/image.ashx?id=2950333&use=l&cat=p&typeid=i","cat":325349},{"id":275508,"n":"Shampooing Le Petit Marseillais Blonde ensolleilé 300ml","p":2.55,"u":"8,50 €/L","img":"https://fd6-photos.leclercdrive.fr/image.ashx?id=2950336&use=l&cat=p&typeid=i","cat":284606},{"id":275509,"n":"Shampooing Dessange Couleur - 280ml","p":4.99,"u":"17,82 €/L","img":"https://fd6-photos.leclercdrive.fr/image.ashx?id=2955405&use=l&cat=p&typeid=i","cat":284606},{"id":275514,"n":"Shampooing nourrissant Timotei Huiles précieuses - 300ml","p":2.51,"u":"8,37 €/L","img":"https://fd6-photos.leclercdrive.fr/image.ashx?id=2950699&use=l&cat=p&typeid=i","cat":284606},{"id":275520,"n":"Shampooing Timotei Purifiant & détox - 300ml","p":2.52,"u":"8,40 €/L","img":"https://fd6-photos.leclercdrive.fr/image.ashx?id=2950705&use=l&cat=p&typeid=i","cat":284606},{"id":275522,"n":"Savon solide L'Arbrez vert Doux - Peaux sensibles 2x100g","p":1.95,"u":"9,75 €/KG","img":"https://fd6-photos.leclercdrive.fr/image.ashx?id=2950291&use=l&cat=p&typeid=i","cat":284597},{"id":275523,"n":"Shampooing Head & Shoulders Hydrate - 250ml","p":5.28,"u":"21,12 €/L","img":"https://fd6-photos.leclercdrive.fr/image.ashx?id=2950873&use=l&cat=p&typeid=i","cat":284606},{"id":275525,"n":"Shampooing Head & Shoulders Revitalise - 250ml","p":6.26,"u":"25,04 €/L","img":"https://fd6-photos.leclercdrive.fr/image.ashx?id=2950876&use=l&cat=p&typeid=i","cat":284606},{"id":275527,"n":"Eponge Spontex L'essentielle - x3","p":1.84,"img":"https://fd6-photos.leclercdrive.fr/image.ashx?id=2950255&use=l&cat=p&typeid=i","cat":284667},{"id":275528,"n":"Sérum Dessange Extrême 3 huiles - 110ml","p":9.49,"u":"86,27 €/L","img":"https://fd6-photos.leclercdrive.fr/image.ashx?id=2954624&use=l&cat=p&typeid=i","cat":284608},{"id":275529,"n":"Soin cheveux Dessange Nutri-richesse - 110ml","p":6.83,"u":"62,09 €/L","img":"https://fd6-photos.leclercdrive.fr/image.ashx?id=2955390&use=l&cat=p&typeid=i","cat":284608},{"id":275531,"n":"Masque Dessange Nutri-Extrême - 280ml","p":7.87,"u":"28,11 €/L","img":"https://fd6-photos.leclercdrive.fr/image.ashx?id=2955393&use=l&cat=p&typeid=i","cat":284608},{"id":275601,"n":"Gel douche Dove Hydratant - 2x450ml","p":8.76,"u":"9,73 €/L","img":"https://fd6-photos.leclercdrive.fr/image.ashx?id=2949583&use=l&cat=p&typeid=i","cat":284594},{"id":275604,"n":"Lingettes Demak'up Fraîcheur Peaux sensibles 3x25","p":5.71,"img":"https://fd6-photos.leclercdrive.fr/image.ashx?id=2949520&use=l&cat=p&typeid=i","cat":284603},{"id":275607,"n":"Gel douche Dove Fraîcheur - 2x450ml","p":8.76,"u":"9,73 €/L","img":"https://fd6-photos.leclercdrive.fr/image.ashx?id=2949580&use=l&cat=p&typeid=i","cat":284594},{"id":275608,"n":"Dentifrice Sensodyne Sensibilité quotidienne 2x75ml","p":6.1,"u":"40,67 €/L","img":"https://fd6-photos.leclercdrive.fr/image.ashx?id=2949571&use=l&cat=p&typeid=i","cat":284612},{"id":275615,"n":"Gel douche Ushuaïa Minéraux marins - 280ml","p":2.67,"u":"9,54 €/L","img":"https://fd6-photos.leclercdrive.fr/image.ashx?id=3008791&use=l&cat=p&typeid=i","cat":284594},{"id":275616,"n":"Gel douche délassante Ushuaïa Huile essentielle d'Ylang 280ml","p":2.67,"u":"9,54 €/L","img":"https://fd6-photos.leclercdrive.fr/image.ashx?id=2949544&use=l&cat=p&typeid=i","cat":284594},{"id":275618,"n":"Gel douche hydratant Ushuaïa Grenade - 280ml","p":2.67,"u":"9,54 €/L","img":"https://fd6-photos.leclercdrive.fr/image.ashx?id=2949550&use=l&cat=p&typeid=i","cat":284594},{"id":275619,"n":"Crème de douche Ushuaïa Lait de coco - 280ml","p":2.69,"u":"9,61 €/L","img":"https://fd6-photos.leclercdrive.fr/image.ashx?id=2949553&use=l&cat=p&typeid=i","cat":284594},{"id":275620,"n":"Gel douche tonifiant Ushuaïa Extrait de cèdre - 280ml","p":2.65,"u":"9,46 €/L","img":"https://fd6-photos.leclercdrive.fr/image.ashx?id=2949556&use=l&cat=p&typeid=i","cat":284594},{"id":275659,"n":"Soin visage Garnier BHA+ Niacinamide SPF50+ - 40ml","p":9.66,"u":"241,50 €/L","img":"https://fd6-photos.leclercdrive.fr/image.ashx?id=3000797&use=l&cat=p&typeid=i","cat":325345},{"id":275661,"n":"Soin visage Garnier Aloe vera Hyaluronique 250ml","p":5.09,"u":"20,36 €/L","img":"https://fd6-photos.leclercdrive.fr/image.ashx?id=2954244&use=l&cat=p&typeid=i","cat":325345},{"id":275662,"n":"Soin hydratant Garnier Hyaluron Liquide quotidien - 120ml","p":7.98,"u":"66,50 €/L","img":"https://fd6-photos.leclercdrive.fr/image.ashx?id=2986654&use=l&cat=p&typeid=i","cat":325345},{"id":275663,"n":"Lotion exfoliante Garnier Salicylique - 120ml","p":8.19,"u":"68,25 €/L","img":"https://fd6-photos.leclercdrive.fr/image.ashx?id=2954253&use=l&cat=p&typeid=i","cat":325346},{"id":275665,"n":"Fluide Garnier hyaluronique Anti-uv quotidien SPF50+ 40ml","p":7.98,"u":"199,50 €/L","img":"https://fd6-photos.leclercdrive.fr/image.ashx?id=2954256&use=l&cat=p&typeid=i","cat":325345},{"id":275666,"n":"Dentifrice Sanogyl Multiprotection Gencives 75ml","p":4.35,"u":"58,00 €/L","img":"https://fd6-photos.leclercdrive.fr/image.ashx?id=2950204&use=l&cat=p&typeid=i","cat":284612},{"id":275668,"n":"Dentifrice Sanogyl Multiprotection blancheur 75ml","p":4.49,"u":"59,87 €/L","img":"https://fd6-photos.leclercdrive.fr/image.ashx?id=2950207&use=l&cat=p&typeid=i","cat":284612},{"id":275669,"n":"Dentifrice Sanogyl Soin global - 75ml","p":2.98,"u":"39,73 €/L","img":"https://fd6-photos.leclercdrive.fr/image.ashx?id=2950201&use=l&cat=p&typeid=i","cat":284612},{"id":275671,"n":"Dentifrice Sanogyl Soin gencives - 75ml","p":2.97,"u":"39,60 €/L","img":"https://fd6-photos.leclercdrive.fr/image.ashx?id=2950195&use=l&cat=p&typeid=i","cat":284612},{"id":275673,"n":"Dentifrice Sanogyl Soin blancheur - 75ml","p":3.19,"u":"42,53 €/L","img":"https://fd6-photos.leclercdrive.fr/image.ashx?id=2950198&use=l&cat=p&typeid=i","cat":284612},{"id":275675,"n":"Spray désinfectant Clair Multi-surfaces - 500ml","p":1.53,"u":"3,06 €/L","img":"https://fd6-photos.leclercdrive.fr/image.ashx?id=2949251&use=l&cat=p&typeid=i","cat":325357},{"id":275676,"n":"Brosse à dents électrique Rechargeable - x1","p":14.99,"img":"https://fd6-photos.leclercdrive.fr/image.ashx?id=2949248&use=l&cat=p&typeid=i","cat":297133},{"id":275681,"n":"Après-shampooing Dessange Nutri- extrême - 225ml","p":3.94,"u":"17,51 €/L","img":"https://fd6-photos.leclercdrive.fr/image.ashx?id=2954627&use=l&cat=p&typeid=i","cat":284607},{"id":275682,"n":"Eau micellaire Garnier SkinActive - 400ml","p":5.39,"u":"13,48 €/L","img":"https://fd6-photos.leclercdrive.fr/image.ashx?id=2954262&use=l&cat=p&typeid=i","cat":284603},{"id":275686,"n":"Shampooing Dessange Nutri-extrême - 280ml","p":3.81,"u":"13,61 €/L","img":"https://fd6-photos.leclercdrive.fr/image.ashx?id=2955411&use=l&cat=p&typeid=i","cat":284606},{"id":275687,"n":"Dentifrice Vademecum Bio Protection complète - 75ml","p":3.76,"u":"50,13 €/L","img":"https://fd6-photos.leclercdrive.fr/image.ashx?id=2950684&use=l&cat=p&typeid=i","cat":284612},{"id":275690,"n":"Dentifrice Sensodyne Eclat blancheur - 75ml","p":6.98,"u":"93,07 €/L","img":"https://fd6-photos.leclercdrive.fr/image.ashx?id=2997781&use=l&cat=p&typeid=i","cat":284612},{"id":275692,"n":"Dentifrice Sensodyne Nettoyage intense - 75ml","p":6.98,"u":"93,07 €/L","img":"https://fd6-photos.leclercdrive.fr/image.ashx?id=2998047&use=l&cat=p&typeid=i","cat":284612},{"id":275695,"n":"Dentifrice Sensodyne Rapide Action extra-fresh - 75ml","p":4.98,"u":"66,40 €/L","img":"https://fd6-photos.leclercdrive.fr/image.ashx?id=2950717&use=l&cat=p&typeid=i","cat":284612},{"id":275706,"n":"Dentifrice Sensodyne Multi-protection Blancheur 75ml","p":4.45,"u":"59,33 €/L","img":"https://fd6-photos.leclercdrive.fr/image.ashx?id=2950723&use=l&cat=p&typeid=i","cat":284612},{"id":275708,"n":"Dentifrice Sensodyne Sensibilité Gencives Email 75ml","p":4.89,"u":"65,20 €/L","img":"https://fd6-photos.leclercdrive.fr/image.ashx?id=2950720&use=l&cat=p&typeid=i","cat":284612},{"id":275816,"n":"Mini Caprice des Dieux Filet 6x50g","p":5.09,"u":"16,97 €/KG","img":"https://fd6-photos.leclercdrive.fr/image.ashx?id=2949916&use=l&cat=p&typeid=i","cat":314033},{"id":276029,"n":"Spray nettoyant Cillit Bang  Expert Dégraissant Familial 1L","p":3.95,"u":"3,95 €/L","img":"https://fd6-photos.leclercdrive.fr/image.ashx?id=2950387&use=l&cat=p&typeid=i","cat":325357},{"id":276030,"n":"Spray nettoyant Cillit Bang  Expert Anti-moisissures - 1L","p":3.96,"u":"3,96 €/L","img":"https://fd6-photos.leclercdrive.fr/image.ashx?id=2950381&use=l&cat=p&typeid=i","cat":325357},{"id":276108,"n":"Boisson gazeuse Fanta citron 4x2L","p":9.57,"u":"1,20 €/L","img":"https://fd6-photos.leclercdrive.fr/image.ashx?id=2952004&use=l&cat=p&typeid=i","cat":284532},{"id":276189,"n":"Chocolats Ferrero Prestige  256g","p":9.84,"u":"38,44 €/KG","img":"https://fd6-photos.leclercdrive.fr/image.ashx?id=2952112&use=l&cat=p&typeid=i","cat":327595},{"id":276191,"n":"Chocolats Ferrero Prestige  442g","p":14.68,"u":"33,21 €/KG","img":"https://fd6-photos.leclercdrive.fr/image.ashx?id=2952115&use=l&cat=p&typeid=i","cat":327595},{"id":276200,"n":"Kinder moulage  Père Noël - 85g","p":3.48,"u":"40,94 €/KG","img":"https://fd6-photos.leclercdrive.fr/image.ashx?id=2952070&use=l&cat=p&typeid=i","cat":327592},{"id":276201,"n":"Kinder chocolat  150g","p":3.27,"u":"21,80 €/KG","img":"https://fd6-photos.leclercdrive.fr/image.ashx?id=2952079&use=l&cat=p&typeid=i","cat":327592},{"id":276202,"n":"Kinder mini friends  Lait - 122g","p":3.87,"u":"31,72 €/KG","img":"https://fd6-photos.leclercdrive.fr/image.ashx?id=2952049&use=l&cat=p&typeid=i","cat":327592},{"id":276205,"n":"Kinder mini eggs  Noisettes - 182g","p":4.58,"u":"25,16 €/KG","img":"https://fd6-photos.leclercdrive.fr/image.ashx?id=2952085&use=l&cat=p&typeid=i","cat":327592},{"id":276210,"n":"Kinder Schokobons  200g","p":3.52,"u":"17,60 €/KG","img":"https://fd6-photos.leclercdrive.fr/image.ashx?id=2952911&use=l&cat=p&typeid=i","cat":327592},{"id":276211,"n":"Kinder Schokobons  350g","p":5.74,"u":"16,40 €/KG","img":"https://fd6-photos.leclercdrive.fr/image.ashx?id=2952103&use=l&cat=p&typeid=i","cat":327592},{"id":276214,"n":"Nutella Chausette  209g","p":11.48,"u":"54,93 €/KG","img":"https://fd6-photos.leclercdrive.fr/image.ashx?id=2952100&use=l&cat=p&typeid=i","cat":327592},{"id":276217,"n":"Coffret Animaux Merveilleux 140g","p":10.69,"u":"76,36 €/KG","img":"https://fd6-photos.leclercdrive.fr/image.ashx?id=2951971&use=l&cat=p&typeid=i","cat":327595},{"id":276218,"n":"Papillotes Equador chocolat  au lait fourrage praliné - 350g","p":7.59,"u":"21,69 €/KG","img":"https://fd6-photos.leclercdrive.fr/image.ashx?id=2951155&use=l&cat=p&typeid=i","cat":327597},{"id":276220,"n":"Papillotes Equador chocolat  Blanc et au lait - 350g","p":7.59,"u":"21,69 €/KG","img":"https://fd6-photos.leclercdrive.fr/image.ashx?id=2951161&use=l&cat=p&typeid=i","cat":327597},{"id":276231,"n":"Mini Carambar  Team - 350g","p":3.44,"u":"9,83 €/KG","img":"https://fd6-photos.leclercdrive.fr/image.ashx?id=2951869&use=l&cat=p&typeid=i","cat":304250},{"id":276237,"n":"Boisson gazeuse Fanta  Orange 4x2L","p":8.76,"u":"1,10 €/L","img":"https://fd6-photos.leclercdrive.fr/image.ashx?id=2952007&use=l&cat=p&typeid=i","cat":284532},{"id":276243,"n":"Assouplissant Rainett Aloe vera 900ml","p":4.29,"u":"4,77 €/L","img":"https://fd6-photos.leclercdrive.fr/image.ashx?id=2952754&use=l&cat=p&typeid=i","cat":284650},{"id":276258,"n":"Jambon Le Bon Paris Herta Sel réduit sans nitrite 8T - 280g","p":5.01,"u":"17,89 €/KG","img":"https://fd6-photos.leclercdrive.fr/image.ashx?id=2951764&use=l&cat=p&typeid=i","cat":316009},{"id":276269,"n":"Fromage cremeux Coeur de Lion 8 tranches 150g","p":2.54,"u":"16,93 €/KG","img":"https://fd6-photos.leclercdrive.fr/image.ashx?id=2952493&use=l&cat=p&typeid=i","cat":314028},{"id":276343,"n":"Fruits de mer The Belgian Chocolat noir - 250g","p":5.62,"u":"22,48 €/KG","img":"https://fd6-photos.leclercdrive.fr/image.ashx?id=2952836&use=l&cat=p&typeid=i","cat":284499},{"id":276344,"n":"Fruits de mer The Belgian Vanille - 195g","p":5.62,"u":"28,82 €/KG","img":"https://fd6-photos.leclercdrive.fr/image.ashx?id=2952848&use=l&cat=p&typeid=i","cat":284499},{"id":276349,"n":"Fruits de mer The Belgian Noisettes - 65g","p":1.99,"u":"30,62 €/KG","img":"https://fd6-photos.leclercdrive.fr/image.ashx?id=2983474&use=l&cat=p&typeid=i","cat":284499},{"id":276353,"n":"Cœur The Belgian Fourrage brownie - 65g","p":2.73,"u":"42,00 €/KG","img":"https://fd6-photos.leclercdrive.fr/image.ashx?id=2983480&use=l&cat=p&typeid=i","cat":284958},{"id":276354,"n":"Fruits de mer The Belgian Vanille - 65g","p":2.73,"u":"42,00 €/KG","img":"https://fd6-photos.leclercdrive.fr/image.ashx?id=2983483&use=l&cat=p&typeid=i","cat":284958},{"id":276368,"n":"Sachet noël nougat Montélimar Chabert & Guillot - 300g","p":8.46,"u":"28,20 €/KG","img":"https://fd6-photos.leclercdrive.fr/image.ashx?id=2952502&use=l&cat=p&typeid=i","cat":327605},{"id":276375,"n":"Père noël avec sapin Rohan Moulage décoré -190g","p":5.14,"u":"27,05 €/KG","img":"https://fd6-photos.leclercdrive.fr/image.ashx?id=2952622&use=l&cat=p&typeid=i","cat":327592},{"id":276376,"n":"Père noël sous alu Rohan Moulage - 45g","p":1.2,"u":"26,67 €/KG","img":"https://fd6-photos.leclercdrive.fr/image.ashx?id=2952628&use=l&cat=p&typeid=i","cat":327592},{"id":276378,"n":"Chocolat Rohan et boules   125g","p":3.35,"u":"26,80 €/KG","img":"https://fd6-photos.leclercdrive.fr/image.ashx?id=2952637&use=l&cat=p&typeid=i","cat":327592},{"id":276379,"n":"Boules Rohan en chocolat  200g","p":4.84,"u":"24,20 €/KG","img":"https://fd6-photos.leclercdrive.fr/image.ashx?id=2952634&use=l&cat=p&typeid=i","cat":327592},{"id":276381,"n":"Pièces en chocolat Fizzy 80g","p":2.13,"u":"26,63 €/KG","img":"https://fd6-photos.leclercdrive.fr/image.ashx?id=2952676&use=l&cat=p&typeid=i","cat":327592},{"id":276391,"n":"Ballotin gold liqueurs Abtey Chocolat noir liqueur -140g","p":5.36,"u":"38,29 €/KG","img":"https://fd6-photos.leclercdrive.fr/image.ashx?id=2952529&use=l&cat=p&typeid=i","cat":327601},{"id":276393,"n":"Ballotin black liqueurs Abtey Chocolat noir liqueur - 140g","p":5.36,"u":"38,29 €/KG","img":"https://fd6-photos.leclercdrive.fr/image.ashx?id=2952523&use=l&cat=p&typeid=i","cat":327601},{"id":276396,"n":"Casier l'original Abtey Chocolat noir liqueur x9 - 81g","p":3.48,"u":"42,96 €/KG","img":"https://fd6-photos.leclercdrive.fr/image.ashx?id=2969878&use=l&cat=p&typeid=i","cat":327601},{"id":276397,"n":"Sachet pn et rennes Riegelein moulage chocolat lait - 132g","p":4.57,"u":"34,62 €/KG","img":"https://fd6-photos.leclercdrive.fr/image.ashx?id=2952763&use=l&cat=p&typeid=i","cat":327592},{"id":276398,"n":"Sachet figurines Riegelein moulage chocolat lait - 184g","p":6.21,"u":"33,75 €/KG","img":"https://fd6-photos.leclercdrive.fr/image.ashx?id=2952769&use=l&cat=p&typeid=i","cat":327592},{"id":276400,"n":"Sachet composition Riegelein moulage chocolat lait - 150g","p":4.24,"u":"28,27 €/KG","img":"https://fd6-photos.leclercdrive.fr/image.ashx?id=2952784&use=l&cat=p&typeid=i","cat":327592},{"id":276402,"n":"Sachet déco sapin Riegelein moulage chocolat lait -150g","p":4.29,"u":"28,60 €/KG","img":"https://fd6-photos.leclercdrive.fr/image.ashx?id=2952766&use=l&cat=p&typeid=i","cat":327592},{"id":276403,"n":"Assortiment Riegelein moulage chocolat lait - 75g","p":2.38,"u":"31,73 €/KG","img":"https://fd6-photos.leclercdrive.fr/image.ashx?id=2952775&use=l&cat=p&typeid=i","cat":327592},{"id":276405,"n":"Assortiment rennes Riegelein moulage chocolat lait - 72g","p":2.38,"u":"33,06 €/KG","img":"https://fd6-photos.leclercdrive.fr/image.ashx?id=2952778&use=l&cat=p&typeid=i","cat":327592},{"id":276408,"n":"Père Noël  Chocolat lait - 85g","p":6.41,"u":"75,41 €/KG","img":"https://fd6-photos.leclercdrive.fr/image.ashx?id=2952827&use=l&cat=p&typeid=i","cat":327592},{"id":276413,"n":"Calendrier Mickey Qui est-ce ? Chocolat au lait - 100g","p":7.76,"u":"77,60 €/KG","img":"https://fd6-photos.leclercdrive.fr/image.ashx?id=2964150&use=l&cat=p&typeid=i","cat":327590},{"id":276415,"n":"Calendrier Qui est-ce ? Pat patrouille - 100g","p":7.76,"u":"77,60 €/KG","img":"https://fd6-photos.leclercdrive.fr/image.ashx?id=2964141&use=l&cat=p&typeid=i","cat":327590},{"id":276429,"n":"Coffret chocolats Anthon Berg à la liqueur - x14 - 219g","p":8.95,"pp":5.91,"u":"26,99 €/KG","img":"https://fd6-photos.leclercdrive.fr/image.ashx?id=2980728&use=l&cat=p&typeid=i","cat":327601},{"id":276430,"n":"Coffret chocolats Anthon Berg liqueur cocktail - x14 - 219g","p":8.95,"pp":5.91,"u":"26,99 €/KG","img":"https://fd6-photos.leclercdrive.fr/image.ashx?id=2980731&use=l&cat=p&typeid=i","cat":327601},{"id":276432,"n":"Barre Toblerone  chocolat lait - 340g","p":8.43,"u":"24,79 €/KG","img":"https://fd6-photos.leclercdrive.fr/image.ashx?id=2958902&use=l&cat=p&typeid=i","cat":284499},{"id":276433,"n":"Barre Toblerone  chocolat blanc - 340g","p":8.64,"u":"25,41 €/KG","img":"https://fd6-photos.leclercdrive.fr/image.ashx?id=2969887&use=l&cat=p&typeid=i","cat":327595},{"id":276438,"n":"Coffret chocolats Révillon Lait - 230g","p":9.98,"u":"43,39 €/KG","img":"https://fd6-photos.leclercdrive.fr/image.ashx?id=2980695&use=l&cat=p&typeid=i","cat":284499},{"id":276444,"n":"Terrys ball chocolat  Lait - 145g","p":3.97,"u":"27,38 €/KG","img":"https://fd6-photos.leclercdrive.fr/image.ashx?id=2952712&use=l&cat=p&typeid=i","cat":327592},{"id":276445,"n":"Terrys ball chocolat  Orange - 145g","p":3.97,"u":"27,38 €/KG","img":"https://fd6-photos.leclercdrive.fr/image.ashx?id=2952715&use=l&cat=p&typeid=i","cat":327592},{"id":276452,"n":"Lanvin Escargots Ballotin  Lait amandes -164g","p":7.78,"u":"47,44 €/KG","img":"https://fd6-photos.leclercdrive.fr/image.ashx?id=2987008&use=l&cat=p&typeid=i","cat":327595},{"id":276453,"n":"Lanvin Escargots Ballotin  Noir café -164 g","p":7.78,"u":"47,44 €/KG","img":"https://fd6-photos.leclercdrive.fr/image.ashx?id=2965322&use=l&cat=p&typeid=i","cat":327595},{"id":276454,"n":"Les Recettes de l'Atelier   Assortiment Lait - 191g","p":8.68,"u":"45,45 €/KG","img":"https://fd6-photos.leclercdrive.fr/image.ashx?id=2964168&use=l&cat=p&typeid=i","cat":327595},{"id":276455,"n":"Les Recettes de l'Atelier   Assortiment Hiver - 190g","p":8.68,"u":"45,68 €/KG","img":"https://fd6-photos.leclercdrive.fr/image.ashx?id=2953989&use=l&cat=p&typeid=i","cat":327595},{"id":276463,"n":"Nestlé dessert truffes Lait - 250g","p":8.98,"u":"35,92 €/KG","img":"https://fd6-photos.leclercdrive.fr/image.ashx?id=2953046&use=l&cat=p&typeid=i","cat":327600},{"id":276464,"n":"Nestlé dessert truffes Noir 70 % - 250g","p":6.35,"u":"25,40 €/KG","img":"https://fd6-photos.leclercdrive.fr/image.ashx?id=2953043&use=l&cat=p&typeid=i","cat":327600},{"id":276465,"n":"Nestlé dessert truffes Noir 85 %  - 250g","p":8.48,"u":"33,92 €/KG","img":"https://fd6-photos.leclercdrive.fr/image.ashx?id=2953049&use=l&cat=p&typeid=i","cat":327600},{"id":276466,"n":"Les Recettes de l'Atelier Bouchées duo praliné - 266g","p":9.98,"u":"37,52 €/KG","img":"https://fd6-photos.leclercdrive.fr/image.ashx?id=2953052&use=l&cat=p&typeid=i","cat":284499},{"id":276467,"n":"After eight coffret Citron - 400g","p":8.18,"u":"20,45 €/KG","img":"https://fd6-photos.leclercdrive.fr/image.ashx?id=2953037&use=l&cat=p&typeid=i","cat":327595},{"id":276470,"n":"Rochers lait Jacquot 250g","p":5.7,"u":"22,80 €/KG","img":"https://fd6-photos.leclercdrive.fr/image.ashx?id=2980713&use=l&cat=p&typeid=i","cat":327600},{"id":276472,"n":"Cerises Jacquot 225g","p":4.68,"u":"20,80 €/KG","img":"https://fd6-photos.leclercdrive.fr/image.ashx?id=2980722&use=l&cat=p&typeid=i","cat":327601},{"id":276485,"n":"Chocolats Ferrero Rocher  525g","p":15.85,"u":"30,19 €/KG","img":"https://fd6-photos.leclercdrive.fr/image.ashx?id=2952962&use=l&cat=p&typeid=i","cat":327600},{"id":276486,"n":"Chocolats Ferrero Rocher  Golden star Lait - 115g","p":5.88,"u":"51,13 €/KG","img":"https://fd6-photos.leclercdrive.fr/image.ashx?id=2952956&use=l&cat=p&typeid=i","cat":327600},{"id":276487,"n":"Chocolats Ferrero Rocher  Golden star mix - 115g","p":5.88,"u":"51,13 €/KG","img":"https://fd6-photos.leclercdrive.fr/image.ashx?id=2964042&use=l&cat=p&typeid=i","cat":327600},{"id":276549,"n":"Boisson à base de vin blanc Very citron vert - 75cl","p":2.93,"u":"3,91 €/L","img":"https://fd6-photos.leclercdrive.fr/image.ashx?id=2953860&use=l&cat=p&typeid=i","cat":304569},{"id":276564,"n":"Mousse au chocolat coco Végé 100% végétal 4x55g","p":2.33,"u":"10,59 €/KG","img":"https://fd6-photos.leclercdrive.fr/image.ashx?id=2988942&use=l&cat=p&typeid=i","cat":316071},{"id":276565,"n":"Dessert de fruits pomme  Douceur du Verger 4x100g","p":0.99,"u":"2,48 €/KG","img":"https://fd6-photos.leclercdrive.fr/image.ashx?id=2961707&use=l&cat=p&typeid=i","cat":284416},{"id":276946,"n":"Badoit bulles de fruits  Pamplemousse - 6x33cl","p":3.53,"u":"1,78 €/L","img":"https://fd6-photos.leclercdrive.fr/image.ashx?id=2954208&use=l&cat=p&typeid=i","cat":284537},{"id":276947,"n":"Badoit bulles de fruits  Fruits rouges - 6x33cl","p":3.53,"u":"1,78 €/L","img":"https://fd6-photos.leclercdrive.fr/image.ashx?id=2954205&use=l&cat=p&typeid=i","cat":284537},{"id":276948,"n":"Badoit bulles de fruits  Citron et citron vert - 6x33cl","p":3.53,"u":"1,78 €/L","img":"https://fd6-photos.leclercdrive.fr/image.ashx?id=2954202&use=l&cat=p&typeid=i","cat":284537},{"id":276972,"n":"Samossas de porc épices colombo Sauce aigre douce - 8x25g","p":3.6,"u":"16,36 €/KG","img":"https://fd6-photos.leclercdrive.fr/image.ashx?id=2962917&use=l&cat=p&typeid=i","cat":333673},{"id":277075,"n":"Cocktail Ginger mule Old Nick 16° - 70cl","p":6.05,"u":"8,64 €/L","img":"https://fd6-photos.leclercdrive.fr/image.ashx?id=2961807&use=l&cat=p&typeid=i","cat":284551},{"id":277080,"n":"Lessive liquide Gama universal 44 doses + 22 offertes 3.16L","p":7.59,"u":"2,40 €/L","img":"https://fd6-photos.leclercdrive.fr/image.ashx?id=2976872&use=l&cat=p&typeid=i","cat":284640},{"id":277081,"n":"Lessive liquide Gama floral 44 doses + 22 offertes 3.16L","p":7.59,"u":"2,40 €/L","img":"https://fd6-photos.leclercdrive.fr/image.ashx?id=2976875&use=l&cat=p&typeid=i","cat":284640},{"id":277090,"n":"Fromage Le Goudale 160g","p":4.93,"u":"30,81 €/KG","img":"https://fd6-photos.leclercdrive.fr/image.ashx?id=2960789&use=l&cat=p&typeid=i","cat":314034},{"id":277153,"n":"Skyr végétal Protéiné Alpro Nature - 400g","p":2.86,"u":"7,15 €/KG","img":"https://fd6-photos.leclercdrive.fr/image.ashx?id=2976092&use=l&cat=p&typeid=i","cat":316071},{"id":277162,"n":"Bâtonnets Milka vanille Chocolat - x4 - 260g","p":5.37,"u":"20,65 €/KG","img":"https://fd6-photos.leclercdrive.fr/image.ashx?id=2962668&use=l&cat=p&typeid=i","cat":284265},{"id":277449,"n":"Gratin montagnard La Cuisine d'Océane - 300g","p":3.05,"u":"10,17 €/KG","img":"https://fd6-photos.leclercdrive.fr/image.ashx?id=2957023&use=l&cat=p&typeid=i","cat":284953},{"id":277473,"n":"Kéfir Yaourt Activia Fraise, framboise - 2x150g","p":2.37,"u":"7,90 €/KG","img":"https://fd6-photos.leclercdrive.fr/image.ashx?id=2972388&use=l&cat=p&typeid=i","cat":315000},{"id":277474,"n":"Kéfir Yaourt Activia nature - 2x150g","p":2.27,"u":"7,57 €/KG","img":"https://fd6-photos.leclercdrive.fr/image.ashx?id=2972385&use=l&cat=p&typeid=i","cat":315000},{"id":277475,"n":"Activia Kéfir  Pêche Passion 2x150g","p":2.39,"u":"7,97 €/KG","img":"https://fd6-photos.leclercdrive.fr/image.ashx?id=2965894&use=l&cat=p&typeid=i","cat":315000},{"id":277476,"n":"Activia Kéfir Nature 345g","p":2.29,"u":"6,64 €/KG","img":"https://fd6-photos.leclercdrive.fr/image.ashx?id=2966164&use=l&cat=p&typeid=i","cat":315000},{"id":277479,"n":"Liégeois Pâtissier Danette Framboisier 4x90g","p":2.43,"u":"6,75 €/KG","img":"https://fd6-photos.leclercdrive.fr/image.ashx?id=2965924&use=l&cat=p&typeid=i","cat":285042},{"id":277480,"n":"Liégeois Pâtissier Danette Tiramisu 4x90g","p":2.21,"u":"6,14 €/KG","img":"https://fd6-photos.leclercdrive.fr/image.ashx?id=2965927&use=l&cat=p&typeid=i","cat":285042},{"id":277483,"n":"Skyr nature Danone 0% MG - 450g","p":2.03,"u":"4,51 €/KG","img":"https://fd6-photos.leclercdrive.fr/image.ashx?id=2966279&use=l&cat=p&typeid=i","cat":284409},{"id":277486,"n":"Skyr nature 0% MG Danone Lit de fraise - 2x145g","p":2.54,"u":"8,76 €/KG","img":"https://fd6-photos.leclercdrive.fr/image.ashx?id=2965900&use=l&cat=p&typeid=i","cat":315000},{"id":277487,"n":"Skyr nature 0% MG Danone Lit de mangue passion - 2x145g","p":2.52,"u":"8,69 €/KG","img":"https://fd6-photos.leclercdrive.fr/image.ashx?id=2965897&use=l&cat=p&typeid=i","cat":315000},{"id":277488,"n":"Skyr mûre myrtille Danone 0% MG - 2x140g","p":2.48,"u":"8,86 €/KG","img":"https://fd6-photos.leclercdrive.fr/image.ashx?id=2966276&use=l&cat=p&typeid=i","cat":315000},{"id":277489,"n":"Skyr mangue passion Danone 0% MG - 2x140g","p":2.45,"u":"8,75 €/KG","img":"https://fd6-photos.leclercdrive.fr/image.ashx?id=2965909&use=l&cat=p&typeid=i","cat":315000},{"id":277493,"n":"Yaourt protéiné Hipro nature 480g","p":2.92,"u":"6,08 €/KG","img":"https://fd6-photos.leclercdrive.fr/image.ashx?id=2965945&use=l&cat=p&typeid=i","cat":284409},{"id":277494,"n":"Yaourt protéiné Hipro Myrtille 4x120g","p":3.25,"u":"6,77 €/KG","img":"https://fd6-photos.leclercdrive.fr/image.ashx?id=2965951&use=l&cat=p&typeid=i","cat":315000},{"id":277495,"n":"Yaourt protéiné Hipro Vanille 4x120g","p":3.26,"u":"6,79 €/KG","img":"https://fd6-photos.leclercdrive.fr/image.ashx?id=2965948&use=l&cat=p&typeid=i","cat":315000},{"id":277496,"n":"Yaourt à boire protéiné Hipro Pêche passion - 300ml","p":2.59,"u":"8,63 €/KG","img":"https://fd6-photos.leclercdrive.fr/image.ashx?id=2966137&use=l&cat=p&typeid=i","cat":284415},{"id":277504,"n":"Dés de poulet 500g","p":5.95,"u":"11,90 €/KG","img":"https://fd6-photos.leclercdrive.fr/image.ashx?id=2956640&use=l&cat=p&typeid=i","cat":284336},{"id":277593,"n":"Shampooing bleu Dessange Blond californien - 280ml","p":4.99,"u":"17,82 €/L","img":"https://fd6-photos.leclercdrive.fr/image.ashx?id=2957938&use=l&cat=p&typeid=i","cat":284606},{"id":277629,"n":"Shampooing Dop Hair Lait végétal - 480ml","p":2.98,"u":"6,21 €/L","img":"https://fd6-photos.leclercdrive.fr/image.ashx?id=2957929&use=l&cat=p&typeid=i","cat":284606},{"id":277631,"n":"Shampooing régulateur Dessange Douce argile - 280ml","p":3.84,"u":"13,71 €/L","img":"https://fd6-photos.leclercdrive.fr/image.ashx?id=2957935&use=l&cat=p&typeid=i","cat":284606},{"id":277632,"n":"Huile de douche Ushuaïa Monoï & fleur de tiaré - 280ml","p":2.18,"u":"7,79 €/L","img":"https://fd6-photos.leclercdrive.fr/image.ashx?id=2958146&use=l&cat=p&typeid=i","cat":284594},{"id":277830,"n":"Lessive Arbre Vert peaux sensibles 67 lavages - 3.015L","p":14.04,"u":"4,66 €/L","img":"https://fd6-photos.leclercdrive.fr/image.ashx?id=3008530&use=l&cat=p&typeid=i","cat":284640},{"id":277832,"n":"Lessive Omo Absolu capsules mangue & pêche - 371g","p":12.39,"u":"33,40 €/KG","img":"https://fd6-photos.leclercdrive.fr/image.ashx?id=2958215&use=l&cat=p&typeid=i","cat":284641},{"id":277834,"n":"Lessive Omo Absolu capsules Fleurs blanches - 371g","p":10.69,"u":"28,81 €/KG","img":"https://fd6-photos.leclercdrive.fr/image.ashx?id=2958212&use=l&cat=p&typeid=i","cat":284641},{"id":277835,"n":"Lessive Omo Absolu capsules  fleur d'oranger - 371g","p":11.86,"u":"31,97 €/KG","img":"https://fd6-photos.leclercdrive.fr/image.ashx?id=2958209&use=l&cat=p&typeid=i","cat":284641},{"id":278244,"n":"Après-shampooing Vitanove Hydratant - 200ml","p":1.39,"u":"6,95 €/L","img":"https://fd6-photos.leclercdrive.fr/image.ashx?id=2958798&use=l&cat=p&typeid=i","cat":284607},{"id":278573,"n":"Gel douche Ushuaïa Grenade - 490ml","p":4.25,"u":"8,67 €/L","img":"https://fd6-photos.leclercdrive.fr/image.ashx?id=3011566&use=l&cat=p&typeid=i","cat":284594},{"id":278578,"n":"Gel douche Ushuaïa Minéraux marins - 490ml","p":4.25,"u":"8,67 €/L","img":"https://fd6-photos.leclercdrive.fr/image.ashx?id=3011563&use=l&cat=p&typeid=i","cat":284594},{"id":278579,"n":"Gel douche Ushuaïa Eucalyptus - 280ml","p":2.49,"u":"8,89 €/L","img":"https://fd6-photos.leclercdrive.fr/image.ashx?id=2974408&use=l&cat=p&typeid=i","cat":284594},{"id":278582,"n":"Gel douche Ushuaïa Roche volcanique - 280ml","p":2.25,"u":"8,04 €/L","img":"https://fd6-photos.leclercdrive.fr/image.ashx?id=2974411&use=l&cat=p&typeid=i","cat":284594},{"id":278583,"n":"Gel douche Ushuaïa Vanille - 280ml","p":2.48,"u":"8,86 €/L","img":"https://fd6-photos.leclercdrive.fr/image.ashx?id=2974402&use=l&cat=p&typeid=i","cat":284594},{"id":278598,"n":"Bière blonde Nos Régions Ont Du Talent - 7° - 75cl","p":2.16,"u":"2,88 €/L","img":"https://fd6-photos.leclercdrive.fr/image.ashx?id=2980474&use=l&cat=p&typeid=i","cat":334872},{"id":278682,"n":"Crème extra légère Bridélice Epaisse 7%MG Pot 40cl","p":1.38,"u":"3,45 €/L","img":"https://fd6-photos.leclercdrive.fr/image.ashx?id=3008170&use=l&cat=p&typeid=i","cat":284381},{"id":278729,"n":"Croque-Monsieur Herta Maxi Mozzarella x2 - 310g","p":2.59,"u":"8,35 €/KG","img":"https://fd6-photos.leclercdrive.fr/image.ashx?id=2965013&use=l&cat=p&typeid=i","cat":333671},{"id":278791,"n":"Bière ambrée d'hiver Bellerose - 75cl - 7% vol.","p":3.95,"u":"5,27 €/L","img":"https://fd6-photos.leclercdrive.fr/image.ashx?id=2965118&use=l&cat=p&typeid=i","cat":334872},{"id":278905,"n":"Tablette chocolat Poulain noir doux - 4x95g","p":5.69,"u":"14,97 €/KG","img":"https://fd6-photos.leclercdrive.fr/image.ashx?id=2975347&use=l&cat=p&typeid=i","cat":284497},{"id":278910,"n":"Boisson Crazy Tiger Cerise - 35cl","p":0.99,"u":"2,83 €/L","img":"https://fd6-photos.leclercdrive.fr/image.ashx?id=2967262&use=l&cat=p&typeid=i","cat":284533},{"id":278911,"n":"Boisson Crazy Tiger Tiki Mango - 35cl","p":0.99,"u":"2,83 €/L","img":"https://fd6-photos.leclercdrive.fr/image.ashx?id=2967259&use=l&cat=p&typeid=i","cat":284533},{"id":278912,"n":"Boisson Crazy Tiger Pomme - 35cl","p":0.99,"u":"2,83 €/L","img":"https://fd6-photos.leclercdrive.fr/image.ashx?id=3011524&use=l&cat=p&typeid=i","cat":284533},{"id":278971,"n":"AOC Beaujolais Nouveau  vin rosé - Pisse Dru - 75cl","p":5.19,"u":"6,92 €/L","img":"https://fd6-photos.leclercdrive.fr/image.ashx?id=2966950&use=l&cat=p&typeid=i","cat":289558},{"id":278980,"n":"Jus Montebelo Ananas orange citron - 1L","p":2.99,"pp":1.97,"u":"1,97 €/L","img":"https://fd6-photos.leclercdrive.fr/image.ashx?id=2971724&use=l&cat=p&typeid=i","cat":284354},{"id":278981,"n":"Fromage Fol Epi  Riche en protéines 6tr - 130g","p":2.35,"u":"0,18 €/MT","img":"https://fd6-photos.leclercdrive.fr/image.ashx?id=2975152&use=l&cat=p&typeid=i","cat":314028},{"id":278982,"n":"Jus Montebelo orange goyave ananas citron - 1L","p":2.99,"pp":1.97,"u":"1,97 €/L","img":"https://fd6-photos.leclercdrive.fr/image.ashx?id=2971721&use=l&cat=p&typeid=i","cat":284354},{"id":279005,"n":"Bûche pur brebis Le Brebiou 130g","p":2.35,"u":"18,08 €/KG","img":"https://fd6-photos.leclercdrive.fr/image.ashx?id=2967043&use=l&cat=p&typeid=i","cat":314031},{"id":279009,"n":"Fromage à tartiner Tartare  Ail & fines herbes 90g","p":1.4,"u":"15,56 €/KG","img":"https://fd6-photos.leclercdrive.fr/image.ashx?id=2967130&use=l&cat=p&typeid=i","cat":314029},{"id":279027,"n":"Cheddar râpé British Heritage Extra mature 12 mois - 150g","p":3.11,"u":"20,73 €/KG","img":"https://fd6-photos.leclercdrive.fr/image.ashx?id=2968418&use=l&cat=p&typeid=i","cat":314035},{"id":279028,"n":"Sauce fromagère Saint-Agur 150g","p":2.59,"u":"17,27 €/KG","img":"https://fd6-photos.leclercdrive.fr/image.ashx?id=2968556&use=l&cat=p&typeid=i","cat":284382},{"id":279032,"n":"Gel douche Ushuaia Gingembre - 280ml","p":2.4,"u":"8,57 €/L","img":"https://fd6-photos.leclercdrive.fr/image.ashx?id=2968337&use=l&cat=p&typeid=i","cat":284594},{"id":279035,"n":"Savon de Marseille Le Chat 1,7L","p":9.9,"u":"5,82 €/L","img":"https://fd6-photos.leclercdrive.fr/image.ashx?id=2966569&use=l&cat=p&typeid=i","cat":284640},{"id":279036,"n":"Gel douche Ecopack Ushuaïa Minéraux Marins - 500ml","p":3.6,"u":"7,20 €/L","img":"https://fd6-photos.leclercdrive.fr/image.ashx?id=3011581&use=l&cat=p&typeid=i","cat":284594},{"id":279037,"n":"Gel douche Ushuaïa Café vert - 280ml","p":2.44,"u":"8,71 €/L","img":"https://fd6-photos.leclercdrive.fr/image.ashx?id=2966584&use=l&cat=p&typeid=i","cat":284594},{"id":279046,"n":"Lait coprs Le Petit Marseillais L'Original - 250ml","p":3.92,"u":"15,68 €/L","img":"https://fd6-photos.leclercdrive.fr/image.ashx?id=2966581&use=l&cat=p&typeid=i","cat":325349},{"id":279047,"n":"Dentifrice Sanogyl Soin duo sensibilité - 75ml","p":3.19,"u":"42,53 €/L","img":"https://fd6-photos.leclercdrive.fr/image.ashx?id=2966575&use=l&cat=p&typeid=i","cat":284612},{"id":279257,"n":"Macaroni tomate mozza Panzani - 400g","p":2.45,"u":"6,13 €/KG","img":"https://fd6-photos.leclercdrive.fr/image.ashx?id=2968211&use=l&cat=p&typeid=i","cat":284442},{"id":279403,"n":"Macaroni cheese Panzani - 400g","p":2.46,"u":"6,15 €/KG","img":"https://fd6-photos.leclercdrive.fr/image.ashx?id=2967762&use=l&cat=p&typeid=i","cat":284442},{"id":279412,"n":"Spaghetti carbonara Panzani - 400g","p":2.47,"u":"6,18 €/KG","img":"https://fd6-photos.leclercdrive.fr/image.ashx?id=2967759&use=l&cat=p&typeid=i","cat":284442},{"id":279678,"n":"Biscuit  Mots Doux Vanille - 180g","p":1.89,"u":"10,50 €/KG","img":"https://fd6-photos.leclercdrive.fr/image.ashx?id=2970747&use=l&cat=p&typeid=i","cat":284488},{"id":279680,"n":"Spaghetti carbonara Panzani 800g","p":3.95,"u":"4,94 €/KG","img":"https://fd6-photos.leclercdrive.fr/image.ashx?id=2970957&use=l&cat=p&typeid=i","cat":284442},{"id":279682,"n":"Macaroni tomate Panzani 800g","p":3.94,"u":"4,93 €/KG","img":"https://fd6-photos.leclercdrive.fr/image.ashx?id=2970960&use=l&cat=p&typeid=i","cat":284442},{"id":279683,"n":"Barre de céréales Nesquick 8x25g","p":2.88,"u":"14,40 €/KG","img":"https://fd6-photos.leclercdrive.fr/image.ashx?id=2971350&use=l&cat=p&typeid=i","cat":300032},{"id":280032,"n":"Gel lavant mains antibactérien Huile essentielle - 500ml","p":3.65,"u":"7,30 €/L","img":"https://fd6-photos.leclercdrive.fr/image.ashx?id=2971143&use=l&cat=p&typeid=i","cat":284597},{"id":280033,"n":"Dentifrice Sanogyl Haleine fraîche - 75ml","p":4.47,"u":"59,60 €/L","img":"https://fd6-photos.leclercdrive.fr/image.ashx?id=2971050&use=l&cat=p&typeid=i","cat":284612},{"id":280072,"n":"Brosse à dents souples Eco + Bleu et vert - x2","p":0.23,"u":"0,12 €/P","img":"https://fd6-photos.leclercdrive.fr/image.ashx?id=2971533&use=l&cat=p&typeid=i","cat":284614},{"id":280073,"n":"Brosse à dents souples Eco + Rose et Beige - x2","p":0.23,"u":"0,12 €/P","img":"https://fd6-photos.leclercdrive.fr/image.ashx?id=2971536&use=l&cat=p&typeid=i","cat":284614},{"id":280270,"n":"Dessert lacté Vanille Blédina dès 6 mois Mini Lactés - 6x55g","p":2.43,"u":"44,18 €/KG","img":"https://fd6-photos.leclercdrive.fr/image.ashx?id=2972862&use=l&cat=p&typeid=i","cat":312392},{"id":280276,"n":"Dessert lacté Fruits Blédina dès 6 mois Mini Lactés - 12x55g","p":4.58,"u":"6,94 €/KG","img":"https://fd6-photos.leclercdrive.fr/image.ashx?id=2972865&use=l&cat=p&typeid=i","cat":312392},{"id":280418,"n":"Dessert lacté Nature Blédina dès 6 mois - 4x95g","p":1.86,"u":"4,89 €/KG","img":"https://fd6-photos.leclercdrive.fr/image.ashx?id=2972868&use=l&cat=p&typeid=i","cat":312392},{"id":280419,"n":"Dessert lacté Fraise Blédina dès 6 mois - 4x95g","p":2.0,"u":"5,26 €/KG","img":"https://fd6-photos.leclercdrive.fr/image.ashx?id=2972871&use=l&cat=p&typeid=i","cat":312392},{"id":280420,"n":"Dessert lacté Blédina Vanille dès 6 mois - 4x95g","p":1.98,"u":"5,21 €/KG","img":"https://fd6-photos.leclercdrive.fr/image.ashx?id=2972874&use=l&cat=p&typeid=i","cat":312392},{"id":280425,"n":"Dessert lacté Blédina Mangue Pêche dès 6 mois - 4x95g","p":2.18,"u":"5,74 €/KG","img":"https://fd6-photos.leclercdrive.fr/image.ashx?id=2972877&use=l&cat=p&typeid=i","cat":312392},{"id":280490,"n":"Sablé P'tit Déli Café - 120g","p":2.29,"u":"19,08 €/KG","img":"https://fd6-photos.leclercdrive.fr/image.ashx?id=2972835&use=l&cat=p&typeid=i","cat":284487},{"id":280610,"n":"Lait corps Nivea Repair & care - 250ml","p":4.48,"pp":2.96,"u":"11,84 €/L","img":"https://fd6-photos.leclercdrive.fr/image.ashx?id=2974435&use=l&cat=p&typeid=i","cat":325349},{"id":280611,"n":"Lait corps Nivea Hydratant - Peaux sèches 250ml","p":3.64,"u":"14,56 €/L","img":"https://fd6-photos.leclercdrive.fr/image.ashx?id=2974438&use=l&cat=p&typeid=i","cat":325349},{"id":280717,"n":"Chocolat Lindt Excellence Fusion sel Noir 85% & Lait-100g","p":3.49,"u":"34,90 €/KG","img":"https://fd6-photos.leclercdrive.fr/image.ashx?id=2975810&use=l&cat=p&typeid=i","cat":284956},{"id":280746,"n":"Chocolat Lindt Excellence  Fusion Noir 70% & Lait - 100g","p":3.49,"u":"34,90 €/KG","img":"https://fd6-photos.leclercdrive.fr/image.ashx?id=2975819&use=l&cat=p&typeid=i","cat":284958},{"id":280750,"n":"Chocolat Lindt Excellence Fusion Noir 70% & Blanc - 100g","p":3.49,"u":"34,90 €/KG","img":"https://fd6-photos.leclercdrive.fr/image.ashx?id=2975822&use=l&cat=p&typeid=i","cat":284956},{"id":280777,"n":"Préparation Banana Bread Vahiné 300g","p":3.5,"u":"11,67 €/KG","img":"https://fd6-photos.leclercdrive.fr/image.ashx?id=2975873&use=l&cat=p&typeid=i","cat":284505},{"id":280778,"n":"Ketchup tomato Heinz cornichon - 250g","p":1.92,"u":"7,68 €/KG","img":"https://fd6-photos.leclercdrive.fr/image.ashx?id=2976176&use=l&cat=p&typeid=i","cat":284455},{"id":280782,"n":"Sauce sweet chili Heinz 260g","p":2.1,"u":"8,08 €/KG","img":"https://fd6-photos.leclercdrive.fr/image.ashx?id=2976101&use=l&cat=p&typeid=i","cat":318431},{"id":280783,"n":"Sauce korean barbecue Heinz 265g","p":2.06,"u":"7,77 €/KG","img":"https://fd6-photos.leclercdrive.fr/image.ashx?id=2976137&use=l&cat=p&typeid=i","cat":318431},{"id":280784,"n":"Mayonnaise  Heinz Srirachamix - 400g","p":3.42,"u":"8,55 €/KG","img":"https://fd6-photos.leclercdrive.fr/image.ashx?id=2976140&use=l&cat=p&typeid=i","cat":318431},{"id":280786,"n":"Poulet curry Tables du Monde 300g","p":2.69,"u":"8,97 €/KG","img":"https://fd6-photos.leclercdrive.fr/image.ashx?id=2974282&use=l&cat=p&typeid=i","cat":284254},{"id":280858,"n":"Beurre St-Hubert doux L'Original - 500g","p":3.29,"pp":2.3,"u":"4,60 €/KG","img":"https://fd6-photos.leclercdrive.fr/image.ashx?id=2975966&use=l&cat=p&typeid=i","cat":284379},{"id":280908,"n":"Pizza DR. Oetker Suprema 5 fromages - 424g","p":5.09,"u":"12,00 €/KG","img":"https://fd6-photos.leclercdrive.fr/image.ashx?id=2993095&use=l&cat=p&typeid=i","cat":284256},{"id":280924,"n":"Dentifrice Signal White Now 3en1 White boost charbon 2x75ml","p":9.44,"u":"62,93 €/L","img":"https://fd6-photos.leclercdrive.fr/image.ashx?id=2975677&use=l&cat=p&typeid=i","cat":284612},{"id":280925,"n":"Dentifrice Signal White Now 3en1 - Incontournable 2x75ml","p":9.49,"u":"63,27 €/L","img":"https://fd6-photos.leclercdrive.fr/image.ashx?id=2975680&use=l&cat=p&typeid=i","cat":284612},{"id":281037,"n":"Skyr Alpro Exotic- 400g","p":2.89,"u":"7,23 €/KG","img":"https://fd6-photos.leclercdrive.fr/image.ashx?id=2976098&use=l&cat=p&typeid=i","cat":316071},{"id":281332,"n":"bonbons Têtes Brûlées Mini mix 480g","p":4.55,"u":"9,48 €/KG","img":"https://fd6-photos.leclercdrive.fr/image.ashx?id=2978775&use=l&cat=p&typeid=i","cat":304250},{"id":281333,"n":"Bonbons Têtes Brûlées  Family Party 600g","p":4.55,"u":"7,58 €/KG","img":"https://fd6-photos.leclercdrive.fr/image.ashx?id=2978778&use=l&cat=p&typeid=i","cat":304250},{"id":281334,"n":"Bonbons Têtes Brûlées Des bonbons ou un sort 500g","p":4.55,"u":"9,10 €/KG","img":"https://fd6-photos.leclercdrive.fr/image.ashx?id=2978781&use=l&cat=p&typeid=i","cat":304250},{"id":281355,"n":"Sucettes Chupa Chups  Fraise Love x16 - 192g","p":2.63,"u":"13,70 €/KG","img":"https://fd6-photos.leclercdrive.fr/image.ashx?id=3009209&use=l&cat=p&typeid=i","cat":304250},{"id":281356,"n":"Sucettes Chupa Chups Stranger Things x16 - 192g","p":2.39,"u":"12,45 €/KG","img":"https://fd6-photos.leclercdrive.fr/image.ashx?id=2985615&use=l&cat=p&typeid=i","cat":304250},{"id":281357,"n":"Sucettes Chupa Chups Stranger  Things The Party x16 - 192g","p":2.39,"u":"12,45 €/KG","img":"https://fd6-photos.leclercdrive.fr/image.ashx?id=2985618&use=l&cat=p&typeid=i","cat":304250},{"id":281359,"n":"Sucettes Chupa Chups  Bubble Gum x12 - 144g","p":2.46,"u":"17,08 €/KG","img":"https://fd6-photos.leclercdrive.fr/image.ashx?id=2980167&use=l&cat=p&typeid=i","cat":304250},{"id":281377,"n":"Ketchup Heinz  zéro sel ajouté - 230g","p":1.99,"u":"8,65 €/KG","img":"https://fd6-photos.leclercdrive.fr/image.ashx?id=2978904&use=l&cat=p&typeid=i","cat":284455},{"id":281517,"n":"Bûche Nestlé Signature façon fraisier - 495g","p":7.7,"u":"15,56 €/KG","img":"https://fd6-photos.leclercdrive.fr/image.ashx?id=2979764&use=l&cat=p&typeid=i","cat":284266},{"id":281522,"n":"Boisson végétale Alpro Barista Coco 750ml","p":1.79,"u":"2,39 €/L","img":"https://fd6-photos.leclercdrive.fr/image.ashx?id=2979430&use=l&cat=p&typeid=i","cat":316067},{"id":281524,"n":"Boisson végétale Alpro Avoine 500ml","p":1.16,"u":"2,32 €/L","img":"https://fd6-photos.leclercdrive.fr/image.ashx?id=2986855&use=l&cat=p&typeid=i","cat":316067},{"id":281673,"n":"Dégraissant bicarbonate soude Maison Nett - 750 ml","p":4.1,"u":"5,47 €/L","img":"https://fd6-photos.leclercdrive.fr/image.ashx?id=2979971&use=l&cat=p&typeid=i","cat":325357},{"id":281675,"n":"Vinaigre ménager fruits rouges Maison Nett - 750ml","p":4.1,"u":"5,47 €/L","img":"https://fd6-photos.leclercdrive.fr/image.ashx?id=2979968&use=l&cat=p&typeid=i","cat":325362},{"id":281685,"n":"Oeufs de saumon sauvage Alaska Palais du saumon - 50g","p":9.63,"u":"192,60 €/KG","img":"https://fd6-photos.leclercdrive.fr/image.ashx?id=2979977&use=l&cat=p&typeid=i","cat":285191},{"id":281688,"n":"Pasta' poêlée Bonduelle Penne légumes du soleil - 750g","p":3.93,"u":"5,24 €/KG","img":"https://fd6-photos.leclercdrive.fr/image.ashx?id=2979662&use=l&cat=p&typeid=i","cat":319823},{"id":281690,"n":"Pasta' poêlée Bonduelle Fusilli courgettes fromage 750g","p":3.98,"u":"5,31 €/KG","img":"https://fd6-photos.leclercdrive.fr/image.ashx?id=2979668&use=l&cat=p&typeid=i","cat":319823},{"id":281755,"n":"Crème gourmande Mamie Nova Vaille bourbon 2x150g","p":1.54,"u":"5,13 €/KG","img":"https://fd6-photos.leclercdrive.fr/image.ashx?id=2981133&use=l&cat=p&typeid=i","cat":285041},{"id":282010,"n":"Kinder Surprise  x4 - 80g","p":4.29,"u":"53,63 €/KG","img":"https://fd6-photos.leclercdrive.fr/image.ashx?id=2981373&use=l&cat=p&typeid=i","cat":327592},{"id":282011,"n":"Chocolat Kinder Géant 300g","p":6.87,"u":"22,90 €/KG","img":"https://fd6-photos.leclercdrive.fr/image.ashx?id=2981367&use=l&cat=p&typeid=i","cat":327592},{"id":282014,"n":"Chocolat Kinder Mix - 102g","p":3.73,"u":"36,57 €/KG","img":"https://fd6-photos.leclercdrive.fr/image.ashx?id=2981370&use=l&cat=p&typeid=i","cat":327592},{"id":282032,"n":"Champagne Haslinger et Fils Brut - 75cl","p":24.15,"u":"32,20 €/L","img":"https://fd6-photos.leclercdrive.fr/image.ashx?id=2982005&use=l&cat=p&typeid=i","cat":284542},{"id":282033,"n":"Assortiment fromager  x40 - 465g","p":9.69,"pp":6.4,"u":"13,76 €/KG","img":"https://fd6-photos.leclercdrive.fr/image.ashx?id=3008257&use=l&cat=p&typeid=i","cat":319774},{"id":282035,"n":"Assortiment Saveurs du Sud  x40 - 540g","p":9.69,"pp":6.4,"u":"11,85 €/KG","img":"https://fd6-photos.leclercdrive.fr/image.ashx?id=2999252&use=l&cat=p&typeid=i","cat":319774},{"id":282042,"n":"Mousse irrésistible La Laitière Chocolat au noir - 4x50g","p":2.57,"u":"12,85 €/KG","img":"https://fd6-photos.leclercdrive.fr/image.ashx?id=2984730&use=l&cat=p&typeid=i","cat":284417},{"id":282048,"n":"Skyr Siggi's abricot 2x140g","p":2.29,"u":"8,18 €/KG","img":"https://fd6-photos.leclercdrive.fr/image.ashx?id=2984733&use=l&cat=p&typeid=i","cat":315000},{"id":282049,"n":"Yaourt Lindahl protein granola  Chocolat - 2x127g","p":1.99,"u":"7,83 €/KG","img":"https://fd6-photos.leclercdrive.fr/image.ashx?id=2984736&use=l&cat=p&typeid=i","cat":315000},{"id":282051,"n":"Yaourt Lindahls protein Granola Crunchy fraise - 2x127g","p":1.99,"u":"7,83 €/KG","img":"https://fd6-photos.leclercdrive.fr/image.ashx?id=2984739&use=l&cat=p&typeid=i","cat":315000},{"id":282059,"n":"Purée de tomates Mutti Zéro résidu pesticides - 3x200g","p":2.34,"u":"3,90 €/KG","img":"https://fd6-photos.leclercdrive.fr/image.ashx?id=2985609&use=l&cat=p&typeid=i","cat":288384},{"id":282060,"n":"Sachet Muscovado blond Daddy - 500g","p":2.6,"u":"5,20 €/KG","img":"https://fd6-photos.leclercdrive.fr/image.ashx?id=2985012&use=l&cat=p&typeid=i","cat":284502},{"id":282061,"n":"Sachet Muscovado brun Daddy - 500g","p":2.48,"u":"4,96 €/KG","img":"https://fd6-photos.leclercdrive.fr/image.ashx?id=2985015&use=l&cat=p&typeid=i","cat":284502},{"id":282062,"n":"Paupiette de veau champignons Riz - Cuisine océane - 300g","p":2.78,"u":"9,27 €/KG","img":"https://fd6-photos.leclercdrive.fr/image.ashx?id=2982420&use=l&cat=p&typeid=i","cat":284953},{"id":282063,"n":"Chocolat Rohan   90g","p":2.72,"u":"30,22 €/KG","img":"https://fd6-photos.leclercdrive.fr/image.ashx?id=2982429&use=l&cat=p&typeid=i","cat":327592},{"id":282156,"n":"Chocolat Rohan   Ourson - 90g","p":2.72,"u":"30,22 €/KG","img":"https://fd6-photos.leclercdrive.fr/image.ashx?id=3001229&use=l&cat=p&typeid=i","cat":284958},{"id":282157,"n":"Chocolat Rohan   Père Noel - 90g","p":2.72,"u":"30,22 €/KG","img":"https://fd6-photos.leclercdrive.fr/image.ashx?id=3001232&use=l&cat=p&typeid=i","cat":284958},{"id":282158,"n":"Chocolat Rohan   Renne - 90g","p":2.72,"u":"30,22 €/KG","img":"https://fd6-photos.leclercdrive.fr/image.ashx?id=3001235&use=l&cat=p&typeid=i","cat":284958},{"id":282161,"n":"Bonbon Giga Twisty Pain d'épice - 65g","p":1.95,"u":"30,00 €/KG","img":"https://fd6-photos.leclercdrive.fr/image.ashx?id=2982709&use=l&cat=p&typeid=i","cat":327592},{"id":282162,"n":"Bonbon Giga Twisty Bonhomme de neige - 65g","p":1.95,"u":"30,00 €/KG","img":"https://fd6-photos.leclercdrive.fr/image.ashx?id=2982712&use=l&cat=p&typeid=i","cat":327592},{"id":282256,"n":"Mix rhubarbe Daco Bello 300g","p":5.64,"u":"18,80 €/KG","img":"https://fd6-photos.leclercdrive.fr/image.ashx?id=2983276&use=l&cat=p&typeid=i","cat":284357},{"id":282364,"n":"Ariel grandiose pods couleurs  éclatantes 21lav - 0,762kg","p":13.06,"u":"17,14 €/KG","img":"https://fd6-photos.leclercdrive.fr/image.ashx?id=2985642&use=l&cat=p&typeid=i","cat":284641},{"id":282769,"n":"Chocolat Kinder Mix - 102g","p":3.73,"u":"36,57 €/KG","img":"https://fd6-photos.leclercdrive.fr/image.ashx?id=2984546&use=l&cat=p&typeid=i","cat":327592},{"id":282770,"n":"Chocolat Kinder Pingouin - 102g","p":3.73,"u":"36,57 €/KG","img":"https://fd6-photos.leclercdrive.fr/image.ashx?id=2984549&use=l&cat=p&typeid=i","cat":327592},{"id":282863,"n":"Coffret Marmottes en fête Les 2 Marmottes - x30 - 60g","p":5.9,"u":"98,33 €/KG","img":"https://fd6-photos.leclercdrive.fr/image.ashx?id=3011407&use=l&cat=p&typeid=i","cat":293234},{"id":282871,"n":"Thé en fête Les 2 Marmottes 30 sachets - 60g","p":5.9,"u":"98,33 €/KG","img":"https://fd6-photos.leclercdrive.fr/image.ashx?id=3011410&use=l&cat=p&typeid=i","cat":293233},{"id":282893,"n":"Comté Le Montarlier Président Affiné 6 mois - 200g+30% offert","p":3.89,"u":"14,96 €/KG","img":"https://fd6-photos.leclercdrive.fr/image.ashx?id=2986317&use=l&cat=p&typeid=i","cat":314034},{"id":282932,"n":"Petits Coraya sauce mayonnaise 21 bâtonnets +33% offerts 311g","p":1.99,"u":"6,40 €/KG","img":"https://fd6-photos.leclercdrive.fr/image.ashx?id=2986425&use=l&cat=p&typeid=i","cat":285189},{"id":282933,"n":"Petits Coraya sauce cocktail 21 bâtonnets +33% offerts 311g","p":1.99,"u":"6,40 €/KG","img":"https://fd6-photos.leclercdrive.fr/image.ashx?id=2986428&use=l&cat=p&typeid=i","cat":285189},{"id":283058,"n":"Café frais Starbucks Cappuccino 220ml","p":2.02,"u":"9,18 €/L","img":"https://fd6-photos.leclercdrive.fr/image.ashx?id=2986804&use=l&cat=p&typeid=i","cat":295246},{"id":283059,"n":"Café frais Starbucks Caffè Latte 220ml","p":2.02,"u":"9,18 €/L","img":"https://fd6-photos.leclercdrive.fr/image.ashx?id=2986798&use=l&cat=p&typeid=i","cat":295246},{"id":283066,"n":"Café frais Starbucks Noisette Macchiato 220ml","p":1.98,"u":"9,00 €/L","img":"https://fd6-photos.leclercdrive.fr/image.ashx?id=2986810&use=l&cat=p&typeid=i","cat":295246},{"id":283081,"n":"Café frais Starbucks Caramel Macchiato 220ml","p":1.91,"u":"8,68 €/L","img":"https://fd6-photos.leclercdrive.fr/image.ashx?id=2986801&use=l&cat=p&typeid=i","cat":295246},{"id":283136,"n":"Kinder Surprise  Père Noel x4 - 80g","p":4.29,"u":"53,63 €/KG","img":"https://fd6-photos.leclercdrive.fr/image.ashx?id=2981373&use=l&cat=p&typeid=i","cat":327592},{"id":283138,"n":"Kinder Surprise  Bonhomme de neige x4 - 80g","p":4.29,"u":"53,63 €/KG","img":"https://fd6-photos.leclercdrive.fr/image.ashx?id=2987196&use=l&cat=p&typeid=i","cat":327592},{"id":283154,"n":"Chocolat Kinder Géant Père Noel - 300g","p":6.87,"u":"22,90 €/KG","img":"https://fd6-photos.leclercdrive.fr/image.ashx?id=2981367&use=l&cat=p&typeid=i","cat":327592},{"id":283263,"n":"Adoucissant dilué Soupline Grand Air - 1500ml","p":4.98,"u":"3,32 €/L","img":"https://fd6-photos.leclercdrive.fr/image.ashx?id=3004450&use=l&cat=p&typeid=i","cat":284650},{"id":283525,"n":"Oranges Eco+ 1.5kg","p":1.99,"u":"1,33 €/KG","img":"https://fd6-photos.leclercdrive.fr/image.ashx?id=2987650&use=l&cat=p&typeid=i","cat":284356},{"id":283534,"n":"Les tranches Fleury Michon Lentilles Corail x6 - 180g","p":3.81,"u":"21,17 €/KG","img":"https://fd6-photos.leclercdrive.fr/image.ashx?id=2988454&use=l&cat=p&typeid=i","cat":316036},{"id":283542,"n":"Œuf Maxi Kinder surprise Playmobil - 100g","p":6.47,"u":"64,70 €/KG","img":"https://fd6-photos.leclercdrive.fr/image.ashx?id=2940516&use=l&cat=p&typeid=i","cat":284958},{"id":283546,"n":"Peluche Kinder Ecureuil - 133g","p":13.92,"u":"104,66 €/KG","img":"https://fd6-photos.leclercdrive.fr/image.ashx?id=2995890&use=l&cat=p&typeid=i","cat":327789},{"id":283547,"n":"Peluche Kinder Dragon - 133g","p":13.92,"u":"104,66 €/KG","img":"https://fd6-photos.leclercdrive.fr/image.ashx?id=2995893&use=l&cat=p&typeid=i","cat":327789},{"id":284008,"n":"Nestlé I Love Kefir à boire Nature - 500g","p":1.99,"pp":1.31,"u":"2,62 €/KG","img":"https://fd6-photos.leclercdrive.fr/image.ashx?id=2991828&use=l&cat=p&typeid=i","cat":284415},{"id":284009,"n":"Nestlé I Love Kefir à boire Nature - 6x100g","p":2.59,"pp":1.71,"u":"2,85 €/KG","img":"https://fd6-photos.leclercdrive.fr/image.ashx?id=2991831&use=l&cat=p&typeid=i","cat":284415},{"id":284010,"n":"Nestlé I Love Kefir Yaourt Nature - 2x150g","p":2.19,"pp":1.45,"u":"4,83 €/KG","img":"https://fd6-photos.leclercdrive.fr/image.ashx?id=2991834&use=l&cat=p&typeid=i","cat":284409},{"id":284082,"n":"Spray déodorant Nivea Men Derma control sensitive - 200ml","p":3.58,"u":"17,90 €/L","img":"https://fd6-photos.leclercdrive.fr/image.ashx?id=2990925&use=l&cat=p&typeid=i","cat":284618},{"id":284083,"n":"Spray déodorant Nivea Men Defend derma control - 200ml","p":3.94,"u":"19,70 €/L","img":"https://fd6-photos.leclercdrive.fr/image.ashx?id=2990907&use=l&cat=p&typeid=i","cat":284618},{"id":284084,"n":"Spray déodorant Nivea Men Derma control restore - 200ml","p":3.13,"u":"15,65 €/L","img":"https://fd6-photos.leclercdrive.fr/image.ashx?id=2990901&use=l&cat=p&typeid=i","cat":284618},{"id":284087,"n":"Déodorant stick Nivea Men Black & White Invisible - 50ml","p":4.67,"u":"93,40 €/L","img":"https://fd6-photos.leclercdrive.fr/image.ashx?id=2990928&use=l&cat=p&typeid=i","cat":284596},{"id":284088,"n":"Déodorant stick Nivea Men Dry impact - 50ml","p":4.67,"u":"93,40 €/L","img":"https://fd6-photos.leclercdrive.fr/image.ashx?id=2990412&use=l&cat=p&typeid=i","cat":284618},{"id":284090,"n":"Déodorant bille Nivea men Derma control Sensitive - 50ml","p":3.71,"u":"74,20 €/L","img":"https://fd6-photos.leclercdrive.fr/image.ashx?id=2990916&use=l&cat=p&typeid=i","cat":284618},{"id":284095,"n":"Déodorant spray Nivea Men Derma control defend - 200ml","p":3.04,"u":"15,20 €/L","img":"https://fd6-photos.leclercdrive.fr/image.ashx?id=2990904&use=l&cat=p&typeid=i","cat":284618},{"id":284100,"n":"Déodorant bille Nivea Men Derma control - 50ml","p":4.16,"u":"83,20 €/L","img":"https://fd6-photos.leclercdrive.fr/image.ashx?id=2990922&use=l&cat=p&typeid=i","cat":284618},{"id":284104,"n":"Crème hydratante Nivea Repair & Care - Visage Corps Mains 400ml","p":9.48,"pp":6.26,"u":"15,65 €/L","img":"https://fd6-photos.leclercdrive.fr/image.ashx?id=2990898&use=l&cat=p&typeid=i","cat":325350},{"id":284105,"n":"Déodorant bille Nivea Men Derma control Defend - 50ml","p":3.78,"u":"75,60 €/MT","img":"https://fd6-photos.leclercdrive.fr/image.ashx?id=2990913&use=l&cat=p&typeid=i","cat":284618},{"id":284106,"n":"Déodorant bille Nivea Derma control restore - 50ml","p":3.63,"u":"72,60 €/L","img":"https://fd6-photos.leclercdrive.fr/image.ashx?id=2990919&use=l&cat=p&typeid=i","cat":284618},{"id":284269,"n":"Barres crunchy Nature valley 24 barres - 240g","p":5.1,"u":"21,25 €/KG","img":"https://fd6-photos.leclercdrive.fr/image.ashx?id=2992341&use=l&cat=p&typeid=i","cat":300032},{"id":284948,"n":"Sac noel Kinder Sac vert \"Oh Oh Oh!\" - 223g","p":10.21,"u":"45,78 €/KG","img":"https://fd6-photos.leclercdrive.fr/image.ashx?id=2995896&use=l&cat=p&typeid=i","cat":327592},{"id":285020,"n":"Bûche signature Eskiss Vanille pistache 480g","p":5.59,"u":"11,65 €/KG","img":"https://fd6-photos.leclercdrive.fr/image.ashx?id=2994912&use=l&cat=p&typeid=i","cat":284266},{"id":285215,"n":"Coquilles de Noël natures Délices des 7 Vallées - 10x50g","p":6.59,"u":"13,18 €/KG","img":"https://fd6-photos.leclercdrive.fr/image.ashx?id=2995944&use=l&cat=p&typeid=i","cat":284984},{"id":285216,"n":"Coquilles de Noël chocolat Délices des 7 Vallées - 10x50g","p":7.59,"u":"15,18 €/KG","img":"https://fd6-photos.leclercdrive.fr/image.ashx?id=3000806&use=l&cat=p&typeid=i","cat":284984},{"id":285217,"n":"Coquilles de Noël sucre Délices des 7 Vallées - 10x50g","p":6.59,"u":"13,18 €/KG","img":"https://fd6-photos.leclercdrive.fr/image.ashx?id=2997082&use=l&cat=p&typeid=i","cat":284984},{"id":285218,"n":"Coquilles de Noël raisins Délices des 7 Vallées - 10x50g","p":6.59,"u":"13,18 €/KG","img":"https://fd6-photos.leclercdrive.fr/image.ashx?id=2997079&use=l&cat=p&typeid=i","cat":284984},{"id":285245,"n":"Riz Comptoir du Grain 3 riz blanc rouge noir 500g","p":1.82,"u":"3,64 €/KG","img":"https://fd6-photos.leclercdrive.fr/image.ashx?id=2995820&use=l&cat=p&typeid=i","cat":284428},{"id":285313,"n":"Chataignes entières d'Ardèche Nos Régions ont du Talent 200g","p":4.5,"u":"22,50 €/KG","img":"https://fd6-photos.leclercdrive.fr/image.ashx?id=2995911&use=l&cat=p&typeid=i","cat":284356},{"id":285635,"n":"Shampooing douche Carré Homme Sensitive - 250ml","p":1.15,"u":"4,60 €/L","img":"https://fd6-photos.leclercdrive.fr/image.ashx?id=2997706&use=l&cat=p&typeid=i","cat":284621},{"id":285688,"n":"Shampooing douche Carré Homme Vivifiant - Menthol - 250ml","p":1.15,"u":"4,60 €/L","img":"https://fd6-photos.leclercdrive.fr/image.ashx?id=2997751&use=l&cat=p&typeid=i","cat":284621},{"id":285936,"n":"Sapin glacé praliné chocolat Erhard - 490g","p":12.99,"u":"26,51 €/KG","img":"https://fd6-photos.leclercdrive.fr/image.ashx?id=2998973&use=l&cat=p&typeid=i","cat":284266},{"id":285938,"n":"Bouteille glacée vanille cerise Erhard - 505g","p":12.99,"u":"25,72 €/KG","img":"https://fd6-photos.leclercdrive.fr/image.ashx?id=2998970&use=l&cat=p&typeid=i","cat":284266},{"id":285940,"n":"Bouteilles glacées au marc de Champagne - Erhard - 220g","p":4.29,"u":"19,50 €/KG","img":"https://fd6-photos.leclercdrive.fr/image.ashx?id=2998976&use=l&cat=p&typeid=i","cat":284266},{"id":285942,"n":"Boule de Noël vanille caramel Erhard - 490g","p":11.99,"u":"24,47 €/KG","img":"https://fd6-photos.leclercdrive.fr/image.ashx?id=2998979&use=l&cat=p&typeid=i","cat":284266},{"id":285948,"n":"Pommes Rösti Belviva 612g","p":2.29,"u":"3,74 €/KG","img":"https://fd6-photos.leclercdrive.fr/image.ashx?id=3009053&use=l&cat=p&typeid=i","cat":319791},{"id":285950,"n":"Coquilles St-Jacques Crème Isigny - Celtigel - x4 - 360g","p":10.99,"pp":8.24,"u":"22,89 €/KG","img":"https://fd6-photos.leclercdrive.fr/image.ashx?id=2998958&use=l&cat=p&typeid=i","cat":319787},{"id":285952,"n":"Assortiment mignardises Poppies - x55 - 915g","p":14.49,"u":"15,84 €/KG","img":"https://fd6-photos.leclercdrive.fr/image.ashx?id=2999012&use=l&cat=p&typeid=i","cat":284267},{"id":286200,"n":"Pack Nettoyant ménager et  Recharge Cif 870ml","p":8.54,"u":"9,82 €/L","img":"https://fd6-photos.leclercdrive.fr/image.ashx?id=2999601&use=l&cat=p&typeid=i","cat":325357},{"id":286205,"n":"Pack nettoyant ménager et  Recharge Cif 870ml","p":8.54,"u":"9,82 €/L","img":"https://fd6-photos.leclercdrive.fr/image.ashx?id=2999604&use=l&cat=p&typeid=i","cat":325357},{"id":286220,"n":"Pack nettoyant ménager et Recharge Cif 870ml","p":8.54,"u":"9,82 €/L","img":"https://fd6-photos.leclercdrive.fr/image.ashx?id=2999607&use=l&cat=p&typeid=i","cat":325357},{"id":286221,"n":"Dentifrice Colgate Max White Expert Original 2x75ml","p":10.52,"u":"70,13 €/L","img":"https://fd6-photos.leclercdrive.fr/image.ashx?id=2999598&use=l&cat=p&typeid=i","cat":284612},{"id":286243,"n":"Bûche glacée Nestlé Chocolat  Blanc vanille caramel 540g","p":6.25,"u":"11,57 €/KG","img":"https://fd6-photos.leclercdrive.fr/image.ashx?id=3000045&use=l&cat=p&typeid=i","cat":284266},{"id":286244,"n":"Bûche glacée Pilpa Omelette norvégienne 336g","p":5.27,"u":"15,68 €/KG","img":"https://fd6-photos.leclercdrive.fr/image.ashx?id=3000024&use=l&cat=p&typeid=i","cat":284266},{"id":286245,"n":"Bûche glacée Pilpa Vanille caramel spéculoos 534g","p":5.27,"u":"9,87 €/KG","img":"https://fd6-photos.leclercdrive.fr/image.ashx?id=3000039&use=l&cat=p&typeid=i","cat":284266},{"id":286248,"n":"Bûche glacée Nestlé Signature Macaron caramel 497g","p":7.7,"u":"15,49 €/KG","img":"https://fd6-photos.leclercdrive.fr/image.ashx?id=3000710&use=l&cat=p&typeid=i","cat":284266},{"id":286251,"n":"Bûche glacée Nestlé Signature Coco ananas citron vert 500g","p":7.7,"u":"15,40 €/KG","img":"https://fd6-photos.leclercdrive.fr/image.ashx?id=3000698&use=l&cat=p&typeid=i","cat":284266},{"id":286252,"n":"Bûche glacée Nestlé Signature Chocolat blanc spéculoos 503g","p":7.7,"u":"15,31 €/KG","img":"https://fd6-photos.leclercdrive.fr/image.ashx?id=3000713&use=l&cat=p&typeid=i","cat":284266},{"id":286256,"n":"Bûche glacée Nestlé Signature Passion framboise 491g","p":7.7,"u":"15,68 €/KG","img":"https://fd6-photos.leclercdrive.fr/image.ashx?id=3000701&use=l&cat=p&typeid=i","cat":284266},{"id":286259,"n":"Bûche glacée Nestlé Signature Vanille bourbon caramel 489g","p":7.7,"u":"15,75 €/KG","img":"https://fd6-photos.leclercdrive.fr/image.ashx?id=3000695&use=l&cat=p&typeid=i","cat":284266},{"id":286270,"n":"Bûche glacée Nestlé Signature Façon cheesecake exotique 486g","p":7.7,"u":"15,84 €/KG","img":"https://fd6-photos.leclercdrive.fr/image.ashx?id=3000707&use=l&cat=p&typeid=i","cat":284266},{"id":286451,"n":"Bûche glacée Nestlé Signature façon Tiramisu - 472g","p":7.7,"u":"16,31 €/KG","img":"https://fd6-photos.leclercdrive.fr/image.ashx?id=3000716&use=l&cat=p&typeid=i","cat":284266},{"id":286645,"n":"Chips Lay's Gourmet Wavy herbes - 120g","p":2.25,"u":"18,75 €/KG","img":"https://fd6-photos.leclercdrive.fr/image.ashx?id=3003185&use=l&cat=p&typeid=i","cat":284447},{"id":286647,"n":"Chips Lay's Gourmet 120g","p":2.25,"u":"18,75 €/KG","img":"https://fd6-photos.leclercdrive.fr/image.ashx?id=3003182&use=l&cat=p&typeid=i","cat":284447},{"id":286649,"n":"Chips Lay's Gourmet Truffe - 120g","p":2.25,"u":"18,75 €/KG","img":"https://fd6-photos.leclercdrive.fr/image.ashx?id=3003179&use=l&cat=p&typeid=i","cat":284447},{"id":286650,"n":"Chips Lay's Gourmet 120g","p":2.25,"u":"18,75 €/KG","img":"https://fd6-photos.leclercdrive.fr/image.ashx?id=3003188&use=l&cat=p&typeid=i","cat":284447},{"id":286890,"n":"Mini quiches Côté Table x15 - 270g","p":5.5,"u":"20,37 €/KG","img":"https://fd6-photos.leclercdrive.fr/image.ashx?id=3001903&use=l&cat=p&typeid=i","cat":319774},{"id":287258,"n":"Chocolat Poulain 450g","p":3.61,"u":"8,02 €/KG","img":"https://fd6-photos.leclercdrive.fr/image.ashx?id=3005137&use=l&cat=p&typeid=i","cat":293235},{"id":287262,"n":"Chocolat en poudre Poulain 800g","p":5.89,"u":"7,36 €/KG","img":"https://fd6-photos.leclercdrive.fr/image.ashx?id=3005140&use=l&cat=p&typeid=i","cat":293235},{"id":287308,"n":"Kentucky Straight Bourbon Jim Beam - 70cl","p":18.67,"u":"26,67 €/L","img":"https://fd6-photos.leclercdrive.fr/image.ashx?id=3004066&use=l&cat=p&typeid=i","cat":284547},{"id":287549,"n":"Couches naturelles Carryboo Taille 1 - 2 à 5 kg - x24","p":7.08,"u":"0,30 €/P","img":"https://fd6-photos.leclercdrive.fr/image.ashx?id=3005793&use=l&cat=p&typeid=i","cat":284737},{"id":287558,"n":"Déodorant Axe Supreme black 48h fraîcheur 2x200ml","p":6.97,"pp":4.88,"u":"12,20 €/L","img":"https://fd6-photos.leclercdrive.fr/image.ashx?id=3006202&use=l&cat=p&typeid=i","cat":284618},{"id":287560,"n":"Déodorant Axe Supreme Dark Temptation 2x200ml","p":6.97,"pp":4.88,"u":"12,20 €/L","img":"https://fd6-photos.leclercdrive.fr/image.ashx?id=3006205&use=l&cat=p&typeid=i","cat":284618},{"id":287562,"n":"Dentifrice Sensodyne  Professional blancheur 2x75ml","p":12.89,"pp":7.73,"u":"51,53 €/L","img":"https://fd6-photos.leclercdrive.fr/image.ashx?id=3006199&use=l&cat=p&typeid=i","cat":284612},{"id":287563,"n":"Déodorant Axe Supreme  Ice Cool 2x200ml","p":6.97,"pp":4.88,"u":"12,20 €/L","img":"https://fd6-photos.leclercdrive.fr/image.ashx?id=3006208&use=l&cat=p&typeid=i","cat":284618},{"id":287564,"n":"Déodorant Axe Supreme Provocation 2x200ml","p":6.97,"pp":4.88,"u":"12,20 €/L","img":"https://fd6-photos.leclercdrive.fr/image.ashx?id=3006211&use=l&cat=p&typeid=i","cat":284618},{"id":287566,"n":"Déodorant Axe Supreme  Apollo 2x200ml","p":6.97,"pp":4.88,"u":"12,20 €/L","img":"https://fd6-photos.leclercdrive.fr/image.ashx?id=3006214&use=l&cat=p&typeid=i","cat":284618},{"id":287568,"n":"Délice végétal Andros Chocolat lait d'amande 4+2x100g","p":2.88,"u":"4,80 €/KG","img":"https://fd6-photos.leclercdrive.fr/image.ashx?id=3008797&use=l&cat=p&typeid=i","cat":316071},{"id":287835,"n":"Noix de Saint Jacques  Gimbert Océan - 3x180g","p":15.61,"u":"28,91 €/KG","img":"https://fd6-photos.leclercdrive.fr/image.ashx?id=3008749&use=l&cat=p&typeid=i","cat":319787},{"id":288072,"n":"Coffret whisky blended Nikka Japon 40% vol - 70cl","p":49.95,"u":"71,36 €/L","img":"https://fd6-photos.leclercdrive.fr/image.ashx?id=3008842&use=l&cat=p&typeid=i","cat":284547}]}