{"id":"606801-606801","dt":"2025-12-15","p":[{"id":2,"n":"Haricots verts Notre Jardin Extra fins - 345g","p":2.39,"u":"6,93 €/KG","img":"https://fd1-photos.leclercdrive.fr/image.ashx?id=2050624&use=l&cat=p&typeid=i","cat":312606},{"id":3,"n":"Haricots verts Notre Jardin Très fins - 220g","p":0.86,"u":"3,91 €/KG","img":"https://fd1-photos.leclercdrive.fr/image.ashx?id=1993164&use=l&cat=p&typeid=i","cat":312606},{"id":4,"n":"Haricots verts Notre Jardin Très fins - 440g","p":1.15,"u":"2,61 €/KG","img":"https://fd1-photos.leclercdrive.fr/image.ashx?id=2468822&use=l&cat=p&typeid=i","cat":312606},{"id":5,"n":"Haricots verts Notre Jardin Extra fins - 440g","p":1.2,"u":"2,73 €/KG","img":"https://fd1-photos.leclercdrive.fr/image.ashx?id=2291393&use=l&cat=p&typeid=i","cat":312606},{"id":6,"n":"Haricots verts Notre Jardin Extra fins - 220g","p":0.88,"u":"4,00 €/KG","img":"https://fd1-photos.leclercdrive.fr/image.ashx?id=2988003&use=l&cat=p&typeid=i","cat":312606},{"id":7,"n":"Haricots beurre Notre Jardin Très fins - 220g","p":1.11,"u":"5,05 €/KG","img":"https://fd1-photos.leclercdrive.fr/image.ashx?id=2988027&use=l&cat=p&typeid=i","cat":312606},{"id":8,"n":"Haricots beurre Notre Jardin Très fins - 440g","p":1.55,"u":"3,52 €/KG","img":"https://fd1-photos.leclercdrive.fr/image.ashx?id=2988030&use=l&cat=p&typeid=i","cat":312606},{"id":9,"n":"Petits pois Notre Jardin A l'étuvée - Extra fins - 280g","p":0.9,"u":"3,21 €/KG","img":"https://fd1-photos.leclercdrive.fr/image.ashx?id=2375947&use=l&cat=p&typeid=i","cat":312607},{"id":10,"n":"Petits pois Notre Jardin A l'étuvée - Très fins - 280g","p":0.89,"u":"3,18 €/KG","img":"https://fd1-photos.leclercdrive.fr/image.ashx?id=2375950&use=l&cat=p&typeid=i","cat":312607},{"id":11,"n":"Petits pois carottes  Notre Jardin -Extra fins - 530g","p":1.22,"u":"2,30 €/KG","img":"https://fd1-photos.leclercdrive.fr/image.ashx?id=2987961&use=l&cat=p&typeid=i","cat":312607},{"id":12,"n":"Petits pois carottes extra-fins Notre Jardin à l'étuvée 260g","p":0.99,"u":"3,74 €/KG","img":"https://fd1-photos.leclercdrive.fr/image.ashx?id=2987964&use=l&cat=p&typeid=i","cat":312607},{"id":13,"n":"Petits pois carottes Très fins Notre Jardin -A l'étuvée -530g","p":1.33,"u":"2,51 €/KG","img":"https://fd1-photos.leclercdrive.fr/image.ashx?id=2698156&use=l&cat=p&typeid=i","cat":312607},{"id":14,"n":"Carottes Notre Jardin Extra-fines - 265g","p":0.85,"u":"3,21 €/KG","img":"https://fd1-photos.leclercdrive.fr/image.ashx?id=2399150&use=l&cat=p&typeid=i","cat":312607},{"id":15,"n":"Champignons Paris Notre Jardin Entiers - 230g","p":1.47,"u":"6,39 €/KG","img":"https://fd1-photos.leclercdrive.fr/image.ashx?id=2553890&use=l&cat=p&typeid=i","cat":312610},{"id":16,"n":"Champignons Paris Notre Jardin Pieds et morceaux - 230g","p":1.49,"u":"6,48 €/KG","img":"https://fd1-photos.leclercdrive.fr/image.ashx?id=2553896&use=l&cat=p&typeid=i","cat":312610},{"id":17,"n":"Champignons Paris Notre Jardin Emincés - 230g","p":1.07,"u":"4,65 €/KG","img":"https://fd1-photos.leclercdrive.fr/image.ashx?id=2551960&use=l&cat=p&typeid=i","cat":312610},{"id":19,"n":"Flageolets verts Notre Jardin Extra fins - 265g","p":0.99,"u":"3,74 €/KG","img":"https://fd1-photos.leclercdrive.fr/image.ashx?id=769754&use=l&cat=p&typeid=i","cat":312606},{"id":20,"n":"Macédoine légumes Notre Jardin 265g","p":0.71,"u":"2,68 €/KG","img":"https://fd1-photos.leclercdrive.fr/image.ashx?id=2050600&use=l&cat=p&typeid=i","cat":312612},{"id":21,"n":"Macédoine légumes Notre Jardin - 530g","p":1.22,"u":"2,30 €/KG","img":"https://fd1-photos.leclercdrive.fr/image.ashx?id=2526276&use=l&cat=p&typeid=i","cat":312612},{"id":22,"n":"Garniture de 4 légumes  Notre Jardin - 510g","p":1.74,"u":"3,41 €/KG","img":"https://fd1-photos.leclercdrive.fr/image.ashx?id=2526279&use=l&cat=p&typeid=i","cat":312612},{"id":26,"n":"Pois chiches Notre Jardin 265g","p":0.75,"u":"2,83 €/KG","img":"https://fd1-photos.leclercdrive.fr/image.ashx?id=2988009&use=l&cat=p&typeid=i","cat":312609},{"id":27,"n":"Lentilles préparées Notre  Jardin - 265g","p":0.66,"u":"2,49 €/KG","img":"https://fd1-photos.leclercdrive.fr/image.ashx?id=2987985&use=l&cat=p&typeid=i","cat":312609},{"id":28,"n":"Lentilles Préparées Notre  Jardin - 530g","p":1.15,"u":"2,17 €/KG","img":"https://fd1-photos.leclercdrive.fr/image.ashx?id=2987982&use=l&cat=p&typeid=i","cat":312609},{"id":29,"n":"Haricots rouges Notre Jardin 250g","p":0.84,"u":"3,36 €/KG","img":"https://fd1-photos.leclercdrive.fr/image.ashx?id=2988024&use=l&cat=p&typeid=i","cat":312606},{"id":30,"n":"Pommes de terre Notre Jardin 530g","p":1.29,"u":"2,43 €/KG","img":"https://fd1-photos.leclercdrive.fr/image.ashx?id=2696250&use=l&cat=p&typeid=i","cat":312612},{"id":32,"n":"Coeurs de céleri Notre Jardin - 500g PNE","p":2.99,"u":"5,64 €/KG","img":"https://fd1-photos.leclercdrive.fr/image.ashx?id=2483602&use=l&cat=p&typeid=i","cat":312612},{"id":34,"n":"Garniture de céleris Notre Jardin - 500g","p":1.89,"u":"3,78 €/KG","img":"https://fd1-photos.leclercdrive.fr/image.ashx?id=2526282&use=l&cat=p&typeid=i","cat":312612},{"id":36,"n":"Epinards hâchés Notre Jardin 795g","p":1.65,"u":"2,08 €/KG","img":"https://fd1-photos.leclercdrive.fr/image.ashx?id=2468807&use=l&cat=p&typeid=i","cat":312612},{"id":37,"n":"Epinards hâchés Notre Jardin 395g","p":1.09,"u":"2,76 €/KG","img":"https://fd1-photos.leclercdrive.fr/image.ashx?id=1993152&use=l&cat=p&typeid=i","cat":312612},{"id":38,"n":"Epinards branches  Notre Jardin 265g","p":1.15,"u":"4,34 €/KG","img":"https://fd1-photos.leclercdrive.fr/image.ashx?id=1993155&use=l&cat=p&typeid=i","cat":312612},{"id":39,"n":"Epinards branches Notre Jardin 530g","p":1.69,"u":"3,19 €/KG","img":"https://fd1-photos.leclercdrive.fr/image.ashx?id=2913651&use=l&cat=p&typeid=i","cat":312612},{"id":40,"n":"Coeurs de palmiers Notre Jardin Extra tendres - 500g","p":3.85,"u":"7,70 €/KG","img":"https://fd1-photos.leclercdrive.fr/image.ashx?id=2072698&use=l&cat=p&typeid=i","cat":312611},{"id":41,"n":"Choux Bruxelles Notre Jardin 530g","p":1.95,"u":"3,68 €/KG","img":"https://fd1-photos.leclercdrive.fr/image.ashx?id=2072428&use=l&cat=p&typeid=i","cat":312612},{"id":42,"n":"Haricots Mungo Notre Jardin 180g","p":1.0,"u":"5,56 €/KG","img":"https://fd1-photos.leclercdrive.fr/image.ashx?id=2072431&use=l&cat=p&typeid=i","cat":312611},{"id":43,"n":"Asperges blanches miniatures Notre Jardin - 110g","p":1.55,"u":"14,09 €/KG","img":"https://fd1-photos.leclercdrive.fr/image.ashx?id=2049019&use=l&cat=p&typeid=i","cat":312611},{"id":44,"n":"Maïs Notre Jardin Tendre - 285g","p":0.96,"u":"3,37 €/KG","img":"https://fd1-photos.leclercdrive.fr/image.ashx?id=3005658&use=l&cat=p&typeid=i","cat":312611},{"id":47,"n":"Filets de thon Saupiquet Huile d'olive - 115g","p":2.36,"u":"20,52 €/KG","img":"https://fd1-photos.leclercdrive.fr/image.ashx?id=2846373&use=l&cat=p&typeid=i","cat":303867},{"id":50,"n":"Miettes de thon Pêche Océan Huile de tournesol - 160g","p":1.7,"u":"10,63 €/KG","img":"https://fd1-photos.leclercdrive.fr/image.ashx?id=2053785&use=l&cat=p&typeid=i","cat":303867},{"id":51,"n":"Miettes de thon Pêche Océan Tomate - 160g","p":1.13,"u":"7,06 €/KG","img":"https://fd1-photos.leclercdrive.fr/image.ashx?id=2941378&use=l&cat=p&typeid=i","cat":303867},{"id":52,"n":"Miettes de thon Pêche Océan Tomate - 3x80g","p":1.56,"u":"6,50 €/KG","img":"https://fd1-photos.leclercdrive.fr/image.ashx?id=2941363&use=l&cat=p&typeid=i","cat":303867},{"id":55,"n":"Filets sardines Pêche Océan Huile d'olive Sans arête - 100g","p":1.35,"u":"13,50 €/KG","img":"https://fd1-photos.leclercdrive.fr/image.ashx?id=1986231&use=l&cat=p&typeid=i","cat":305146},{"id":59,"n":"Maquereaux Pêche Océan Moutarde de Dijon - 169g","p":1.65,"u":"9,76 €/KG","img":"https://fd1-photos.leclercdrive.fr/image.ashx?id=2488350&use=l&cat=p&typeid=i","cat":303868},{"id":67,"n":"Terrine de canard Côté Table 180g","p":1.59,"u":"8,83 €/KG","img":"https://fd1-photos.leclercdrive.fr/image.ashx?id=1878807&use=l&cat=p&typeid=i","cat":305149},{"id":68,"n":"Cassoulet Côté Table Saucisses et saucissons - 420g","p":1.15,"u":"2,74 €/KG","img":"https://fd1-photos.leclercdrive.fr/image.ashx?id=2977099&use=l&cat=p&typeid=i","cat":284440},{"id":74,"n":"Choucroute Côté Table garnie 800g","p":2.79,"u":"3,49 €/KG","img":"https://fd1-photos.leclercdrive.fr/image.ashx?id=1847409&use=l&cat=p&typeid=i","cat":284441},{"id":75,"n":"Choucroute Côté Table garnie 400g","p":1.72,"u":"4,30 €/KG","img":"https://fd1-photos.leclercdrive.fr/image.ashx?id=1993170&use=l&cat=p&typeid=i","cat":284441},{"id":76,"n":"Gratin dauphinois Côté Table 850g","p":1.67,"u":"1,96 €/KG","img":"https://fd1-photos.leclercdrive.fr/image.ashx?id=2977117&use=l&cat=p&typeid=i","cat":284441},{"id":77,"n":"Petit salé Côté Table lentilles A l'Auvergnate 840g","p":2.75,"u":"3,27 €/KG","img":"https://fd1-photos.leclercdrive.fr/image.ashx?id=3014119&use=l&cat=p&typeid=i","cat":284441},{"id":78,"n":"Saucisses lentilles Côté Table 840g","p":1.99,"u":"2,37 €/KG","img":"https://fd1-photos.leclercdrive.fr/image.ashx?id=2977102&use=l&cat=p&typeid=i","cat":284441},{"id":79,"n":"Saucisses lentilles Côté Table 420g","p":1.13,"u":"2,69 €/KG","img":"https://fd1-photos.leclercdrive.fr/image.ashx?id=2977105&use=l&cat=p&typeid=i","cat":284441},{"id":92,"n":"Chips Pom'lisse Nature - 6x30g","p":1.38,"u":"7,67 €/KG","img":"https://fd1-photos.leclercdrive.fr/image.ashx?id=2917317&use=l&cat=p&typeid=i","cat":284447},{"id":97,"n":"Pétales salées Tokapi Soufflés - 75g","p":0.69,"u":"9,20 €/KG","img":"https://fd1-photos.leclercdrive.fr/image.ashx?id=2751874&use=l&cat=p&typeid=i","cat":284449},{"id":104,"n":"Mélange Grillé et salé Tokapi Cacahuètes et noisettes - 120g","p":1.42,"u":"11,83 €/KG","img":"https://fd1-photos.leclercdrive.fr/image.ashx?id=2794100&use=l&cat=p&typeid=i","cat":284448},{"id":105,"n":"Cacahuètes grillées Tokapi Salées - 250g","p":0.85,"u":"3,40 €/KG","img":"https://fd1-photos.leclercdrive.fr/image.ashx?id=2795529&use=l&cat=p&typeid=i","cat":284448},{"id":108,"n":"Noix de cajou grillées Tokapi Salées - 400g","p":4.78,"u":"11,95 €/KG","img":"https://fd1-photos.leclercdrive.fr/image.ashx?id=2793985&use=l&cat=p&typeid=i","cat":284448},{"id":113,"n":"Crackers Tuc Nature Original - 100g","p":0.56,"u":"5,60 €/KG","img":"https://fd1-photos.leclercdrive.fr/image.ashx?id=3002195&use=l&cat=p&typeid=i","cat":297000},{"id":117,"n":"Huile Isio 4 Lesieur 1L","p":3.44,"u":"3,44 €/L","img":"https://fd1-photos.leclercdrive.fr/image.ashx?id=2916018&use=l&cat=p&typeid=i","cat":284453},{"id":118,"n":"Huile d'olive Puget 1L","p":11.85,"u":"11,85 €/L","img":"https://fd1-photos.leclercdrive.fr/image.ashx?id=2917750&use=l&cat=p&typeid=i","cat":284453},{"id":121,"n":"Huile Fleur de colza Lesieur  1L","p":2.78,"u":"2,78 €/L","img":"https://fd1-photos.leclercdrive.fr/image.ashx?id=2916848&use=l&cat=p&typeid=i","cat":284453},{"id":122,"n":"Huile de friture Rustica Sans odeur - 2L","p":4.45,"u":"2,23 €/L","img":"https://fd1-photos.leclercdrive.fr/image.ashx?id=2916662&use=l&cat=p&typeid=i","cat":284453},{"id":123,"n":"Huile végétale  Rustica Mélange 4 huiles  - 1L","p":2.65,"u":"2,65 €/L","img":"https://fd1-photos.leclercdrive.fr/image.ashx?id=2538134&use=l&cat=p&typeid=i","cat":284453},{"id":124,"n":"Huile d'olive Rustica Vierge extra - 1L","p":8.99,"u":"8,99 €/L","img":"https://fd1-photos.leclercdrive.fr/image.ashx?id=2898011&use=l&cat=p&typeid=i","cat":284453},{"id":125,"n":"Huile de tournesol Rustica  1L","p":1.99,"u":"1,99 €/L","img":"https://fd1-photos.leclercdrive.fr/image.ashx?id=2900319&use=l&cat=p&typeid=i","cat":284453},{"id":126,"n":"Huile de tournesol Rustica 3L","p":5.89,"u":"1,96 €/L","img":"https://fd1-photos.leclercdrive.fr/image.ashx?id=2900322&use=l&cat=p&typeid=i","cat":284453},{"id":127,"n":"Huile de colza Rustica  1L","p":1.75,"u":"1,75 €/L","img":"https://fd1-photos.leclercdrive.fr/image.ashx?id=2500797&use=l&cat=p&typeid=i","cat":284453},{"id":128,"n":"Vinaigre de vin Rustica 75cl","p":0.99,"u":"1,32 €/L","img":"https://fd1-photos.leclercdrive.fr/image.ashx?id=1061150&use=l&cat=p&typeid=i","cat":298543},{"id":129,"n":"Vinaigre de cidre Rustica  75cl","p":0.87,"u":"1,16 €/L","img":"https://fd1-photos.leclercdrive.fr/image.ashx?id=2657190&use=l&cat=p&typeid=i","cat":298543},{"id":130,"n":"Vinaigrette Rustica  Moutarde - 50cl","p":0.89,"u":"1,78 €/L","img":"https://fd1-photos.leclercdrive.fr/image.ashx?id=1950144&use=l&cat=p&typeid=i","cat":284456},{"id":131,"n":"Jus de citron Rustica Sicile - 2x125ml - 250ml","p":1.08,"u":"4,32 €/L","img":"https://fd1-photos.leclercdrive.fr/image.ashx?id=2974786&use=l&cat=p&typeid=i","cat":288383},{"id":137,"n":"Gros sel de Camargue NRT Sachet -1kg","p":1.2,"u":"1,20 €/KG","img":"https://fd1-photos.leclercdrive.fr/image.ashx?id=2819956&use=l&cat=p&typeid=i","cat":284457},{"id":138,"n":"Sel fin de Guérande IGP NRT 250g","p":1.35,"u":"5,40 €/KG","img":"https://fd1-photos.leclercdrive.fr/image.ashx?id=2644900&use=l&cat=p&typeid=i","cat":284457},{"id":147,"n":"Olives vertes Rustica  Dénoyautées - 160g","p":0.92,"u":"5,75 €/KG","img":"https://fd1-photos.leclercdrive.fr/image.ashx?id=2499070&use=l&cat=p&typeid=i","cat":284458},{"id":156,"n":"Moutarde de Dijon Rustica  Fine et forte Verre whisky-280g","p":1.94,"u":"6,93 €/KG","img":"https://fd1-photos.leclercdrive.fr/image.ashx?id=2954337&use=l&cat=p&typeid=i","cat":288850},{"id":157,"n":"Moutarde de Dijon AMORA Fine & Forte - 265g","p":1.56,"u":"5,89 €/KG","img":"https://fd1-photos.leclercdrive.fr/image.ashx?id=3004870&use=l&cat=p&typeid=i","cat":288850},{"id":160,"n":"Mayonnaise Lesieur Huile de colza - 175g","p":0.78,"u":"4,46 €/KG","img":"https://fd1-photos.leclercdrive.fr/image.ashx?id=2917702&use=l&cat=p&typeid=i","cat":298295},{"id":169,"n":"Sauce Pesto Panzani Basilic - 200g","p":1.62,"u":"8,10 €/KG","img":"https://fd1-photos.leclercdrive.fr/image.ashx?id=2989093&use=l&cat=p&typeid=i","cat":287599},{"id":172,"n":"Purée de tomates Turini 720ml","p":1.26,"u":"1,75 €/L","img":"https://fd1-photos.leclercdrive.fr/image.ashx?id=2680539&use=l&cat=p&typeid=i","cat":288384},{"id":173,"n":"Pulpe de tomate Notre Jardin En dés - 3x383g","p":2.07,"u":"1,82 €/KG","img":"https://fd1-photos.leclercdrive.fr/image.ashx?id=2826918&use=l&cat=p&typeid=i","cat":288384},{"id":174,"n":"Tomates pelées Notre Jardin Entières - 476g","p":1.4,"u":"2,94 €/KG","img":"https://fd1-photos.leclercdrive.fr/image.ashx?id=2189999&use=l&cat=p&typeid=i","cat":312608},{"id":175,"n":"Sauce bolognaise Turini 420g","p":1.45,"u":"3,45 €/KG","img":"https://fd1-photos.leclercdrive.fr/image.ashx?id=2634860&use=l&cat=p&typeid=i","cat":287599},{"id":178,"n":"Sauce Napolitaine Turini 420g","p":0.88,"u":"2,10 €/KG","img":"https://fd1-photos.leclercdrive.fr/image.ashx?id=2441893&use=l&cat=p&typeid=i","cat":287599},{"id":185,"n":"Pâtes Barilla Pipe Rigate - 500g","p":1.03,"u":"2,06 €/KG","img":"https://fd1-photos.leclercdrive.fr/image.ashx?id=2392209&use=l&cat=p&typeid=i","cat":284427},{"id":186,"n":"Pâtes Barilla Penne rigate - 500g","p":0.98,"u":"1,96 €/KG","img":"https://fd1-photos.leclercdrive.fr/image.ashx?id=2392203&use=l&cat=p&typeid=i","cat":284427},{"id":187,"n":"Pâtes Barilla Fusilli - 500g","p":0.98,"u":"1,96 €/KG","img":"https://fd1-photos.leclercdrive.fr/image.ashx?id=2392212&use=l&cat=p&typeid=i","cat":284427},{"id":191,"n":"Pâtes Collezione Barilla Lasagne aux œufs - 500g","p":2.02,"u":"4,04 €/KG","img":"https://fd1-photos.leclercdrive.fr/image.ashx?id=2990997&use=l&cat=p&typeid=i","cat":284427},{"id":192,"n":"Pâtes Barilla Penne rigate - 1kg","p":1.89,"u":"1,89 €/KG","img":"https://fd1-photos.leclercdrive.fr/image.ashx?id=2392191&use=l&cat=p&typeid=i","cat":284427},{"id":193,"n":"Pâtes vermicelles Panzani  500g","p":1.26,"u":"2,52 €/KG","img":"https://fd1-photos.leclercdrive.fr/image.ashx?id=2896072&use=l&cat=p&typeid=i","cat":284427},{"id":194,"n":"Pâtes Coquillettes Panzani 500g","p":0.92,"u":"1,84 €/KG","img":"https://fd1-photos.leclercdrive.fr/image.ashx?id=2870200&use=l&cat=p&typeid=i","cat":284427},{"id":195,"n":"Pâtes macaroni Panzani 500g","p":0.97,"u":"1,94 €/KG","img":"https://fd1-photos.leclercdrive.fr/image.ashx?id=2884297&use=l&cat=p&typeid=i","cat":284427},{"id":196,"n":"Pâtes nouilles fines Panzani 500g","p":1.08,"u":"2,16 €/KG","img":"https://fd1-photos.leclercdrive.fr/image.ashx?id=2876005&use=l&cat=p&typeid=i","cat":284427},{"id":198,"n":"Pâtes Spaghetti Panzani 500g","p":0.89,"u":"1,78 €/KG","img":"https://fd1-photos.leclercdrive.fr/image.ashx?id=2876023&use=l&cat=p&typeid=i","cat":284427},{"id":199,"n":"Pâtes Tagliatelle Panzani Créatives - 500G","p":1.55,"u":"3,10 €/KG","img":"https://fd1-photos.leclercdrive.fr/image.ashx?id=2902936&use=l&cat=p&typeid=i","cat":284427},{"id":200,"n":"Pâtes lasagnes Turini  500g","p":1.29,"u":"2,58 €/KG","img":"https://fd1-photos.leclercdrive.fr/image.ashx?id=2980779&use=l&cat=p&typeid=i","cat":284427},{"id":201,"n":"Pâtes Etoiles Turini 500g","p":1.05,"u":"2,10 €/KG","img":"https://fd1-photos.leclercdrive.fr/image.ashx?id=2744222&use=l&cat=p&typeid=i","cat":284427},{"id":203,"n":"Pâtes Torsades Turini 500g","p":0.65,"u":"1,30 €/KG","img":"https://fd1-photos.leclercdrive.fr/image.ashx?id=2980423&use=l&cat=p&typeid=i","cat":284427},{"id":204,"n":"Pâtes Coquillettes Turini 500g","p":0.75,"u":"1,50 €/KG","img":"https://fd1-photos.leclercdrive.fr/image.ashx?id=2980405&use=l&cat=p&typeid=i","cat":284427},{"id":205,"n":"Pâtes Macaroni Turini 500g","p":0.75,"u":"1,50 €/KG","img":"https://fd1-photos.leclercdrive.fr/image.ashx?id=2980417&use=l&cat=p&typeid=i","cat":284427},{"id":206,"n":"Spaghetti Turini 500g","p":0.69,"u":"1,38 €/KG","img":"https://fd1-photos.leclercdrive.fr/image.ashx?id=2980396&use=l&cat=p&typeid=i","cat":284427},{"id":208,"n":"Pâtes gansettes Turini 500g","p":0.98,"u":"1,96 €/KG","img":"https://fd1-photos.leclercdrive.fr/image.ashx?id=2607422&use=l&cat=p&typeid=i","cat":284427},{"id":210,"n":"Pâtes cheveux d'anges Turini 500g","p":0.85,"u":"1,70 €/KG","img":"https://fd1-photos.leclercdrive.fr/image.ashx?id=3014155&use=l&cat=p&typeid=i","cat":284427},{"id":211,"n":"Pâtes Tagliatelles Turini 500g","p":1.29,"u":"2,58 €/KG","img":"https://fd1-photos.leclercdrive.fr/image.ashx?id=2669693&use=l&cat=p&typeid=i","cat":284427},{"id":217,"n":"Riz Thaï Comptoir du Grain Sélection Riz long - 1kg","p":2.2,"u":"2,20 €/KG","img":"https://fd1-photos.leclercdrive.fr/image.ashx?id=2657084&use=l&cat=p&typeid=i","cat":284428},{"id":218,"n":"Riz Basmati Comptoir du Grain Sélection Riz long - 1kg","p":2.55,"u":"2,55 €/KG","img":"https://fd1-photos.leclercdrive.fr/image.ashx?id=552079&use=l&cat=p&typeid=i","cat":284428},{"id":219,"n":"Riz long Comptoir du Grain Sachet cuisson rapide x5 - 1kg","p":1.74,"u":"1,74 €/KG","img":"https://fd1-photos.leclercdrive.fr/image.ashx?id=1759876&use=l&cat=p&typeid=i","cat":284428},{"id":220,"n":"Couscous moyen Regia 1kg","p":2.28,"u":"2,28 €/KG","img":"https://fd1-photos.leclercdrive.fr/image.ashx?id=2874856&use=l&cat=p&typeid=i","cat":284429},{"id":221,"n":"Couscous Ferrero fin Graine nature - 1kg","p":2.88,"u":"2,88 €/KG","img":"https://fd1-photos.leclercdrive.fr/image.ashx?id=2862215&use=l&cat=p&typeid=i","cat":284429},{"id":224,"n":"Purée pomme de terre Pom'lisse Nature - 4x125g - 500g","p":1.85,"u":"3,70 €/KG","img":"https://fd1-photos.leclercdrive.fr/image.ashx?id=2929861&use=l&cat=p&typeid=i","cat":284431},{"id":225,"n":"Couscous Comptoir du Grain Grain moyen - 1kg","p":1.44,"u":"1,44 €/KG","img":"https://fd1-photos.leclercdrive.fr/image.ashx?id=3012794&use=l&cat=p&typeid=i","cat":284429},{"id":229,"n":"Blé précuit Comptoir du Grain Cuisson rapide 10 min - 500g","p":1.54,"u":"3,08 €/KG","img":"https://fd1-photos.leclercdrive.fr/image.ashx?id=1986243&use=l&cat=p&typeid=i","cat":284429},{"id":230,"n":"Pois cassés Notre Jardin 500g","p":1.05,"u":"2,10 €/KG","img":"https://fd1-photos.leclercdrive.fr/image.ashx?id=2983772&use=l&cat=p&typeid=i","cat":284430},{"id":231,"n":"Lentilles vertes Notre Jardin 500g","p":1.63,"u":"3,26 €/KG","img":"https://fd1-photos.leclercdrive.fr/image.ashx?id=2055651&use=l&cat=p&typeid=i","cat":284430},{"id":239,"n":"Soupe Velouté Régal Soupe 10 légumes - 1L","p":1.19,"u":"1,19 €/L","img":"https://fd1-photos.leclercdrive.fr/image.ashx?id=2983781&use=l&cat=p&typeid=i","cat":284462},{"id":240,"n":"Soupe Régal Soupe Poireaux Pommes de terre - 1L","p":1.19,"u":"1,19 €/L","img":"https://fd1-photos.leclercdrive.fr/image.ashx?id=2983784&use=l&cat=p&typeid=i","cat":284462},{"id":241,"n":"Soupe Mouliné Régal Soupe 10 légumes variés - 1L","p":1.08,"u":"1,08 €/L","img":"https://fd1-photos.leclercdrive.fr/image.ashx?id=2607353&use=l&cat=p&typeid=i","cat":284462},{"id":242,"n":"Soupe Velouté Régal Soupe Potiron - 1L","p":1.35,"u":"1,35 €/L","img":"https://fd1-photos.leclercdrive.fr/image.ashx?id=739236&use=l&cat=p&typeid=i","cat":284462},{"id":255,"n":"Arôme Saveur Maggi 250g","p":1.87,"u":"7,48 €/KG","img":"https://fd1-photos.leclercdrive.fr/image.ashx?id=2671960&use=l&cat=p&typeid=i","cat":288379},{"id":259,"n":"Assaisonnement Liquide KNORR Viandox - 160ml","p":1.46,"pp":1.02,"u":"6,38 €/L","img":"https://fd1-photos.leclercdrive.fr/image.ashx?id=2705215&use=l&cat=p&typeid=i","cat":288383},{"id":267,"n":"Biscuits Petit Ecolier LU Chocolat au lait - 120g","p":2.12,"u":"17,67 €/KG","img":"https://fd1-photos.leclercdrive.fr/image.ashx?id=3014404&use=l&cat=p&typeid=i","cat":284488},{"id":270,"n":"Biscuits Petit Ecolier LU Chocolat noir - 150g","p":1.75,"u":"11,67 €/KG","img":"https://fd1-photos.leclercdrive.fr/image.ashx?id=2944359&use=l&cat=p&typeid=i","cat":284488},{"id":274,"n":"Biscuits Pocket Prince Chocolat - 400g","p":2.34,"u":"5,85 €/KG","img":"https://fd1-photos.leclercdrive.fr/image.ashx?id=3002207&use=l&cat=p&typeid=i","cat":284488},{"id":278,"n":"Biscuits La Barquette Lulu LU Chocolat noisettes - 2x120g","p":2.0,"u":"8,33 €/KG","img":"https://fd1-photos.leclercdrive.fr/image.ashx?id=2135740&use=l&cat=p&typeid=i","cat":284488},{"id":280,"n":"Biscuits Petits cœurs LU Chocolat - 180g","p":2.4,"u":"13,33 €/KG","img":"https://fd1-photos.leclercdrive.fr/image.ashx?id=3002024&use=l&cat=p&typeid=i","cat":284488},{"id":281,"n":"Gâteaux moelleux Lulu LU Coqueline Chocolat - 165g","p":1.66,"u":"10,06 €/KG","img":"https://fd1-photos.leclercdrive.fr/image.ashx?id=3001946&use=l&cat=p&typeid=i","cat":284495},{"id":282,"n":"Gâteaux L'Ourson Lulu LU Chocolat - 300g","p":2.59,"u":"8,63 €/KG","img":"https://fd1-photos.leclercdrive.fr/image.ashx?id=2182888&use=l&cat=p&typeid=i","cat":284495},{"id":283,"n":"Biscuit Petit beurre P'tit Déli Chocolat au lait pocket - 250g","p":2.25,"u":"9,00 €/KG","img":"https://fd1-photos.leclercdrive.fr/image.ashx?id=750519&use=l&cat=p&typeid=i","cat":284488},{"id":284,"n":"Biscuits P'tit Déli ronds Chocolat lait 200g","p":1.2,"u":"6,00 €/KG","img":"https://fd1-photos.leclercdrive.fr/image.ashx?id=2884210&use=l&cat=p&typeid=i","cat":284488},{"id":286,"n":"Biscuits barquette P'tit Déli Chocolat et noisette x18 - 120g","p":0.89,"u":"7,42 €/KG","img":"https://fd1-photos.leclercdrive.fr/image.ashx?id=2705065&use=l&cat=p&typeid=i","cat":284488},{"id":288,"n":"Gaufrettes P'tit Déli  Enrobées chocolat 150g","p":1.59,"u":"10,60 €/KG","img":"https://fd1-photos.leclercdrive.fr/image.ashx?id=2965416&use=l&cat=p&typeid=i","cat":284488},{"id":289,"n":"Mini goûters P'tit Déli Chocolat 168g","p":1.13,"u":"6,73 €/KG","img":"https://fd1-photos.leclercdrive.fr/image.ashx?id=2321941&use=l&cat=p&typeid=i","cat":284488},{"id":290,"n":"Biscuits P'tit Déli Bâtonnets Chocolat 150g","p":1.19,"u":"7,93 €/KG","img":"https://fd1-photos.leclercdrive.fr/image.ashx?id=2470189&use=l&cat=p&typeid=i","cat":284488},{"id":291,"n":"Goûter Moelleux P'tit Déli  Lait et cacao x10 420g","p":2.81,"u":"6,69 €/KG","img":"https://fd1-photos.leclercdrive.fr/image.ashx?id=2610684&use=l&cat=p&typeid=i","cat":284495},{"id":292,"n":"Biscuits fourrés P'tit Déli Coeur fondant chocolat - 225g","p":1.21,"u":"5,38 €/KG","img":"https://fd1-photos.leclercdrive.fr/image.ashx?id=2637634&use=l&cat=p&typeid=i","cat":284488},{"id":296,"n":"Biscuits La Barquette Lulu LU Fraise - 2x120g","p":2.09,"u":"8,71 €/KG","img":"https://fd1-photos.leclercdrive.fr/image.ashx?id=3001952&use=l&cat=p&typeid=i","cat":284489},{"id":298,"n":"Gâteaux moelleux Lulu LU Coqueline Fraise - 165g","p":1.41,"u":"8,55 €/KG","img":"https://fd1-photos.leclercdrive.fr/image.ashx?id=2977252&use=l&cat=p&typeid=i","cat":284495},{"id":304,"n":"Génoises fourrées P'tit Déli - 150g","p":1.38,"u":"9,20 €/KG","img":"https://fd1-photos.leclercdrive.fr/image.ashx?id=2470192&use=l&cat=p&typeid=i","cat":284489},{"id":310,"n":"Biscuits boudoirs P'tit Déli Aux oeufs - 175g","p":1.38,"u":"7,89 €/KG","img":"https://fd1-photos.leclercdrive.fr/image.ashx?id=1947342&use=l&cat=p&typeid=i","cat":284487},{"id":313,"n":"Biscuits palmiers P'tit Déli 100g","p":0.6,"u":"6,00 €/KG","img":"https://fd1-photos.leclercdrive.fr/image.ashx?id=2940896&use=l&cat=p&typeid=i","cat":284487},{"id":314,"n":"Biscuits langue chat P'tit Déli 200g","p":1.28,"u":"6,40 €/KG","img":"https://fd1-photos.leclercdrive.fr/image.ashx?id=552395&use=l&cat=p&typeid=i","cat":284487},{"id":315,"n":"Biscuits cigarettes P'tit Déli Fines 180g","p":0.95,"u":"5,28 €/KG","img":"https://fd1-photos.leclercdrive.fr/image.ashx?id=2907039&use=l&cat=p&typeid=i","cat":284487},{"id":316,"n":"Palets bretons P'tit Déli 125g","p":0.97,"u":"7,76 €/KG","img":"https://fd1-photos.leclercdrive.fr/image.ashx?id=2809650&use=l&cat=p&typeid=i","cat":284487},{"id":322,"n":"Cake anglais Brossard 400g","p":3.07,"u":"7,68 €/KG","img":"https://fd1-photos.leclercdrive.fr/image.ashx?id=2456795&use=l&cat=p&typeid=i","cat":284493},{"id":323,"n":"Gâteaux Mini roulés Pépito Chocolat - 150g","p":1.76,"u":"11,73 €/KG","img":"https://fd1-photos.leclercdrive.fr/image.ashx?id=2331898&use=l&cat=p&typeid=i","cat":284495},{"id":325,"n":"Galettes Bretonnes P'tit Déli Pur beurre - 125g","p":0.73,"u":"5,84 €/KG","img":"https://fd1-photos.leclercdrive.fr/image.ashx?id=2847943&use=l&cat=p&typeid=i","cat":284487},{"id":327,"n":"Biscuits P'tit Déli Cookies Chocolat nougatine 200g","p":1.35,"u":"6,75 €/KG","img":"https://fd1-photos.leclercdrive.fr/image.ashx?id=2042798&use=l&cat=p&typeid=i","cat":325066},{"id":328,"n":"Biscuits Cookies P'tit Déli Chocolat pépite chocolat - 200g","p":1.35,"u":"6,75 €/KG","img":"https://fd1-photos.leclercdrive.fr/image.ashx?id=2171536&use=l&cat=p&typeid=i","cat":325066},{"id":345,"n":"Pain de mie Harrys - Nature Longue conservation - 250g","p":0.81,"u":"3,24 €/KG","img":"https://fd1-photos.leclercdrive.fr/image.ashx?id=2507976&use=l&cat=p&typeid=i","cat":284477},{"id":349,"n":"Pain de mie nature Epi d'Or Classique - 500g","p":1.19,"u":"2,38 €/KG","img":"https://fd1-photos.leclercdrive.fr/image.ashx?id=2615582&use=l&cat=p&typeid=i","cat":284477},{"id":350,"n":"Pain de mie nature Epi d'Or Grandes tranches - 550g","p":1.09,"u":"1,98 €/KG","img":"https://fd1-photos.leclercdrive.fr/image.ashx?id=2860700&use=l&cat=p&typeid=i","cat":284477},{"id":352,"n":"Pain de mie nature Epi d'Or  Extra-moelleux - 500g","p":0.95,"u":"1,90 €/KG","img":"https://fd1-photos.leclercdrive.fr/image.ashx?id=2860697&use=l&cat=p&typeid=i","cat":284477},{"id":360,"n":"Pains au lait Epi d'Or Pépites chocolat - 350g","p":2.29,"u":"6,54 €/KG","img":"https://fd1-photos.leclercdrive.fr/image.ashx?id=2867895&use=l&cat=p&typeid=i","cat":293505},{"id":361,"n":"Brioche tranchée Epi d'Or Nature - 500g","p":1.65,"u":"3,30 €/KG","img":"https://fd1-photos.leclercdrive.fr/image.ashx?id=2860694&use=l&cat=p&typeid=i","cat":284478},{"id":362,"n":"Briochettes Epi d'Or Nature x12 - 480g","p":1.49,"u":"3,10 €/KG","img":"https://fd1-photos.leclercdrive.fr/image.ashx?id=2860709&use=l&cat=p&typeid=i","cat":284478},{"id":363,"n":"Pains au lait Epi d'Or x10 - 350g","p":1.19,"u":"3,40 €/KG","img":"https://fd1-photos.leclercdrive.fr/image.ashx?id=2860688&use=l&cat=p&typeid=i","cat":293505},{"id":364,"n":"Pains au chocolat Epi d'Or x8 - 360g","p":1.89,"u":"5,25 €/KG","img":"https://fd1-photos.leclercdrive.fr/image.ashx?id=2860691&use=l&cat=p&typeid=i","cat":296366},{"id":368,"n":"Madeleine P'tit Déli coquilles Sachet 1kg","p":3.4,"u":"3,40 €/KG","img":"https://fd1-photos.leclercdrive.fr/image.ashx?id=2999493&use=l&cat=p&typeid=i","cat":284492},{"id":369,"n":"Marbré P'tit Déli 300g","p":1.89,"u":"6,30 €/KG","img":"https://fd1-photos.leclercdrive.fr/image.ashx?id=2562698&use=l&cat=p&typeid=i","cat":294776},{"id":375,"n":"Biscottes fourrées Cracotte LU  Framboise - 200g","p":1.74,"u":"8,70 €/KG","img":"https://fd1-photos.leclercdrive.fr/image.ashx?id=2873844&use=l&cat=p&typeid=i","cat":284479},{"id":376,"n":"Biscottes Cracotte LU  Froment - 250g","p":1.48,"u":"5,92 €/KG","img":"https://fd1-photos.leclercdrive.fr/image.ashx?id=3002006&use=l&cat=p&typeid=i","cat":284479},{"id":377,"n":"Biscottes Cracotte LU Gourmande - 250g","p":1.63,"u":"6,52 €/KG","img":"https://fd1-photos.leclercdrive.fr/image.ashx?id=3002009&use=l&cat=p&typeid=i","cat":284479},{"id":378,"n":"Biscottes Cracotte LU  Céréales complètes - 250g","p":1.68,"u":"6,72 €/KG","img":"https://fd1-photos.leclercdrive.fr/image.ashx?id=3002012&use=l&cat=p&typeid=i","cat":284479},{"id":379,"n":"Biscottes fourrées Cracotte Lu Chocolat - 200g","p":1.56,"u":"7,80 €/KG","img":"https://fd1-photos.leclercdrive.fr/image.ashx?id=2849704&use=l&cat=p&typeid=i","cat":284479},{"id":382,"n":"Biscottes Epi d'Or 6 céréales x36 - 300g","p":1.22,"u":"4,07 €/KG","img":"https://fd1-photos.leclercdrive.fr/image.ashx?id=2532832&use=l&cat=p&typeid=i","cat":284479},{"id":384,"n":"Biscottes Epi d'Or froment x36 - 300g","p":1.37,"u":"4,57 €/KG","img":"https://fd1-photos.leclercdrive.fr/image.ashx?id=2634854&use=l&cat=p&typeid=i","cat":284479},{"id":388,"n":"Tartines craquantes Epi d'Or  Froment - 250g","p":1.05,"u":"4,20 €/KG","img":"https://fd1-photos.leclercdrive.fr/image.ashx?id=1071271&use=l&cat=p&typeid=i","cat":284479},{"id":399,"n":"Café moulu Plantation Intense et aromatique - 2x250g","p":6.8,"u":"13,60 €/KG","img":"https://fd1-photos.leclercdrive.fr/image.ashx?id=2607398&use=l&cat=p&typeid=i","cat":284750},{"id":400,"n":"Café moulu Plantation  Intense et aromatique - 250g","p":3.5,"u":"14,00 €/KG","img":"https://fd1-photos.leclercdrive.fr/image.ashx?id=2555050&use=l&cat=p&typeid=i","cat":284750},{"id":401,"n":"Café moulu Plantation  Brésil - 2x250g","p":7.19,"u":"14,38 €/KG","img":"https://fd1-photos.leclercdrive.fr/image.ashx?id=2824247&use=l&cat=p&typeid=i","cat":284750},{"id":402,"n":"Café moulu Plantation  Tradition - 4x250g","p":9.6,"u":"9,60 €/KG","img":"https://fd1-photos.leclercdrive.fr/image.ashx?id=2824250&use=l&cat=p&typeid=i","cat":284750},{"id":405,"n":"Café Soluble Nescafé Spécial Filtre Original - 200g","p":7.85,"u":"39,25 €/KG","img":"https://fd1-photos.leclercdrive.fr/image.ashx?id=2837154&use=l&cat=p&typeid=i","cat":284843},{"id":435,"n":"Infusion Tiséa Tilleul Menthe - x25","p":1.05,"u":"26,25 €/KG","img":"https://fd1-photos.leclercdrive.fr/image.ashx?id=2481748&use=l&cat=p&typeid=i","cat":293234},{"id":437,"n":"Infusion Tiséa Verveine Orange - x25","p":1.34,"u":"33,50 €/KG","img":"https://fd1-photos.leclercdrive.fr/image.ashx?id=2757915&use=l&cat=p&typeid=i","cat":293234},{"id":444,"n":"Lait en poudre Régilait Demi écrémé - 300g","p":2.44,"u":"8,13 €/KG","img":"https://fd1-photos.leclercdrive.fr/image.ashx?id=2110077&use=l&cat=p&typeid=i","cat":299162},{"id":446,"n":"Lait en poudre Délisse Ecrémé - 300g","p":2.1,"u":"7,00 €/KG","img":"https://fd1-photos.leclercdrive.fr/image.ashx?id=2545467&use=l&cat=p&typeid=i","cat":299162},{"id":451,"n":"Confiture Bonne Maman Abricots - 370g","p":1.69,"u":"4,57 €/KG","img":"https://fd1-photos.leclercdrive.fr/image.ashx?id=3001275&use=l&cat=p&typeid=i","cat":284480},{"id":452,"n":"Confiture Bonne Maman Mûres 370g","p":2.56,"u":"6,92 €/KG","img":"https://fd1-photos.leclercdrive.fr/image.ashx?id=2348379&use=l&cat=p&typeid=i","cat":284480},{"id":453,"n":"Confiture extra figues NRT De Provence - 315g","p":2.64,"u":"8,38 €/KG","img":"https://fd1-photos.leclercdrive.fr/image.ashx?id=2699801&use=l&cat=p&typeid=i","cat":284480},{"id":456,"n":"Céréales Golden Grahams Nestlé 375g","p":2.28,"u":"6,08 €/KG","img":"https://fd1-photos.leclercdrive.fr/image.ashx?id=2979830&use=l&cat=p&typeid=i","cat":309513},{"id":473,"n":"Céréales Lion Nestlé Caramel et Chocolat - 400g","p":2.66,"u":"6,65 €/KG","img":"https://fd1-photos.leclercdrive.fr/image.ashx?id=2927453&use=l&cat=p&typeid=i","cat":309513},{"id":474,"n":"Céréales Cookie Crisp Nestlé 375g","p":2.33,"u":"6,21 €/KG","img":"https://fd1-photos.leclercdrive.fr/image.ashx?id=2926443&use=l&cat=p&typeid=i","cat":309513},{"id":486,"n":"Sucre en poudre Saint Louis 1kg","p":1.81,"u":"1,81 €/KG","img":"https://fd1-photos.leclercdrive.fr/image.ashx?id=2624239&use=l&cat=p&typeid=i","cat":284502},{"id":489,"n":"Tutti Free blanc Morceaux - 290g","p":2.58,"u":"8,90 €/KG","img":"https://fd1-photos.leclercdrive.fr/image.ashx?id=2504302&use=l&cat=p&typeid=i","cat":284502},{"id":491,"n":"Levure boulangère Francine 30g","p":1.17,"u":"39,00 €/KG","img":"https://fd1-photos.leclercdrive.fr/image.ashx?id=2210083&use=l&cat=p&typeid=i","cat":294686},{"id":492,"n":"Farine fluide Tablier Blanc Sans grumeaux - 1kg","p":0.85,"u":"0,85 €/KG","img":"https://fd1-photos.leclercdrive.fr/image.ashx?id=2832628&use=l&cat=p&typeid=i","cat":284503},{"id":494,"n":"Levure boulangère Alsa Briochin - x5 - 27.5g","p":0.9,"u":"32,14 €/KG","img":"https://fd1-photos.leclercdrive.fr/image.ashx?id=3007906&use=l&cat=p&typeid=i","cat":294686},{"id":496,"n":"Sucre Vanillé des Isles Alsa x7 - 52.5g","p":2.41,"u":"46,35 €/KG","img":"https://fd1-photos.leclercdrive.fr/image.ashx?id=2965867&use=l&cat=p&typeid=i","cat":294686},{"id":497,"n":"Sucre Vanillé Alsa x12 - 90g","p":2.07,"u":"23,00 €/KG","img":"https://fd1-photos.leclercdrive.fr/image.ashx?id=3004459&use=l&cat=p&typeid=i","cat":294686},{"id":528,"n":"Bonbons Copains Copines Cola acide - 275 g","p":1.53,"u":"5,56 €/KG","img":"https://fd1-photos.leclercdrive.fr/image.ashx?id=2934658&use=l&cat=p&typeid=i","cat":304250},{"id":529,"n":"Bonbons Copains Copines Chocours 200g","p":1.25,"u":"6,25 €/KG","img":"https://fd1-photos.leclercdrive.fr/image.ashx?id=2934649&use=l&cat=p&typeid=i","cat":304250},{"id":547,"n":"Eau de source de Montagne 5L","p":0.87,"u":"0,17 €/L","img":"https://fd1-photos.leclercdrive.fr/image.ashx?id=2699420&use=l&cat=p&typeid=i","cat":284535},{"id":567,"n":"Eau gazeuse San Pellegrino Minérale naturelle - 6x50cl","p":2.99,"u":"1,00 €/L","img":"https://fd1-photos.leclercdrive.fr/image.ashx?id=2145871&use=l&cat=p&typeid=i","cat":284536},{"id":589,"n":"Sirop Frucci Orange - 75cl","p":3.22,"u":"4,29 €/L","img":"https://fd1-photos.leclercdrive.fr/image.ashx?id=2909864&use=l&cat=p&typeid=i","cat":295020},{"id":591,"n":"Sirop Frucci Citron - 75cl","p":1.69,"u":"2,25 €/L","img":"https://fd1-photos.leclercdrive.fr/image.ashx?id=2842214&use=l&cat=p&typeid=i","cat":295020},{"id":592,"n":"Sirop Frucci Grenadine - 75cl","p":1.99,"u":"2,65 €/L","img":"https://fd1-photos.leclercdrive.fr/image.ashx?id=2842220&use=l&cat=p&typeid=i","cat":295020},{"id":594,"n":"Sirop Frucci Framboise - 75cl","p":3.52,"u":"4,69 €/L","img":"https://fd1-photos.leclercdrive.fr/image.ashx?id=2909867&use=l&cat=p&typeid=i","cat":295020},{"id":595,"n":"Sirop Frucci Fraise - 75cl","p":2.69,"u":"3,59 €/L","img":"https://fd1-photos.leclercdrive.fr/image.ashx?id=2842229&use=l&cat=p&typeid=i","cat":295020},{"id":596,"n":"Sirop Frucci Cassis - 75cl","p":2.93,"u":"3,91 €/L","img":"https://fd1-photos.leclercdrive.fr/image.ashx?id=2842238&use=l&cat=p&typeid=i","cat":295020},{"id":598,"n":"100% Pur jus de tomate Jafaden bouteille plastique -1L","p":2.05,"u":"2,05 €/L","img":"https://fd1-photos.leclercdrive.fr/image.ashx?id=2860682&use=l&cat=p&typeid=i","cat":284523},{"id":613,"n":"Jus d'orange Jafaden A base de concentré - 6x20cl","p":1.99,"u":"1,66 €/L","img":"https://fd1-photos.leclercdrive.fr/image.ashx?id=2751871&use=l&cat=p&typeid=i","cat":284524},{"id":617,"n":"100% Pur jus d'orange Jafaden  Sans pulpe - 1,5L","p":2.65,"u":"1,77 €/L","img":"https://fd1-photos.leclercdrive.fr/image.ashx?id=2842468&use=l&cat=p&typeid=i","cat":284521},{"id":618,"n":"Nectar d'orange Jafaden Avec pulpe - 1L","p":1.69,"u":"1,69 €/L","img":"https://fd1-photos.leclercdrive.fr/image.ashx?id=2955638&use=l&cat=p&typeid=i","cat":284521},{"id":619,"n":"Nectar orange Jafaden 2L","p":2.52,"u":"1,26 €/L","img":"https://fd1-photos.leclercdrive.fr/image.ashx?id=2955644&use=l&cat=p&typeid=i","cat":284521},{"id":621,"n":"100% Pur jus d'orange Jafaden  Sans pulpe - 2L","p":3.49,"u":"1,75 €/L","img":"https://fd1-photos.leclercdrive.fr/image.ashx?id=2842456&use=l&cat=p&typeid=i","cat":284521},{"id":624,"n":"Pur Jus de pommes NRT De Bretagne - 1L","p":2.52,"u":"2,52 €/L","img":"https://fd1-photos.leclercdrive.fr/image.ashx?id=2590463&use=l&cat=p&typeid=i","cat":284522},{"id":627,"n":"Jus pamplemousse rose Jafaden A base de concentré - 1L","p":1.55,"u":"1,55 €/L","img":"https://fd1-photos.leclercdrive.fr/image.ashx?id=2520005&use=l&cat=p&typeid=i","cat":284914},{"id":630,"n":"Nectar Jafaden Orange banane - 2L","p":3.17,"u":"1,59 €/L","img":"https://fd1-photos.leclercdrive.fr/image.ashx?id=2955680&use=l&cat=p&typeid=i","cat":284915},{"id":633,"n":"Jus d'ananas Jafaden Briquettes - 6x20cl","p":2.7,"u":"2,25 €/L","img":"https://fd1-photos.leclercdrive.fr/image.ashx?id=2869775&use=l&cat=p&typeid=i","cat":284524},{"id":638,"n":"Jus multifruits Jafaden 1L","p":1.89,"u":"1,89 €/L","img":"https://fd1-photos.leclercdrive.fr/image.ashx?id=2916659&use=l&cat=p&typeid=i","cat":285435},{"id":656,"n":"Soda Jean's Cola Canette - 6x33cl","p":2.26,"u":"1,14 €/L","img":"https://fd1-photos.leclercdrive.fr/image.ashx?id=2637829&use=l&cat=p&typeid=i","cat":284530},{"id":657,"n":"Soda Jean's Cola allégé Bouteille - 1,5L","p":0.87,"u":"0,58 €/L","img":"https://fd1-photos.leclercdrive.fr/image.ashx?id=2637832&use=l&cat=p&typeid=i","cat":284530},{"id":668,"n":"Limonade artisanale NRT 1L","p":2.75,"u":"2,75 €/L","img":"https://fd1-photos.leclercdrive.fr/image.ashx?id=2791066&use=l&cat=p&typeid=i","cat":284531},{"id":669,"n":"Limonade des Pyrénées NRT 6x33cl","p":3.35,"u":"1,69 €/L","img":"https://fd1-photos.leclercdrive.fr/image.ashx?id=2699807&use=l&cat=p&typeid=i","cat":284531},{"id":682,"n":"Soda Pulp'Orange Bouteille - 1,5L","p":1.47,"u":"0,98 €/L","img":"https://fd1-photos.leclercdrive.fr/image.ashx?id=2922382&use=l&cat=p&typeid=i","cat":284532},{"id":683,"n":"Soda Pulp'Orange rouge Bouteille - 1,5L","p":1.59,"u":"1,06 €/L","img":"https://fd1-photos.leclercdrive.fr/image.ashx?id=2922394&use=l&cat=p&typeid=i","cat":284532},{"id":689,"n":"Thé glacé Fresh Tea Pêche - Canette -  6x33cl","p":2.49,"u":"1,26 €/L","img":"https://fd1-photos.leclercdrive.fr/image.ashx?id=2622239&use=l&cat=p&typeid=i","cat":295019},{"id":737,"n":"Rhum blanc Lagoa 40%vol - 70cl","p":9.99,"u":"14,27 €/L","img":"https://fd1-photos.leclercdrive.fr/image.ashx?id=2966469&use=l&cat=p&typeid=i","cat":284550},{"id":741,"n":"IGP Pays d'Oc Chardonnay Blanc Vieux Carion 13% vol -75 cl","p":2.75,"u":"3,67 €/L","img":"https://fd1-photos.leclercdrive.fr/image.ashx?id=2874690&use=l&cat=p&typeid=i","cat":289557},{"id":742,"n":"AOP Cabernet d'Anjou vin rosé Les Caractères - BIB 3L - 11%","p":13.49,"u":"4,50 €/L","img":"https://fd1-photos.leclercdrive.fr/image.ashx?id=2940902&use=l&cat=p&typeid=i","cat":289560},{"id":744,"n":"Cidre bouché Les Goelleries Breton brut 5%vol. - 75cl","p":1.99,"u":"2,65 €/L","img":"https://fd1-photos.leclercdrive.fr/image.ashx?id=2842184&use=l&cat=p&typeid=i","cat":334880},{"id":749,"n":"Camembert Les Croisés 20%MG - 250g","p":1.53,"u":"6,12 €/KG","img":"https://fd1-photos.leclercdrive.fr/image.ashx?id=2974762&use=l&cat=p&typeid=i","cat":314033},{"id":750,"n":"Camembert de Pays Les Croisés 21% mg - 250 gr","p":1.75,"u":"7,00 €/KG","img":"https://fd1-photos.leclercdrive.fr/image.ashx?id=2974795&use=l&cat=p&typeid=i","cat":314033},{"id":753,"n":"Pointe de Brie Les Croisés 32% mg - 200g","p":1.45,"u":"7,25 €/KG","img":"https://fd1-photos.leclercdrive.fr/image.ashx?id=2974774&use=l&cat=p&typeid=i","cat":314033},{"id":754,"n":"Fromage Les Croisés Coeur Crème Lait pasteurisé 33%mg - 300g","p":2.29,"u":"7,63 €/KG","img":"https://fd1-photos.leclercdrive.fr/image.ashx?id=2970726&use=l&cat=p&typeid=i","cat":314033},{"id":757,"n":"Fromage Comté Entremont 32 %mg - 350g","p":5.37,"u":"15,34 €/KG","img":"https://fd1-photos.leclercdrive.fr/image.ashx?id=2983147&use=l&cat=p&typeid=i","cat":314034},{"id":760,"n":"Emmental fromage bloc Les Croisés - 250g","p":2.24,"u":"8,96 €/KG","img":"https://fd1-photos.leclercdrive.fr/image.ashx?id=2897757&use=l&cat=p&typeid=i","cat":314034},{"id":764,"n":"Fromage Bleu Les Croisés Lait pasteurisé 31% mg - 250g","p":2.29,"u":"9,16 €/KG","img":"https://fd1-photos.leclercdrive.fr/image.ashx?id=2642100&use=l&cat=p&typeid=i","cat":314032},{"id":768,"n":"Fromage de chèvre Les Croisés Lait pasteurisé 22%mg - 180g","p":2.29,"u":"12,72 €/KG","img":"https://fd1-photos.leclercdrive.fr/image.ashx?id=2048615&use=l&cat=p&typeid=i","cat":314031},{"id":769,"n":"Fromage de Brebis Les Croisés -Tranche - 200g","p":2.21,"u":"11,05 €/KG","img":"https://fd1-photos.leclercdrive.fr/image.ashx?id=2237499&use=l&cat=p&typeid=i","cat":314031},{"id":785,"n":"Rondelé ail et fines herbes 125g","p":1.68,"u":"13,44 €/KG","img":"https://fd1-photos.leclercdrive.fr/image.ashx?id=2967756&use=l&cat=p&typeid=i","cat":314029},{"id":786,"n":"Chaussée aux Moines 450g","p":4.06,"u":"9,02 €/KG","img":"https://fd1-photos.leclercdrive.fr/image.ashx?id=2771166&use=l&cat=p&typeid=i","cat":329184},{"id":787,"n":"Fromage L'Ortolan  Fromagerie Milleret - 250g","p":2.58,"u":"10,32 €/KG","img":"https://fd1-photos.leclercdrive.fr/image.ashx?id=2450913&use=l&cat=p&typeid=i","cat":314033},{"id":794,"n":"Rocamadour NRT AOP  Fromage de chèvre - 3x35g","p":2.75,"u":"26,19 €/KG","img":"https://fd1-photos.leclercdrive.fr/image.ashx?id=2954142&use=l&cat=p&typeid=i","cat":314031},{"id":795,"n":"Fromage Brique Les Croisés Lait pasteurisé 60%mg - 200g","p":1.74,"u":"8,70 €/KG","img":"https://fd1-photos.leclercdrive.fr/image.ashx?id=2615804&use=l&cat=p&typeid=i","cat":314033},{"id":796,"n":"Fromage raclette Les Croisés Tranchette lait pasteurisé 400g","p":3.89,"u":"9,73 €/KG","img":"https://fd1-photos.leclercdrive.fr/image.ashx?id=2791704&use=l&cat=p&typeid=i","cat":314037},{"id":800,"n":"Mozzarella Les Croisés - 125g","p":0.93,"u":"7,44 €/KG","img":"https://fd1-photos.leclercdrive.fr/image.ashx?id=2122682&use=l&cat=p&typeid=i","cat":314026},{"id":806,"n":"Emmental fromage rapé Les Croisés - 500g","p":4.0,"u":"8,00 €/KG","img":"https://fd1-photos.leclercdrive.fr/image.ashx?id=2791698&use=l&cat=p&typeid=i","cat":314035},{"id":807,"n":"Emmental fromage rapé Les Croisés - 200g","p":1.65,"u":"8,25 €/KG","img":"https://fd1-photos.leclercdrive.fr/image.ashx?id=2791230&use=l&cat=p&typeid=i","cat":314035},{"id":808,"n":"Emmental fromage rapé Les Croisés - 100g","p":1.1,"u":"11,00 €/KG","img":"https://fd1-photos.leclercdrive.fr/image.ashx?id=2842259&use=l&cat=p&typeid=i","cat":314035},{"id":809,"n":"Râpé Parmigiano Reggiano AOP Les Croisés - 60g","p":1.1,"u":"18,33 €/KG","img":"https://fd1-photos.leclercdrive.fr/image.ashx?id=2903947&use=l&cat=p&typeid=i","cat":314035},{"id":810,"n":"Râpé Grana Padano AOP Les Croisés - 100g","p":1.5,"u":"15,00 €/KG","img":"https://fd1-photos.leclercdrive.fr/image.ashx?id=2903938&use=l&cat=p&typeid=i","cat":314035},{"id":816,"n":"Yaourts Délisse Nature - 16x125g","p":2.25,"u":"1,13 €/KG","img":"https://fd1-photos.leclercdrive.fr/image.ashx?id=2974756&use=l&cat=p&typeid=i","cat":284409},{"id":817,"n":"Yaourts Délisse Nature - 12x125g","p":1.85,"u":"1,23 €/KG","img":"https://fd1-photos.leclercdrive.fr/image.ashx?id=2971867&use=l&cat=p&typeid=i","cat":284409},{"id":818,"n":"Yaourts brassés Délisse  Nature - 8x125g","p":1.65,"u":"1,65 €/KG","img":"https://fd1-photos.leclercdrive.fr/image.ashx?id=2742611&use=l&cat=p&typeid=i","cat":284409},{"id":819,"n":"Yaourts brassés Délisse Nature - 16x125g","p":2.99,"u":"1,50 €/KG","img":"https://fd1-photos.leclercdrive.fr/image.ashx?id=3003049&use=l&cat=p&typeid=i","cat":284409},{"id":821,"n":"Yaourts sucrés Délisse Nature - 16x125g","p":2.74,"u":"1,37 €/KG","img":"https://fd1-photos.leclercdrive.fr/image.ashx?id=2591485&use=l&cat=p&typeid=i","cat":284409},{"id":822,"n":"Yaourts à la Grecque Délisse Nature - 4x150g","p":1.29,"u":"2,15 €/KG","img":"https://fd1-photos.leclercdrive.fr/image.ashx?id=2699405&use=l&cat=p&typeid=i","cat":314999},{"id":834,"n":"Yaourts La Laitière Fruits pâtissiers - 12x125g","p":4.67,"u":"3,11 €/KG","img":"https://fd1-photos.leclercdrive.fr/image.ashx?id=2578684&use=l&cat=p&typeid=i","cat":314999},{"id":841,"n":"Yaourts brassés Délisse Panaché de fruits - 16x125g","p":3.26,"u":"1,63 €/KG","img":"https://fd1-photos.leclercdrive.fr/image.ashx?id=2494211&use=l&cat=p&typeid=i","cat":284410},{"id":842,"n":"Yaourts aux fruits Délisse Panaché de fruits - 16x125g","p":3.78,"u":"1,89 €/KG","img":"https://fd1-photos.leclercdrive.fr/image.ashx?id=2609544&use=l&cat=p&typeid=i","cat":284410},{"id":843,"n":"Yaourts Crème Délisse Stracciatella - 4x125g","p":2.04,"u":"4,08 €/KG","img":"https://fd1-photos.leclercdrive.fr/image.ashx?id=2117120&use=l&cat=p&typeid=i","cat":314999},{"id":879,"n":"Fromage blanc sous mousse  Gervita nature - 4x100g","p":1.89,"u":"4,73 €/KG","img":"https://fd1-photos.leclercdrive.fr/image.ashx?id=2746157&use=l&cat=p&typeid=i","cat":284409},{"id":887,"n":"Fromage frais Délisse Fruits panachés 22%mg - 12x50g","p":1.45,"u":"2,42 €/KG","img":"https://fd1-photos.leclercdrive.fr/image.ashx?id=2922491&use=l&cat=p&typeid=i","cat":284414},{"id":890,"n":"Fromage frais Délisse Nature 3,8% MG - 12x60g","p":1.64,"u":"2,28 €/KG","img":"https://fd1-photos.leclercdrive.fr/image.ashx?id=1951840&use=l&cat=p&typeid=i","cat":284409},{"id":894,"n":"Fromage blanc Délisse Nature 0% MG - 8x100g","p":1.79,"u":"2,24 €/KG","img":"https://fd1-photos.leclercdrive.fr/image.ashx?id=2898817&use=l&cat=p&typeid=i","cat":315000},{"id":895,"n":"Fromage blanc Délisse Nature - 3,1% MG - 8x100g","p":1.79,"u":"2,24 €/KG","img":"https://fd1-photos.leclercdrive.fr/image.ashx?id=2923390&use=l&cat=p&typeid=i","cat":284409},{"id":897,"n":"Fromage blanc Délisse Nature 3.1% MG - 1kg","p":1.97,"u":"1,97 €/KG","img":"https://fd1-photos.leclercdrive.fr/image.ashx?id=3012788&use=l&cat=p&typeid=i","cat":284409},{"id":899,"n":"Dessert Enfant Petits Filous Chocolat - 6x100g","p":2.25,"u":"3,75 €/KG","img":"https://fd1-photos.leclercdrive.fr/image.ashx?id=2878828&use=l&cat=p&typeid=i","cat":284414},{"id":909,"n":"Crème dessert Danette Chocolat et lait - 6x70g","p":1.66,"u":"3,95 €/KG","img":"https://fd1-photos.leclercdrive.fr/image.ashx?id=1984855&use=l&cat=p&typeid=i","cat":285041},{"id":918,"n":"Crème dessert Délisse Café - 4x125g","p":0.95,"u":"1,90 €/KG","img":"https://fd1-photos.leclercdrive.fr/image.ashx?id=2441048&use=l&cat=p&typeid=i","cat":285041},{"id":919,"n":"Crème dessert Délisse Caramel - 4x125g","p":0.91,"u":"1,82 €/KG","img":"https://fd1-photos.leclercdrive.fr/image.ashx?id=2854204&use=l&cat=p&typeid=i","cat":285041},{"id":920,"n":"Crème dessert Délisse Chocolat - 4x125g","p":0.95,"u":"1,90 €/KG","img":"https://fd1-photos.leclercdrive.fr/image.ashx?id=2854207&use=l&cat=p&typeid=i","cat":285041},{"id":921,"n":"Crème dessert Délisse Vanille - 4x125g","p":0.89,"u":"1,78 €/KG","img":"https://fd1-photos.leclercdrive.fr/image.ashx?id=2854210&use=l&cat=p&typeid=i","cat":285041},{"id":922,"n":"Crème dessert Délisse Praliné - 4x125g","p":0.95,"u":"1,90 €/KG","img":"https://fd1-photos.leclercdrive.fr/image.ashx?id=2441066&use=l&cat=p&typeid=i","cat":285041},{"id":923,"n":"Crème dessert Délisse Panaché - 12x125g","p":2.83,"u":"1,89 €/KG","img":"https://fd1-photos.leclercdrive.fr/image.ashx?id=2465211&use=l&cat=p&typeid=i","cat":285041},{"id":931,"n":"Dessert Liégeois Délisse Café - 4x100g","p":0.99,"u":"2,48 €/KG","img":"https://fd1-photos.leclercdrive.fr/image.ashx?id=1703224&use=l&cat=p&typeid=i","cat":285042},{"id":932,"n":"Dessert Liégeois Délisse Chocolat - 4x100g","p":1.1,"u":"2,75 €/KG","img":"https://fd1-photos.leclercdrive.fr/image.ashx?id=1868860&use=l&cat=p&typeid=i","cat":285042},{"id":934,"n":"Dessert Liégeois Délisse Chocolat - 12x100g","p":3.14,"u":"2,62 €/KG","img":"https://fd1-photos.leclercdrive.fr/image.ashx?id=2630878&use=l&cat=p&typeid=i","cat":285042},{"id":935,"n":"Dessert Liégeois Délisse Vanille Caramel - 8x100g","p":1.95,"u":"2,44 €/KG","img":"https://fd1-photos.leclercdrive.fr/image.ashx?id=1713618&use=l&cat=p&typeid=i","cat":285042},{"id":941,"n":"Mousse liégeoise Viennois  Chocolat - 8x90g","p":3.2,"u":"4,44 €/KG","img":"https://fd1-photos.leclercdrive.fr/image.ashx?id=2855043&use=l&cat=p&typeid=i","cat":284417},{"id":944,"n":"Mousse au chocolat Délisse Chocolat au lait - 4x60g","p":1.15,"u":"4,79 €/KG","img":"https://fd1-photos.leclercdrive.fr/image.ashx?id=3009496&use=l&cat=p&typeid=i","cat":284417},{"id":955,"n":"Ile flottante Délisse Crème anglaise - 4x100g","p":1.89,"u":"4,73 €/KG","img":"https://fd1-photos.leclercdrive.fr/image.ashx?id=2860706&use=l&cat=p&typeid=i","cat":284419},{"id":960,"n":"Flan Délisse Vanille Caramel - 16x100g","p":2.52,"u":"1,58 €/KG","img":"https://fd1-photos.leclercdrive.fr/image.ashx?id=2858977&use=l&cat=p&typeid=i","cat":284420},{"id":979,"n":"Beurre Mini Elle&Vire  Doux - 82% MG - 16P - 200g","p":2.91,"u":"14,55 €/KG","img":"https://fd1-photos.leclercdrive.fr/image.ashx?id=2528397&use=l&cat=p&typeid=i","cat":284379},{"id":983,"n":"Beurre Tendre Les Croisés Doux - 82% MG - 250g","p":2.59,"u":"10,36 €/KG","img":"https://fd1-photos.leclercdrive.fr/image.ashx?id=2778018&use=l&cat=p&typeid=i","cat":284379},{"id":984,"n":"Beurre Extra fin Les Croisés Doux - 82% MG - 250g","p":2.95,"u":"11,80 €/KG","img":"https://fd1-photos.leclercdrive.fr/image.ashx?id=2839869&use=l&cat=p&typeid=i","cat":284379},{"id":985,"n":"Beurre de Bretagne Les Croisés Doux - 82% MG - 500g","p":4.89,"u":"9,78 €/KG","img":"https://fd1-photos.leclercdrive.fr/image.ashx?id=2943605&use=l&cat=p&typeid=i","cat":284379},{"id":986,"n":"Beurre de Baratte d'Isigny NRT AOP 82% MG - Doux - 250g","p":3.05,"u":"12,20 €/KG","img":"https://fd1-photos.leclercdrive.fr/image.ashx?id=2657274&use=l&cat=p&typeid=i","cat":284379},{"id":990,"n":"Beurre Tendre Les Croisés Doux - 82% MG - 250g","p":2.29,"u":"9,16 €/KG","img":"https://fd1-photos.leclercdrive.fr/image.ashx?id=2839887&use=l&cat=p&typeid=i","cat":284379},{"id":991,"n":"Beurre de Bretagne Les Croisés Demi-sel - 80% MG - 500g","p":4.89,"u":"9,78 €/KG","img":"https://fd1-photos.leclercdrive.fr/image.ashx?id=2943602&use=l&cat=p&typeid=i","cat":284379},{"id":1004,"n":"Crème UHT Elle&Vire Semi-Ep. Si Légère - 4% MG - 3x20cl","p":2.58,"u":"4,30 €/L","img":"https://fd1-photos.leclercdrive.fr/image.ashx?id=2985282&use=l&cat=p&typeid=i","cat":284381},{"id":1005,"n":"Crème Chantilly sucrée Délisse Entière sous pression - 250g","p":1.95,"u":"7,80 €/KG","img":"https://fd1-photos.leclercdrive.fr/image.ashx?id=3002512&use=l&cat=p&typeid=i","cat":284382},{"id":1006,"n":"Crème Chantilly sucrée Délisse Allégée sous pression - 250g","p":1.79,"u":"7,16 €/KG","img":"https://fd1-photos.leclercdrive.fr/image.ashx?id=3002515&use=l&cat=p&typeid=i","cat":284382},{"id":1008,"n":"Crème entière fluide Délisse 30%mg - 3x20cl","p":2.65,"u":"4,42 €/L","img":"https://fd1-photos.leclercdrive.fr/image.ashx?id=2509977&use=l&cat=p&typeid=i","cat":284381},{"id":1009,"n":"Crème légère semi-épaisse   Délisse 18%mg - 3x20cl","p":2.11,"u":"3,52 €/L","img":"https://fd1-photos.leclercdrive.fr/image.ashx?id=3002557&use=l&cat=p&typeid=i","cat":284381},{"id":1010,"n":"Crème entière d'Isigny AOP NRT 40cl","p":2.99,"u":"7,48 €/L","img":"https://fd1-photos.leclercdrive.fr/image.ashx?id=2255331&use=l&cat=p&typeid=i","cat":284381},{"id":1011,"n":"Crème fraîche légère Délisse Epaisse - 15% MG - 20cl","p":0.7,"u":"3,50 €/L","img":"https://fd1-photos.leclercdrive.fr/image.ashx?id=1974248&use=l&cat=p&typeid=i","cat":284381},{"id":1012,"n":"Crème fraîche légère Délisse Epaisse - 15% MG  - 50cl","p":1.55,"u":"3,10 €/L","img":"https://fd1-photos.leclercdrive.fr/image.ashx?id=3002542&use=l&cat=p&typeid=i","cat":284381},{"id":1013,"n":"Crème fraîche entière Délisse Epaisse - 30% MG - 20cl","p":0.84,"u":"4,20 €/L","img":"https://fd1-photos.leclercdrive.fr/image.ashx?id=2013155&use=l&cat=p&typeid=i","cat":284381},{"id":1014,"n":"Crème fraîche entière Délisse Epaisse - 30% MG- 50cl","p":1.95,"u":"3,90 €/L","img":"https://fd1-photos.leclercdrive.fr/image.ashx?id=3002527&use=l&cat=p&typeid=i","cat":284381},{"id":1019,"n":"Jambon Italien Saint Azay x6 - 100g","p":1.75,"u":"17,50 €/KG","img":"https://fd1-photos.leclercdrive.fr/image.ashx?id=2466871&use=l&cat=p&typeid=i","cat":316007},{"id":1022,"n":"Bacon Saint Azay x15 - 150g","p":1.79,"u":"11,93 €/KG","img":"https://fd1-photos.leclercdrive.fr/image.ashx?id=2974957&use=l&cat=p&typeid=i","cat":316007},{"id":1027,"n":"Plateau charcuteries Alsace NRT 200g","p":2.04,"u":"10,20 €/KG","img":"https://fd1-photos.leclercdrive.fr/image.ashx?id=2991479&use=l&cat=p&typeid=i","cat":316012},{"id":1029,"n":"Mini saucissons secs Saint Azay Nature - 75g","p":1.29,"u":"17,20 €/KG","img":"https://fd1-photos.leclercdrive.fr/image.ashx?id=2943617&use=l&cat=p&typeid=i","cat":316006},{"id":1030,"n":"Mini Saucissons secs Saint Azay Aux noix - 75g","p":1.35,"u":"18,00 €/KG","img":"https://fd1-photos.leclercdrive.fr/image.ashx?id=2943620&use=l&cat=p&typeid=i","cat":316006},{"id":1032,"n":"Saucisse sèche Saint Azay Qualité supérieure - 300g","p":3.46,"u":"11,53 €/KG","img":"https://fd1-photos.leclercdrive.fr/image.ashx?id=2859152&use=l&cat=p&typeid=i","cat":316006},{"id":1033,"n":"Chorizo Doux Saint Azay 225g","p":1.89,"u":"8,40 €/KG","img":"https://fd1-photos.leclercdrive.fr/image.ashx?id=2753460&use=l&cat=p&typeid=i","cat":316006},{"id":1034,"n":"Chorizo Fort Saint Azay 225g","p":1.89,"u":"8,40 €/KG","img":"https://fd1-photos.leclercdrive.fr/image.ashx?id=2753463&use=l&cat=p&typeid=i","cat":316006},{"id":1035,"n":"Chorizo Extra Fort Saint Azay 225g","p":1.89,"u":"8,40 €/KG","img":"https://fd1-photos.leclercdrive.fr/image.ashx?id=2430686&use=l&cat=p&typeid=i","cat":316006},{"id":1058,"n":"Jambon serrano IGP Saint Azay 6 tranches - 100g","p":1.69,"u":"16,90 €/KG","img":"https://fd1-photos.leclercdrive.fr/image.ashx?id=2850422&use=l&cat=p&typeid=i","cat":316007},{"id":1069,"n":"Saucisses de Montbéliard IGP NRT - 250g","p":3.19,"u":"12,76 €/KG","img":"https://fd1-photos.leclercdrive.fr/image.ashx?id=2991470&use=l&cat=p&typeid=i","cat":316012},{"id":1071,"n":"Coppa italienne Saint Azay 10 tranches 100 g","p":1.98,"u":"19,80 €/KG","img":"https://fd1-photos.leclercdrive.fr/image.ashx?id=2665844&use=l&cat=p&typeid=i","cat":316007},{"id":1081,"n":"Véritables Knacks d'Alsace NRT X4 - 260g","p":2.79,"u":"10,73 €/KG","img":"https://fd1-photos.leclercdrive.fr/image.ashx?id=2991488&use=l&cat=p&typeid=i","cat":316012},{"id":1087,"n":"Pâté en croûte St Azay 450g","p":2.65,"u":"5,89 €/KG","img":"https://fd1-photos.leclercdrive.fr/image.ashx?id=2932396&use=l&cat=p&typeid=i","cat":316003},{"id":1104,"n":"Foie gras canard IGP Périgord Entier NRT - 300g","p":23.9,"u":"79,67 €/KG","img":"https://fd1-photos.leclercdrive.fr/image.ashx?id=2807318&use=l&cat=p&typeid=i","cat":316008},{"id":1105,"n":"Carottes râpées Menu Fraîcheur  Assaisonnées - 500g","p":0.99,"u":"1,98 €/KG","img":"https://fd1-photos.leclercdrive.fr/image.ashx?id=2850811&use=l&cat=p&typeid=i","cat":333657},{"id":1106,"n":"Céleri Menu Fraîcheur  Rémoulade - 300g","p":0.99,"u":"3,30 €/KG","img":"https://fd1-photos.leclercdrive.fr/image.ashx?id=2819929&use=l&cat=p&typeid=i","cat":333657},{"id":1107,"n":"Taboulé Menu Fraîcheur A l'orientale - 300g","p":0.99,"u":"3,30 €/KG","img":"https://fd1-photos.leclercdrive.fr/image.ashx?id=2816546&use=l&cat=p&typeid=i","cat":333657},{"id":1108,"n":"Taboulé Menu Fraîcheur A l'orientale - 500g","p":1.39,"u":"2,78 €/KG","img":"https://fd1-photos.leclercdrive.fr/image.ashx?id=2816549&use=l&cat=p&typeid=i","cat":333657},{"id":1109,"n":"Taboule Menu Fraîcheur Au poulet - 300g","p":1.39,"u":"4,63 €/KG","img":"https://fd1-photos.leclercdrive.fr/image.ashx?id=2901431&use=l&cat=p&typeid=i","cat":333657},{"id":1116,"n":"Croque-monsieur Côté Croc 2x135g","p":1.94,"u":"7,19 €/KG","img":"https://fd1-photos.leclercdrive.fr/image.ashx?id=2885765&use=l&cat=p&typeid=i","cat":333671},{"id":1117,"n":"Manchons de poulet Côté Croc 250g","p":2.49,"u":"9,96 €/KG","img":"https://fd1-photos.leclercdrive.fr/image.ashx?id=2560467&use=l&cat=p&typeid=i","cat":333685},{"id":1125,"n":"Cordons bleus Côté Croc Dinde - 200g","p":1.95,"u":"9,75 €/KG","img":"https://fd1-photos.leclercdrive.fr/image.ashx?id=2915113&use=l&cat=p&typeid=i","cat":333683},{"id":1126,"n":"Nuggets de poulet Côté Croc x10 - 200g","p":1.52,"u":"7,60 €/KG","img":"https://fd1-photos.leclercdrive.fr/image.ashx?id=2883312&use=l&cat=p&typeid=i","cat":333684},{"id":1133,"n":"Nuggets de Poulet Père Dodu  x10 - 200g","p":2.19,"u":"10,95 €/KG","img":"https://fd1-photos.leclercdrive.fr/image.ashx?id=2956972&use=l&cat=p&typeid=i","cat":333684},{"id":1135,"n":"Pizza fraîche Turini Jambon fromage - 450g","p":2.39,"u":"5,31 €/KG","img":"https://fd1-photos.leclercdrive.fr/image.ashx?id=2820101&use=l&cat=p&typeid=i","cat":333679},{"id":1136,"n":"Pizza fraîche Turini 4 fromages - 450g","p":2.49,"u":"5,53 €/KG","img":"https://fd1-photos.leclercdrive.fr/image.ashx?id=2590412&use=l&cat=p&typeid=i","cat":333679},{"id":1137,"n":"Pizza Turini Chèvre lardons - 450g","p":2.58,"u":"5,73 €/KG","img":"https://fd1-photos.leclercdrive.fr/image.ashx?id=2727611&use=l&cat=p&typeid=i","cat":333679},{"id":1142,"n":"Ravioli Lustucru Selection  Boeuf - 300g","p":1.79,"u":"5,97 €/KG","img":"https://fd1-photos.leclercdrive.fr/image.ashx?id=2938659&use=l&cat=p&typeid=i","cat":333682},{"id":1144,"n":"Ravioli jambon Turini 300g","p":2.06,"u":"6,87 €/KG","img":"https://fd1-photos.leclercdrive.fr/image.ashx?id=2777997&use=l&cat=p&typeid=i","cat":333682},{"id":1145,"n":"Ravioli 4 fromages Turini 300g","p":1.49,"u":"4,97 €/KG","img":"https://fd1-photos.leclercdrive.fr/image.ashx?id=813114&use=l&cat=p&typeid=i","cat":333682},{"id":1147,"n":"Kit Pâte à pizza Croustipate 600g","p":3.64,"u":"6,07 €/KG","img":"https://fd1-photos.leclercdrive.fr/image.ashx?id=2161651&use=l&cat=p&typeid=i","cat":333681},{"id":1149,"n":"Pâte à pizza Tablier Blanc 260g","p":1.05,"u":"4,04 €/KG","img":"https://fd1-photos.leclercdrive.fr/image.ashx?id=2041773&use=l&cat=p&typeid=i","cat":333681},{"id":1150,"n":"Pâte sablée Tablier Blanc 230g","p":1.09,"u":"4,74 €/KG","img":"https://fd1-photos.leclercdrive.fr/image.ashx?id=2635898&use=l&cat=p&typeid=i","cat":333681},{"id":1151,"n":"Pâte feuilletée Tablier Blanc Au beurre - 230g","p":1.14,"u":"4,96 €/KG","img":"https://fd1-photos.leclercdrive.fr/image.ashx?id=2635895&use=l&cat=p&typeid=i","cat":333681},{"id":1152,"n":"Pâte feuilletée Tablier Blanc Prête à dérouler - 230g","p":0.74,"u":"3,22 €/KG","img":"https://fd1-photos.leclercdrive.fr/image.ashx?id=2635889&use=l&cat=p&typeid=i","cat":333681},{"id":1154,"n":"Lardons de saumon fumé Ronde des Mers - 90g","p":3.6,"u":"40,00 €/KG","img":"https://fd1-photos.leclercdrive.fr/image.ashx?id=2449975&use=l&cat=p&typeid=i","cat":285188},{"id":1163,"n":"Mini blinis Ronde des Mers x16 - 135g","p":0.99,"u":"7,33 €/KG","img":"https://fd1-photos.leclercdrive.fr/image.ashx?id=2981849&use=l&cat=p&typeid=i","cat":285191},{"id":1165,"n":"Bâtonnets Surimi Pêche Océan MSC - x30 - 500g","p":2.74,"u":"5,48 €/KG","img":"https://fd1-photos.leclercdrive.fr/image.ashx?id=2833099&use=l&cat=p&typeid=i","cat":285189},{"id":1167,"n":"Oeufs de lompe Ronde des mers Noir - MSC - 100g","p":2.6,"u":"26,00 €/KG","img":"https://fd1-photos.leclercdrive.fr/image.ashx?id=1511089&use=l&cat=p&typeid=i","cat":285191},{"id":1169,"n":"Filets d'anchois Pêche Océan À l'huile d'olive - 105g","p":2.45,"u":"23,33 €/KG","img":"https://fd1-photos.leclercdrive.fr/image.ashx?id=2992504&use=l&cat=p&typeid=i","cat":285190},{"id":1178,"n":"Pizza Cuite sur pierre Volpone  Bolognaise - 400g","p":1.97,"u":"4,93 €/KG","img":"https://fd1-photos.leclercdrive.fr/image.ashx?id=2815208&use=l&cat=p&typeid=i","cat":284256},{"id":1179,"n":"Pizza Royale Turini Cuite au feu de bois - 440g","p":2.15,"u":"4,89 €/KG","img":"https://fd1-photos.leclercdrive.fr/image.ashx?id=2815199&use=l&cat=p&typeid=i","cat":284256},{"id":1180,"n":"Quiche Lorraine Côté Table 400g","p":2.49,"u":"6,23 €/KG","img":"https://fd1-photos.leclercdrive.fr/image.ashx?id=2869778&use=l&cat=p&typeid=i","cat":284257},{"id":1181,"n":"Tarte aux poireaux Côté Table - 400g","p":2.55,"u":"6,38 €/KG","img":"https://fd1-photos.leclercdrive.fr/image.ashx?id=2791710&use=l&cat=p&typeid=i","cat":284257},{"id":1182,"n":"Crêpes Côté Table Jambon fromage x6 - 300g","p":1.99,"u":"6,63 €/KG","img":"https://fd1-photos.leclercdrive.fr/image.ashx?id=2932402&use=l&cat=p&typeid=i","cat":319776},{"id":1183,"n":"Crêpes Côté Table Jambon fromage x20 1kg","p":3.89,"u":"3,89 €/KG","img":"https://fd1-photos.leclercdrive.fr/image.ashx?id=2932405&use=l&cat=p&typeid=i","cat":319776},{"id":1185,"n":"Steaks hachés Charal Pur Bœuf 15% MG 10x100g - 1kg","p":13.95,"u":"13,95 €/KG","img":"https://fd1-photos.leclercdrive.fr/image.ashx?id=2659300&use=l&cat=p&typeid=i","cat":319778},{"id":1186,"n":"Haché Extra Moelleux Charal 10x100g - 1kg","p":11.61,"u":"11,61 €/KG","img":"https://fd1-photos.leclercdrive.fr/image.ashx?id=2731735&use=l&cat=p&typeid=i","cat":319778},{"id":1191,"n":"Poisson Bordelaise Pêche Océan MSC - 400g","p":2.99,"u":"7,48 €/KG","img":"https://fd1-photos.leclercdrive.fr/image.ashx?id=2930081&use=l&cat=p&typeid=i","cat":319788},{"id":1192,"n":"Colin d'Alaska MSC Pêche Océan À l'oseille x2 - 400g","p":3.15,"u":"7,88 €/KG","img":"https://fd1-photos.leclercdrive.fr/image.ashx?id=2930099&use=l&cat=p&typeid=i","cat":319786},{"id":1193,"n":"Pané colin d'Alaska Pêche Océan x15 bâtonnets - MSC - 450g","p":2.27,"u":"5,04 €/KG","img":"https://fd1-photos.leclercdrive.fr/image.ashx?id=1682702&use=l&cat=p&typeid=i","cat":319788},{"id":1194,"n":"Calamars Pêche Océan A la romaine 40/60 - 500g","p":4.45,"u":"8,90 €/KG","img":"https://fd1-photos.leclercdrive.fr/image.ashx?id=2216298&use=l&cat=p&typeid=i","cat":319788},{"id":1196,"n":"Coquilles Saint-Jacques Coté Table - 4x90g","p":4.79,"u":"13,31 €/KG","img":"https://fd1-photos.leclercdrive.fr/image.ashx?id=2625071&use=l&cat=p&typeid=i","cat":319775},{"id":1197,"n":"Paëlla royale Côté Table Fruits de mer poulet 1kg","p":4.07,"u":"4,07 €/KG","img":"https://fd1-photos.leclercdrive.fr/image.ashx?id=2663353&use=l&cat=p&typeid=i","cat":284254},{"id":1201,"n":"Poêlée campagnarde Côté Table 900g","p":4.64,"u":"5,16 €/KG","img":"https://fd1-photos.leclercdrive.fr/image.ashx?id=2647414&use=l&cat=p&typeid=i","cat":319823},{"id":1202,"n":"Pâtes Carbonara Côté Table 900g","p":4.18,"u":"4,64 €/KG","img":"https://fd1-photos.leclercdrive.fr/image.ashx?id=2900064&use=l&cat=p&typeid=i","cat":284254},{"id":1215,"n":"Haricots verts Notre Jardin Extra fins 1kg","p":1.85,"u":"1,85 €/KG","img":"https://fd1-photos.leclercdrive.fr/image.ashx?id=2873048&use=l&cat=p&typeid=i","cat":319805},{"id":1219,"n":"Epinards Notre Jardin Hachés A la crème fraîche - 1kg","p":1.68,"u":"1,68 €/KG","img":"https://fd1-photos.leclercdrive.fr/image.ashx?id=2916656&use=l&cat=p&typeid=i","cat":319805},{"id":1222,"n":"Petits pois Notre Jardin Extra fins 1kg","p":1.89,"u":"1,89 €/KG","img":"https://fd1-photos.leclercdrive.fr/image.ashx?id=2873060&use=l&cat=p&typeid=i","cat":319805},{"id":1223,"n":"Champignons Paris Notre jardin Emincés 1kg","p":1.95,"u":"1,95 €/KG","img":"https://fd1-photos.leclercdrive.fr/image.ashx?id=2873027&use=l&cat=p&typeid=i","cat":319805},{"id":1225,"n":"Légumes Notre Jardin Pour ratatouille 1kg","p":2.35,"u":"2,35 €/KG","img":"https://fd1-photos.leclercdrive.fr/image.ashx?id=2900058&use=l&cat=p&typeid=i","cat":319823},{"id":1228,"n":"Poêlée de légumes Notre jardin Champêtre - 1kg","p":2.99,"u":"2,99 €/KG","img":"https://fd1-photos.leclercdrive.fr/image.ashx?id=2404281&use=l&cat=p&typeid=i","cat":319823},{"id":1229,"n":"Poêlée de légumes Notre Jardin Bretonne - 1kg","p":2.61,"u":"2,61 €/KG","img":"https://fd1-photos.leclercdrive.fr/image.ashx?id=2803951&use=l&cat=p&typeid=i","cat":319823},{"id":1238,"n":"Pommes rissolées Pom'lisse 1kg","p":1.56,"u":"1,56 €/KG","img":"https://fd1-photos.leclercdrive.fr/image.ashx?id=2704597&use=l&cat=p&typeid=i","cat":319792},{"id":1239,"n":"Frites allumettes Pom'lisse 1kg","p":1.87,"u":"1,87 €/KG","img":"https://fd1-photos.leclercdrive.fr/image.ashx?id=2699384&use=l&cat=p&typeid=i","cat":319791},{"id":1240,"n":"Frites Pom'lisse 2.5 kg","p":4.55,"u":"1,82 €/KG","img":"https://fd1-photos.leclercdrive.fr/image.ashx?id=2699393&use=l&cat=p&typeid=i","cat":319791},{"id":1242,"n":"Pom'Steak rustique Pom'Lisse Sachet - 1kg","p":2.28,"u":"2,28 €/KG","img":"https://fd1-photos.leclercdrive.fr/image.ashx?id=2704606&use=l&cat=p&typeid=i","cat":319791},{"id":1243,"n":"Frites Pom'lisse Au four - 600g","p":1.15,"u":"1,92 €/KG","img":"https://fd1-photos.leclercdrive.fr/image.ashx?id=2770678&use=l&cat=p&typeid=i","cat":319791},{"id":1246,"n":"Pommes dauphine Pom'lisse 500g","p":1.49,"u":"2,98 €/KG","img":"https://fd1-photos.leclercdrive.fr/image.ashx?id=2851571&use=l&cat=p&typeid=i","cat":319792},{"id":1247,"n":"Pom'rustic Pom'Lisse Sachet 750 gr","p":2.55,"u":"3,40 €/KG","img":"https://fd1-photos.leclercdrive.fr/image.ashx?id=2851574&use=l&cat=p&typeid=i","cat":319792},{"id":1248,"n":"Frites Pom'lisse 1kg","p":1.87,"u":"1,87 €/KG","img":"https://fd1-photos.leclercdrive.fr/image.ashx?id=2699654&use=l&cat=p&typeid=i","cat":319791},{"id":1251,"n":"Crème glacée Eskiss Vanille de Madagascar - 494g","p":1.65,"u":"3,34 €/KG","img":"https://fd1-photos.leclercdrive.fr/image.ashx?id=2982592&use=l&cat=p&typeid=i","cat":284263},{"id":1252,"n":"Glace Smicy Vanille fraise chocolat - 345g","p":2.41,"u":"6,99 €/KG","img":"https://fd1-photos.leclercdrive.fr/image.ashx?id=2951113&use=l&cat=p&typeid=i","cat":285250},{"id":1309,"n":"Lessive Epsil gel main express Tube 250ml","p":1.55,"u":"6,20 €/L","img":"https://fd1-photos.leclercdrive.fr/image.ashx?id=2838906&use=l&cat=p&typeid=i","cat":284643},{"id":1335,"n":"Liquide vaisselle Visior Citron - 750ml","p":1.2,"u":"1,60 €/L","img":"https://fd1-photos.leclercdrive.fr/image.ashx?id=2930849&use=l&cat=p&typeid=i","cat":284655},{"id":1336,"n":"Liquide vaisselle Visior Ultra Peaux sensibles 500ml","p":0.64,"u":"1,28 €/L","img":"https://fd1-photos.leclercdrive.fr/image.ashx?id=2951116&use=l&cat=p&typeid=i","cat":284655},{"id":1344,"n":"Gants jetables Mamison latex T6 x10","p":1.33,"img":"https://fd1-photos.leclercdrive.fr/image.ashx?id=554721&use=l&cat=p&typeid=i","cat":284668},{"id":1345,"n":"Gants jetables Mamison latex T8 x10","p":1.33,"img":"https://fd1-photos.leclercdrive.fr/image.ashx?id=2742691&use=l&cat=p&typeid=i","cat":284668},{"id":1346,"n":"Eponges Mamison végétales Super absorbantes x3","p":1.17,"u":"0,39 €/P","img":"https://fd1-photos.leclercdrive.fr/image.ashx?id=2458052&use=l&cat=p&typeid=i","cat":284667},{"id":1358,"n":"Nettoyant Gel avec javel Clair 1L","p":1.09,"u":"1,09 €/L","img":"https://fd1-photos.leclercdrive.fr/image.ashx?id=2705062&use=l&cat=p&typeid=i","cat":284907},{"id":1359,"n":"Pastilles javel Clair x48 - 150g","p":1.65,"u":"11,00 €/KG","img":"https://fd1-photos.leclercdrive.fr/image.ashx?id=2631426&use=l&cat=p&typeid=i","cat":284661},{"id":1360,"n":"Eau de Javel Clair Parfum Eucalyptus - 2L","p":0.72,"u":"0,36 €/L","img":"https://fd1-photos.leclercdrive.fr/image.ashx?id=2949173&use=l&cat=p&typeid=i","cat":284661},{"id":1376,"n":"Lingettes nettoyantes Clair Sols muguet larges x15","p":1.14,"img":"https://fd1-photos.leclercdrive.fr/image.ashx?id=2593815&use=l&cat=p&typeid=i","cat":325364},{"id":1381,"n":"Dépoussiérant Clair meuble Cire 300ml","p":1.33,"u":"4,43 €/L","img":"https://fd1-photos.leclercdrive.fr/image.ashx?id=2819256&use=l&cat=p&typeid=i","cat":325364},{"id":1386,"n":"Nettoyant four Clair 500ml","p":1.53,"u":"3,06 €/L","img":"https://fd1-photos.leclercdrive.fr/image.ashx?id=2858824&use=l&cat=p&typeid=i","cat":325363},{"id":1392,"n":"Blocs wc eau bleue Syphon x2 80g","p":1.12,"u":"14,00 €/KG","img":"https://fd1-photos.leclercdrive.fr/image.ashx?id=2302537&use=l&cat=p&typeid=i","cat":284662},{"id":1398,"n":"Recharge diffuseur électrique Insectivor anti-moustiques - x1","p":2.26,"img":"https://fd1-photos.leclercdrive.fr/image.ashx?id=2717105&use=l&cat=p&typeid=i","cat":298368},{"id":1400,"n":"Papier aluminium Elembal 20m","p":2.62,"img":"https://fd1-photos.leclercdrive.fr/image.ashx?id=2756846&use=l&cat=p&typeid=i","cat":334134},{"id":1401,"n":"Barquettes aluminium Elembal x10 0.5L","p":2.56,"img":"https://fd1-photos.leclercdrive.fr/image.ashx?id=2455093&use=l&cat=p&typeid=i","cat":334134},{"id":1402,"n":"Barquettes aluminium Elembal Plates 1L","p":4.4,"img":"https://fd1-photos.leclercdrive.fr/image.ashx?id=2455105&use=l&cat=p&typeid=i","cat":334134},{"id":1403,"n":"Barquettes aluminium Elembal Profondes x10 1L","p":4.3,"img":"https://fd1-photos.leclercdrive.fr/image.ashx?id=1733315&use=l&cat=p&typeid=i","cat":334134},{"id":1404,"n":"Barquettes aluminium Elembal x5 1,5L","p":2.77,"img":"https://fd1-photos.leclercdrive.fr/image.ashx?id=2455096&use=l&cat=p&typeid=i","cat":334134},{"id":1405,"n":"Barquettes aluminium Elembal x5 2L","p":3.46,"img":"https://fd1-photos.leclercdrive.fr/image.ashx?id=2455099&use=l&cat=p&typeid=i","cat":334134},{"id":1407,"n":"Film étirable Elembal 30m","p":1.2,"img":"https://fd1-photos.leclercdrive.fr/image.ashx?id=2431191&use=l&cat=p&typeid=i","cat":334134},{"id":1412,"n":"Sacs congélation Elembal Grand modèle x25","p":1.08,"img":"https://fd1-photos.leclercdrive.fr/image.ashx?id=2169147&use=l&cat=p&typeid=i","cat":334134},{"id":1413,"n":"Sacs congélation Elembal Petit modèle x50","p":1.1,"img":"https://fd1-photos.leclercdrive.fr/image.ashx?id=2158155&use=l&cat=p&typeid=i","cat":334134},{"id":1414,"n":"Sacs poubelle 30L Elembal à liens classiques - x25","p":1.26,"u":"0,05 €/P","img":"https://fd1-photos.leclercdrive.fr/image.ashx?id=2958699&use=l&cat=p&typeid=i","cat":285168},{"id":1415,"n":"Sacs poubelle 130L Elembal à liens classiques - x10","p":4.65,"u":"0,47 €/P","img":"https://fd1-photos.leclercdrive.fr/image.ashx?id=2791743&use=l&cat=p&typeid=i","cat":285168},{"id":1416,"n":"Sacs poubelle 100L Elembal Poignées coulissantes - x10","p":1.62,"u":"0,16 €/P","img":"https://fd1-photos.leclercdrive.fr/image.ashx?id=2791731&use=l&cat=p&typeid=i","cat":285168},{"id":1417,"n":"Sacs poubelle 100L Elembal à liens classiques - x10","p":1.54,"u":"0,15 €/P","img":"https://fd1-photos.leclercdrive.fr/image.ashx?id=2791734&use=l&cat=p&typeid=i","cat":285168},{"id":1418,"n":"Sacs poubelle 50L Elembal à liens classiques - x15","p":2.19,"u":"0,15 €/P","img":"https://fd1-photos.leclercdrive.fr/image.ashx?id=2958693&use=l&cat=p&typeid=i","cat":285168},{"id":1419,"n":"Sacs poubelle Elembal 20L x20","p":1.2,"u":"0,06 €/P","img":"https://fd1-photos.leclercdrive.fr/image.ashx?id=2791728&use=l&cat=p&typeid=i","cat":285168},{"id":1420,"n":"Sacs poubelle Elembal 20L A poignées - x30","p":2.09,"u":"0,07 €/P","img":"https://fd1-photos.leclercdrive.fr/image.ashx?id=2791674&use=l&cat=p&typeid=i","cat":285168},{"id":1421,"n":"Sacs poubelle Elembal 30L A poignées - x20","p":2.49,"u":"0,12 €/P","img":"https://fd1-photos.leclercdrive.fr/image.ashx?id=2791677&use=l&cat=p&typeid=i","cat":285168},{"id":1423,"n":"Sacs poubelle 50L Elembal Poignées coulissantes - x15","p":2.3,"u":"0,15 €/P","img":"https://fd1-photos.leclercdrive.fr/image.ashx?id=2958696&use=l&cat=p&typeid=i","cat":285168},{"id":1427,"n":"Gel douche Manava Pétales d'Orient - 250ml","p":1.15,"u":"4,60 €/L","img":"https://fd1-photos.leclercdrive.fr/image.ashx?id=2494214&use=l&cat=p&typeid=i","cat":284594},{"id":1428,"n":"Lait de douche Manava Coeur de vanille - 250ml","p":0.94,"u":"3,76 €/L","img":"https://fd1-photos.leclercdrive.fr/image.ashx?id=2456141&use=l&cat=p&typeid=i","cat":284594},{"id":1429,"n":"Gel douche Manava Boisé - 250ml","p":1.15,"u":"4,60 €/L","img":"https://fd1-photos.leclercdrive.fr/image.ashx?id=2809653&use=l&cat=p&typeid=i","cat":284594},{"id":1433,"n":"Recharge savon mains Manava Crème perles d'oranger - 250ml","p":0.68,"u":"2,72 €/L","img":"https://fd1-photos.leclercdrive.fr/image.ashx?id=2935483&use=l&cat=p&typeid=i","cat":284597},{"id":1435,"n":"Recharge savon mains Manava Crème Amande - 250ml","p":0.57,"u":"2,28 €/L","img":"https://fd1-photos.leclercdrive.fr/image.ashx?id=2935474&use=l&cat=p&typeid=i","cat":284597},{"id":1436,"n":"Lait de douche Manava Amande douce - 250ml","p":0.94,"u":"3,76 €/L","img":"https://fd1-photos.leclercdrive.fr/image.ashx?id=2771346&use=l&cat=p&typeid=i","cat":284594},{"id":1437,"n":"Lait de douche Manava Lait de coco - 250ml","p":0.94,"u":"3,76 €/L","img":"https://fd1-photos.leclercdrive.fr/image.ashx?id=2443176&use=l&cat=p&typeid=i","cat":284594},{"id":1441,"n":"Cire Chaude au Sucre Pure Veet Vanille 98% naturelle 250ml","p":4.54,"u":"18,16 €/L","img":"https://fd1-photos.leclercdrive.fr/image.ashx?id=2960684&use=l&cat=p&typeid=i","cat":325351},{"id":1449,"n":"Déodorant Manava fraîcheur Vanille glacée spray 200ml","p":1.36,"u":"6,80 €/L","img":"https://fd1-photos.leclercdrive.fr/image.ashx?id=2656445&use=l&cat=p&typeid=i","cat":284595},{"id":1464,"n":"Rasoirs jetables Bic 1 Sensitive - x10","p":1.27,"u":"0,13 €/P","img":"https://fd1-photos.leclercdrive.fr/image.ashx?id=2218035&use=l&cat=p&typeid=i","cat":284616},{"id":1473,"n":"Gel à raser Carré Homme Hydratant 200ml","p":1.69,"u":"8,45 €/L","img":"https://fd1-photos.leclercdrive.fr/image.ashx?id=2771582&use=l&cat=p&typeid=i","cat":284617},{"id":1474,"n":"Rasoirs jetables Carré Homme 2 lames - x10","p":1.5,"u":"0,15 €/P","img":"https://fd1-photos.leclercdrive.fr/image.ashx?id=2873543&use=l&cat=p&typeid=i","cat":284616},{"id":1481,"n":"Dentifrice Dentamyl Protection caries - 75ml","p":0.73,"u":"9,73 €/L","img":"https://fd1-photos.leclercdrive.fr/image.ashx?id=2699129&use=l&cat=p&typeid=i","cat":284612},{"id":1482,"n":"Dentifrice enfant Dentamyl Fraise - 3-6 ans - 50ml","p":0.89,"u":"17,80 €/L","img":"https://fd1-photos.leclercdrive.fr/image.ashx?id=2075188&use=l&cat=p&typeid=i","cat":288898},{"id":1486,"n":"Brosse à dents enfant Dentamyl 2-6 ans x1","p":0.51,"img":"https://fd1-photos.leclercdrive.fr/image.ashx?id=1980485&use=l&cat=p&typeid=i","cat":288897},{"id":1487,"n":"Pansements Primoplast Multi-usages x40","p":1.11,"img":"https://fd1-photos.leclercdrive.fr/image.ashx?id=2856456&use=l&cat=p&typeid=i","cat":284630},{"id":1488,"n":"Mouchoirs blancs 4 plis Caresse Mouchoirs papier Lotion x12","p":2.28,"u":"0,19 €/P","img":"https://fd1-photos.leclercdrive.fr/image.ashx?id=2572993&use=l&cat=p&typeid=i","cat":284638},{"id":1620,"n":"Gel lavant bébé Mots d'Enfants Corps et cheveux - 250ml","p":1.49,"u":"5,96 €/L","img":"https://fd1-photos.leclercdrive.fr/image.ashx?id=3014149&use=l&cat=p&typeid=i","cat":284740},{"id":1627,"n":"Lingettes bébé Mots d'Enfants Ultra-douces - x72","p":1.75,"u":"0,02 €/P","img":"https://fd1-photos.leclercdrive.fr/image.ashx?id=2856447&use=l&cat=p&typeid=i","cat":284738},{"id":1629,"n":"Lingettes bébé Mots d'Enfants Sensitive - x63","p":1.32,"u":"0,02 €/P","img":"https://fd1-photos.leclercdrive.fr/image.ashx?id=2856462&use=l&cat=p&typeid=i","cat":284738},{"id":1640,"n":"Protection incontinence Chorys Rectangulaire - x24","p":4.62,"u":"0,19 €/P","img":"https://fd1-photos.leclercdrive.fr/image.ashx?id=2761980&use=l&cat=p&typeid=i","cat":284628},{"id":1653,"n":"Enveloppes adhésives Esquisse 11.4x16.2cm 80g - x50","p":1.39,"u":"0,03 €/P","img":"https://fd1-photos.leclercdrive.fr/image.ashx?id=1701963&use=l&cat=p&typeid=i","cat":284697},{"id":1654,"n":"Enveloppes adhésives Esquisse x50 11x22cm 80g","p":1.69,"u":"21,13 €/KG","img":"https://fd1-photos.leclercdrive.fr/image.ashx?id=2943181&use=l&cat=p&typeid=i","cat":284697},{"id":1655,"n":"Enveloppes adhésives Esquisse x100 11x22cm 80g","p":2.69,"img":"https://fd1-photos.leclercdrive.fr/image.ashx?id=2943184&use=l&cat=p&typeid=i","cat":284697},{"id":1656,"n":"Pochettes kraft Esquisse Adhésives 22.9x32.4cm x25","p":2.3,"img":"https://fd1-photos.leclercdrive.fr/image.ashx?id=1699690&use=l&cat=p&typeid=i","cat":284697},{"id":1657,"n":"Pochettes kraft Esquisse Adhésives 16.2x22.9cm x25","p":1.99,"img":"https://fd1-photos.leclercdrive.fr/image.ashx?id=1698655&use=l&cat=p&typeid=i","cat":284697},{"id":1662,"n":"Feuilles simples Esquisse x200 - Seyes - 21x29.7cm","p":1.79,"img":"https://fd1-photos.leclercdrive.fr/image.ashx?id=2131194&use=l&cat=p&typeid=i","cat":284697},{"id":1665,"n":"Feuilles blanches Esquisse A4 90g - 500 feuilles","p":5.9,"img":"https://fd1-photos.leclercdrive.fr/image.ashx?id=2943193&use=l&cat=p&typeid=i","cat":284697},{"id":1666,"n":"Feuilles blanches Esquisse A4 80g - 500 feuilles","p":4.69,"img":"https://fd1-photos.leclercdrive.fr/image.ashx?id=2943196&use=l&cat=p&typeid=i","cat":284697},{"id":1683,"n":"Piles alcalines Foxter AAA/LR3 1,5V - x4","p":0.98,"img":"https://fd1-photos.leclercdrive.fr/image.ashx?id=2162150&use=l&cat=p&typeid=i","cat":300572},{"id":1684,"n":"Piles Foxter C/LR14 1.5V - x2","p":1.69,"img":"https://fd1-photos.leclercdrive.fr/image.ashx?id=2162168&use=l&cat=p&typeid=i","cat":300572},{"id":1685,"n":"Piles alcalines Foxter D/LR20 - x2","p":1.96,"img":"https://fd1-photos.leclercdrive.fr/image.ashx?id=2162171&use=l&cat=p&typeid=i","cat":300572},{"id":1686,"n":"Pile Foxter 9V/6LR61 - x1","p":1.99,"img":"https://fd1-photos.leclercdrive.fr/image.ashx?id=2162159&use=l&cat=p&typeid=i","cat":300572},{"id":1729,"n":"Croquettes chiens Lydog poulet Petit chien - Poulet - 1kg","p":2.92,"u":"2,92 €/KG","img":"https://fd1-photos.leclercdrive.fr/image.ashx?id=2895762&use=l&cat=p&typeid=i","cat":294526},{"id":1751,"n":"Croquettes chat Purina One Adulte - Saumon/Céréales - 450g","p":2.52,"u":"5,60 €/KG","img":"https://fd1-photos.leclercdrive.fr/image.ashx?id=2683220&use=l&cat=p&typeid=i","cat":284680},{"id":1753,"n":"Croquettes chat Purina One Adulte - Saumon/Céréales -1.5kg","p":6.62,"u":"4,41 €/KG","img":"https://fd1-photos.leclercdrive.fr/image.ashx?id=2902268&use=l&cat=p&typeid=i","cat":284680},{"id":1754,"n":"Croquettes chat Purina One Adulte - Poulet/Céréales - 3kg","p":12.05,"u":"4,02 €/KG","img":"https://fd1-photos.leclercdrive.fr/image.ashx?id=2432007&use=l&cat=p&typeid=i","cat":284680},{"id":1755,"n":"Bouchées chiens Lydog Adulte - Boeuf - 4kg","p":7.49,"u":"1,87 €/KG","img":"https://fd1-photos.leclercdrive.fr/image.ashx?id=2907162&use=l&cat=p&typeid=i","cat":284672},{"id":1756,"n":"Emincés en sauce Tous mes amis pour chats -  800g","p":1.45,"u":"1,81 €/KG","img":"https://fd1-photos.leclercdrive.fr/image.ashx?id=2606798&use=l&cat=p&typeid=i","cat":285601},{"id":1762,"n":"Croquettes chat Tous mes amis Poulet légumes - 4kg","p":5.76,"u":"1,44 €/KG","img":"https://fd1-photos.leclercdrive.fr/image.ashx?id=2301406&use=l&cat=p&typeid=i","cat":284680},{"id":1763,"n":"Croquettes chat Tous mes amis Boeuf Poulet Légumes - 2kg","p":2.79,"u":"1,40 €/KG","img":"https://fd1-photos.leclercdrive.fr/image.ashx?id=2739724&use=l&cat=p&typeid=i","cat":284680},{"id":1764,"n":"Croquettes chat Tous mes amis Poulet dinde canard olive - 2kg","p":3.62,"u":"1,81 €/KG","img":"https://fd1-photos.leclercdrive.fr/image.ashx?id=2301400&use=l&cat=p&typeid=i","cat":284680},{"id":1765,"n":"Croquettes chat Tous mes amis Saumon & Légumes - 2kg","p":2.79,"u":"1,40 €/KG","img":"https://fd1-photos.leclercdrive.fr/image.ashx?id=2301394&use=l&cat=p&typeid=i","cat":284680},{"id":1767,"n":"Barquette chats Tous mes amis au Boeuf - 100g","p":0.61,"u":"6,10 €/KG","img":"https://fd1-photos.leclercdrive.fr/image.ashx?id=2042418&use=l&cat=p&typeid=i","cat":285286},{"id":1769,"n":"Barquette chats Lycat au Foie et Volaille - 100g","p":0.59,"u":"5,90 €/KG","img":"https://fd1-photos.leclercdrive.fr/image.ashx?id=2042415&use=l&cat=p&typeid=i","cat":285286},{"id":1770,"n":"Barquette chats Tous mes amis au Saumon 100g","p":0.58,"u":"5,80 €/KG","img":"https://fd1-photos.leclercdrive.fr/image.ashx?id=2042412&use=l&cat=p&typeid=i","cat":285286},{"id":1771,"n":"Terrines chats Tous mes amis Délices Multi-viandes - 3x400g","p":3.22,"u":"2,68 €/KG","img":"https://fd1-photos.leclercdrive.fr/image.ashx?id=1671538&use=l&cat=p&typeid=i","cat":285601},{"id":1772,"n":"Sachet repas chat Tous mes amis Poissons en gelée - 12x100g","p":3.65,"u":"3,04 €/KG","img":"https://fd1-photos.leclercdrive.fr/image.ashx?id=2027592&use=l&cat=p&typeid=i","cat":285286},{"id":1775,"n":"Litière minérale Catsan Hygiène plus pour chat - 10L","p":5.14,"u":"0,51 €/L","img":"https://fd1-photos.leclercdrive.fr/image.ashx?id=2692677&use=l&cat=p&typeid=i","cat":284683},{"id":1776,"n":"Litière chats Eco+ 7L","p":1.2,"u":"0,17 €/L","img":"https://fd1-photos.leclercdrive.fr/image.ashx?id=2757509&use=l&cat=p&typeid=i","cat":284683},{"id":1786,"n":"Blocs WC Syphon Activ' effect Fraîcheur marine x3","p":1.22,"u":"0,41 €/P","img":"https://fd1-photos.leclercdrive.fr/image.ashx?id=2317294&use=l&cat=p&typeid=i","cat":284662},{"id":1795,"n":"Lingettes nettoyantes Clair Multi-surfaces citron x50","p":1.38,"u":"0,03 €/P","img":"https://fd1-photos.leclercdrive.fr/image.ashx?id=2835193&use=l&cat=p&typeid=i","cat":325358},{"id":1798,"n":"Eponges Multi-usages Mamison grattantes - x3","p":0.89,"u":"0,30 €/P","img":"https://fd1-photos.leclercdrive.fr/image.ashx?id=2202341&use=l&cat=p&typeid=i","cat":284667},{"id":1799,"n":"Haricots verts Notre Jardin Très fins - 3x110g","p":1.83,"u":"5,55 €/KG","img":"https://fd1-photos.leclercdrive.fr/image.ashx?id=2987994&use=l&cat=p&typeid=i","cat":312606},{"id":1800,"n":"Lingettes nettoyantes Clair Muguet x50","p":1.72,"u":"0,03 €/P","img":"https://fd1-photos.leclercdrive.fr/image.ashx?id=2835196&use=l&cat=p&typeid=i","cat":325358},{"id":1801,"n":"Boules inox Mamison x2","p":0.44,"img":"https://fd1-photos.leclercdrive.fr/image.ashx?id=555602&use=l&cat=p&typeid=i","cat":284667},{"id":1802,"n":"Insecticide Insectivor cafards Fourmis araignées 400ml","p":2.49,"u":"6,23 €/L","img":"https://fd1-photos.leclercdrive.fr/image.ashx?id=2843039&use=l&cat=p&typeid=i","cat":298368},{"id":1803,"n":"Spray désodorisant Texil Textile 500ml","p":2.61,"u":"5,22 €/L","img":"https://fd1-photos.leclercdrive.fr/image.ashx?id=2958690&use=l&cat=p&typeid=i","cat":290451},{"id":1804,"n":"Asperges vertes miniatures  Notre Jardin - 100g","p":1.49,"u":"14,90 €/KG","img":"https://fd1-photos.leclercdrive.fr/image.ashx?id=2591515&use=l&cat=p&typeid=i","cat":312611},{"id":1806,"n":"Insecticide Insectivor guêpes Mouches moustiques - 400ml","p":2.22,"u":"5,55 €/L","img":"https://fd1-photos.leclercdrive.fr/image.ashx?id=2835008&use=l&cat=p&typeid=i","cat":298368},{"id":1810,"n":"Gel nettoyant wc Syphon 750ml","p":1.03,"u":"1,37 €/L","img":"https://fd1-photos.leclercdrive.fr/image.ashx?id=2558775&use=l&cat=p&typeid=i","cat":284662},{"id":1812,"n":"Gel nettoyant wc Syphon 750ml","p":0.66,"u":"0,88 €/L","img":"https://fd1-photos.leclercdrive.fr/image.ashx?id=2067935&use=l&cat=p&typeid=i","cat":284662},{"id":1816,"n":"Déboucheur canalisations Syphon Gel 1L","p":1.39,"u":"1,39 €/L","img":"https://fd1-photos.leclercdrive.fr/image.ashx?id=2202347&use=l&cat=p&typeid=i","cat":284908},{"id":1821,"n":"Confiture Bonne Maman Figues violettes - 370g","p":1.97,"u":"5,32 €/KG","img":"https://fd1-photos.leclercdrive.fr/image.ashx?id=2547477&use=l&cat=p&typeid=i","cat":284480},{"id":1822,"n":"Confiture Bonne Maman Myrtilles - 370g","p":3.09,"u":"8,35 €/KG","img":"https://fd1-photos.leclercdrive.fr/image.ashx?id=2132361&use=l&cat=p&typeid=i","cat":284480},{"id":1825,"n":"Confiture Bonne Maman Cerises griottes - 370g","p":2.94,"u":"7,95 €/KG","img":"https://fd1-photos.leclercdrive.fr/image.ashx?id=2474981&use=l&cat=p&typeid=i","cat":284480},{"id":1826,"n":"Confiture Douceur du Verger Abricots - Allégée - 340g","p":1.14,"u":"3,35 €/KG","img":"https://fd1-photos.leclercdrive.fr/image.ashx?id=2965437&use=l&cat=p&typeid=i","cat":284480},{"id":1828,"n":"Confiture Bonne Maman Framboises - 370g","p":2.53,"u":"6,84 €/KG","img":"https://fd1-photos.leclercdrive.fr/image.ashx?id=2544807&use=l&cat=p&typeid=i","cat":284480},{"id":1833,"n":"Confiture Douceur du Verger Fraises - 340g","p":1.05,"u":"3,09 €/KG","img":"https://fd1-photos.leclercdrive.fr/image.ashx?id=2965428&use=l&cat=p&typeid=i","cat":284480},{"id":1845,"n":"Barres de céréales Frosties Kellogg's - 6x25g","p":1.88,"u":"12,53 €/KG","img":"https://fd1-photos.leclercdrive.fr/image.ashx?id=2300062&use=l&cat=p&typeid=i","cat":285869},{"id":1846,"n":"Compote Douceur du Verger Gourdes Pomme Fraise - 4x90g","p":1.39,"u":"3,86 €/KG","img":"https://fd1-photos.leclercdrive.fr/image.ashx?id=2837024&use=l&cat=p&typeid=i","cat":284508},{"id":1847,"n":"Barres céréales Fitness Nestlé Chocolat - 6x23.5g","p":1.96,"u":"13,90 €/KG","img":"https://fd1-photos.leclercdrive.fr/image.ashx?id=2947009&use=l&cat=p&typeid=i","cat":285869},{"id":1850,"n":"Chocolat au lait Tablette d'Or Céréales croustillantes 2x100g","p":2.01,"u":"10,05 €/KG","img":"https://fd1-photos.leclercdrive.fr/image.ashx?id=2555952&use=l&cat=p&typeid=i","cat":284497},{"id":1851,"n":"Chocolat au lait Tablette d'Or 3x100g","p":3.13,"u":"10,43 €/KG","img":"https://fd1-photos.leclercdrive.fr/image.ashx?id=2771508&use=l&cat=p&typeid=i","cat":284497},{"id":1861,"n":"Levure chimique Tablier Blanc x6 sachets","p":0.26,"u":"3,94 €/KG","img":"https://fd1-photos.leclercdrive.fr/image.ashx?id=2867892&use=l&cat=p&typeid=i","cat":294686},{"id":1863,"n":"Soja cuisine fluide Bio Bjorg - 25cl","p":0.95,"u":"3,80 €/L","img":"https://fd1-photos.leclercdrive.fr/image.ashx?id=2970921&use=l&cat=p&typeid=i","cat":316069},{"id":1864,"n":"Chocolat Tablette d'Or Noir amandes entières 200g","p":1.84,"u":"9,20 €/KG","img":"https://fd1-photos.leclercdrive.fr/image.ashx?id=2982886&use=l&cat=p&typeid=i","cat":284956},{"id":1867,"n":"Chocolat au lait Tablette d'Or Noisettes entières - 200g","p":2.31,"u":"11,55 €/KG","img":"https://fd1-photos.leclercdrive.fr/image.ashx?id=2580889&use=l&cat=p&typeid=i","cat":284497},{"id":1868,"n":"Chocolat blanc Tablette d'Or Noisettes entières - 200g","p":2.45,"u":"12,25 €/KG","img":"https://fd1-photos.leclercdrive.fr/image.ashx?id=1961658&use=l&cat=p&typeid=i","cat":284957},{"id":1870,"n":"Tablette de chocolat Equador Noir 85% cacao - 100g","p":1.53,"u":"15,30 €/KG","img":"https://fd1-photos.leclercdrive.fr/image.ashx?id=2840734&use=l&cat=p&typeid=i","cat":284956},{"id":1871,"n":"Céréales mini-pack Kellogg's Multi-variétés - 215g","p":2.79,"u":"12,98 €/KG","img":"https://fd1-photos.leclercdrive.fr/image.ashx?id=3014467&use=l&cat=p&typeid=i","cat":309513},{"id":1872,"n":"Pâte à tartiner Nustikao Gressins 3x60g","p":1.8,"u":"10,00 €/KG","img":"https://fd1-photos.leclercdrive.fr/image.ashx?id=2440703&use=l&cat=p&typeid=i","cat":284488},{"id":1873,"n":"Petits pains grillés Epi d'Or Complet - 225g","p":0.89,"u":"3,96 €/KG","img":"https://fd1-photos.leclercdrive.fr/image.ashx?id=2448861&use=l&cat=p&typeid=i","cat":284479},{"id":1874,"n":"Chocolat Tablette d'Or Noir noisettes entières 200g","p":2.05,"u":"10,25 €/KG","img":"https://fd1-photos.leclercdrive.fr/image.ashx?id=2582516&use=l&cat=p&typeid=i","cat":284956},{"id":1878,"n":"Compote Douceur du Verger Coupelle pomme pêche - 4x100g","p":1.19,"u":"2,98 €/KG","img":"https://fd1-photos.leclercdrive.fr/image.ashx?id=2663464&use=l&cat=p&typeid=i","cat":284508},{"id":1879,"n":"Compote Douceur du Verger Coupelle pomme poire - 4x100g","p":1.17,"u":"2,93 €/KG","img":"https://fd1-photos.leclercdrive.fr/image.ashx?id=2663470&use=l&cat=p&typeid=i","cat":284508},{"id":1883,"n":"Compote Douceur du Verger Gourdes Pomme Banane - 4x90g","p":1.59,"u":"4,42 €/KG","img":"https://fd1-photos.leclercdrive.fr/image.ashx?id=2837027&use=l&cat=p&typeid=i","cat":284508},{"id":1884,"n":"Compote Douceur du Verger Gourdes Pomme - 4x90g","p":0.99,"u":"2,75 €/KG","img":"https://fd1-photos.leclercdrive.fr/image.ashx?id=2837021&use=l&cat=p&typeid=i","cat":284508},{"id":1885,"n":"Haricots verts Notre Jardin Extra fins - 440g","p":2.58,"u":"5,86 €/KG","img":"https://fd1-photos.leclercdrive.fr/image.ashx?id=2050618&use=l&cat=p&typeid=i","cat":312606},{"id":1886,"n":"Petits pois Notre Jardin A l'étuvée - Extra fins - 560g","p":1.29,"u":"2,30 €/KG","img":"https://fd1-photos.leclercdrive.fr/image.ashx?id=2526267&use=l&cat=p&typeid=i","cat":312607},{"id":1887,"n":"Champignons Paris Notre Jardin Pieds et morceaux - 3x115g","p":1.99,"u":"5,77 €/KG","img":"https://fd1-photos.leclercdrive.fr/image.ashx?id=2991115&use=l&cat=p&typeid=i","cat":312610},{"id":1888,"n":"Flageolets verts Notre Jardin Extra fins - 530g","p":1.29,"u":"2,43 €/KG","img":"https://fd1-photos.leclercdrive.fr/image.ashx?id=2468819&use=l&cat=p&typeid=i","cat":312606},{"id":1889,"n":"Macédoine légumes Notre Jardin 3x130g","p":1.75,"u":"4,49 €/KG","img":"https://fd1-photos.leclercdrive.fr/image.ashx?id=2537349&use=l&cat=p&typeid=i","cat":312612},{"id":1890,"n":"Choux Bruxelles Notre Jardin 265g","p":1.29,"u":"4,87 €/KG","img":"https://fd1-photos.leclercdrive.fr/image.ashx?id=2913654&use=l&cat=p&typeid=i","cat":312612},{"id":1895,"n":"Foie de morue Connétable MSC - Fumé - 121g","p":2.02,"u":"16,69 €/KG","img":"https://fd1-photos.leclercdrive.fr/image.ashx?id=2804454&use=l&cat=p&typeid=i","cat":305147},{"id":1897,"n":"Pâté NRT Campagne porc breton - 200g","p":1.91,"u":"9,55 €/KG","img":"https://fd1-photos.leclercdrive.fr/image.ashx?id=2560494&use=l&cat=p&typeid=i","cat":305149},{"id":1898,"n":"Cassoulet Côté Table 840g","p":2.19,"u":"2,61 €/KG","img":"https://fd1-photos.leclercdrive.fr/image.ashx?id=2977096&use=l&cat=p&typeid=i","cat":284440},{"id":1901,"n":"Taboulé Côté Table Etui 730g","p":1.87,"u":"2,56 €/KG","img":"https://fd1-photos.leclercdrive.fr/image.ashx?id=2977093&use=l&cat=p&typeid=i","cat":325094},{"id":1902,"n":"Chips à l'ancienne Pom'Lisse Nature - 150g","p":1.04,"u":"6,93 €/KG","img":"https://fd1-photos.leclercdrive.fr/image.ashx?id=2724829&use=l&cat=p&typeid=i","cat":284447},{"id":1903,"n":"Saucisses cocktail Tokapi  240g","p":1.95,"u":"8,13 €/KG","img":"https://fd1-photos.leclercdrive.fr/image.ashx?id=2943614&use=l&cat=p&typeid=i","cat":284450},{"id":1906,"n":"Huile de tournesol Lesieur  1L","p":2.7,"u":"2,70 €/L","img":"https://fd1-photos.leclercdrive.fr/image.ashx?id=2916839&use=l&cat=p&typeid=i","cat":284453},{"id":1909,"n":"Olives vertes Rustica Entières - 200g","p":1.24,"u":"6,20 €/KG","img":"https://fd1-photos.leclercdrive.fr/image.ashx?id=2499073&use=l&cat=p&typeid=i","cat":284458},{"id":1913,"n":"Pâtes Barilla Coquillettes - 500g","p":0.98,"u":"1,96 €/KG","img":"https://fd1-photos.leclercdrive.fr/image.ashx?id=2392218&use=l&cat=p&typeid=i","cat":284427},{"id":1920,"n":"Boisson végétale Bio Bjorg Soja Douceur - 1L","p":1.86,"u":"1,86 €/L","img":"https://fd1-photos.leclercdrive.fr/image.ashx?id=2967052&use=l&cat=p&typeid=i","cat":316067},{"id":1925,"n":"Petits beurre P'tit Déli x24 - 200g","p":0.95,"u":"4,75 €/KG","img":"https://fd1-photos.leclercdrive.fr/image.ashx?id=1898886&use=l&cat=p&typeid=i","cat":284487},{"id":1935,"n":"Café Soluble Nescafé Sélection - 200g","p":6.37,"u":"31,85 €/KG","img":"https://fd1-photos.leclercdrive.fr/image.ashx?id=2968847&use=l&cat=p&typeid=i","cat":284843},{"id":1939,"n":"Infusion Tiséa verveine menthe x25","p":0.92,"u":"23,00 €/KG","img":"https://fd1-photos.leclercdrive.fr/image.ashx?id=2441102&use=l&cat=p&typeid=i","cat":293234},{"id":1943,"n":"Confiture Bonne Maman Fraises - 750g","p":3.62,"u":"4,83 €/KG","img":"https://fd1-photos.leclercdrive.fr/image.ashx?id=2906073&use=l&cat=p&typeid=i","cat":284480},{"id":1953,"n":"Sucre n°4 Saint Louis Morceaux - 1kg","p":1.95,"u":"1,95 €/KG","img":"https://fd1-photos.leclercdrive.fr/image.ashx?id=2624236&use=l&cat=p&typeid=i","cat":284502},{"id":1956,"n":"Compote Douceur du Verger Coupelle pomme banane - 4x100g","p":1.3,"u":"3,25 €/KG","img":"https://fd1-photos.leclercdrive.fr/image.ashx?id=2663461&use=l&cat=p&typeid=i","cat":284508},{"id":1961,"n":"Tablette de chocolat Equador Noir 72% cacao 100g","p":1.39,"u":"13,90 €/KG","img":"https://fd1-photos.leclercdrive.fr/image.ashx?id=2822920&use=l&cat=p&typeid=i","cat":284956},{"id":1962,"n":"Tablette de Chocolat Blanc Galak - 2x100g","p":2.94,"u":"14,70 €/KG","img":"https://fd1-photos.leclercdrive.fr/image.ashx?id=2769618&use=l&cat=p&typeid=i","cat":284957},{"id":1972,"n":"Eau minérale gazeuse Perrier  Bouteilles en verre 8x20cl","p":3.29,"u":"2,06 €/L","img":"https://fd1-photos.leclercdrive.fr/image.ashx?id=2587551&use=l&cat=p&typeid=i","cat":284536},{"id":1980,"n":"Pur Jus d'ananas Jafaden Brique élopack 1L","p":2.09,"u":"2,09 €/L","img":"https://fd1-photos.leclercdrive.fr/image.ashx?id=2955683&use=l&cat=p&typeid=i","cat":284916},{"id":1984,"n":"Thé glacé Fresh Tea Pêche - 2L","p":1.69,"u":"0,85 €/L","img":"https://fd1-photos.leclercdrive.fr/image.ashx?id=2715281&use=l&cat=p&typeid=i","cat":295019},{"id":1989,"n":"Whisky Sir Edward's 40%vol - 70cl","p":12.68,"u":"18,11 €/L","img":"https://fd1-photos.leclercdrive.fr/image.ashx?id=2503371&use=l&cat=p&typeid=i","cat":284547},{"id":1990,"n":"Scotch Whisky Label 5 40%vol - 70cl","p":13.01,"u":"18,59 €/L","img":"https://fd1-photos.leclercdrive.fr/image.ashx?id=2639468&use=l&cat=p&typeid=i","cat":284547},{"id":1992,"n":"Whisky Famous grouse 40%vol. - 70cl","p":15.35,"pp":12.28,"u":"17,54 €/L","img":"https://fd1-photos.leclercdrive.fr/image.ashx?id=2745088&use=l&cat=p&typeid=i","cat":284547},{"id":1994,"n":"Whisky J&B Rare 40%vol - 70cl","p":15.58,"u":"22,26 €/L","img":"https://fd1-photos.leclercdrive.fr/image.ashx?id=2301028&use=l&cat=p&typeid=i","cat":284547},{"id":1995,"n":"Whisky Ballantine's Finest Blended Scotch 40% vol - 70cl","p":15.4,"pp":14.4,"u":"20,57 €/L","img":"https://fd1-photos.leclercdrive.fr/image.ashx?id=2981298&use=l&cat=p&typeid=i","cat":284547},{"id":1997,"n":"Whisky Clan Campbell Blended Scotch 40% vol - 70cl","p":14.99,"u":"21,41 €/L","img":"https://fd1-photos.leclercdrive.fr/image.ashx?id=2868365&use=l&cat=p&typeid=i","cat":284547},{"id":1998,"n":"Whiskey Irlandais Jameson  40% vol - 70cl","p":18.9,"u":"27,00 €/L","img":"https://fd1-photos.leclercdrive.fr/image.ashx?id=2866025&use=l&cat=p&typeid=i","cat":284547},{"id":2000,"n":"Pastis Duval 45%vol - 1L","p":16.75,"u":"16,75 €/L","img":"https://fd1-photos.leclercdrive.fr/image.ashx?id=2659656&use=l&cat=p&typeid=i","cat":284548},{"id":2001,"n":"Pastis Ricard Anisé 45% vol - 1L","p":19.89,"pp":18.89,"u":"18,89 €/L","img":"https://fd1-photos.leclercdrive.fr/image.ashx?id=2947820&use=l&cat=p&typeid=i","cat":284548},{"id":2002,"n":"Pastis de Marseille Vivalis 45%vol - 1L","p":16.95,"u":"16,95 €/L","img":"https://fd1-photos.leclercdrive.fr/image.ashx?id=2699639&use=l&cat=p&typeid=i","cat":284548},{"id":2003,"n":"Vodka premium Eristoff Original 37,5° - 70cl","p":12.78,"u":"18,26 €/L","img":"https://fd1-photos.leclercdrive.fr/image.ashx?id=2850734&use=l&cat=p&typeid=i","cat":284550},{"id":2005,"n":"Vodka Smirnoff 37.5%vol - 70cl","p":13.95,"u":"19,93 €/L","img":"https://fd1-photos.leclercdrive.fr/image.ashx?id=1897294&use=l&cat=p&typeid=i","cat":284550},{"id":2006,"n":"Vodka Novotna  Pure grain 37.5%vol - 70cl","p":10.47,"u":"14,96 €/L","img":"https://fd1-photos.leclercdrive.fr/image.ashx?id=1654441&use=l&cat=p&typeid=i","cat":284550},{"id":2007,"n":"Rhum blanc Bacardi Carta Blanca 37,5° - 70cl","p":16.15,"u":"23,07 €/L","img":"https://fd1-photos.leclercdrive.fr/image.ashx?id=2833933&use=l&cat=p&typeid=i","cat":284550},{"id":2010,"n":"Rhum blanc Old Nick  40%vol - 70cl","p":10.46,"u":"14,94 €/L","img":"https://fd1-photos.leclercdrive.fr/image.ashx?id=2483747&use=l&cat=p&typeid=i","cat":284550},{"id":2012,"n":"Rhum ambré Negrita 40%vol - 1L","p":14.06,"u":"14,06 €/L","img":"https://fd1-photos.leclercdrive.fr/image.ashx?id=2519633&use=l&cat=p&typeid=i","cat":284550},{"id":2015,"n":"Liqueur The Original Baileys Irish Cream 17%vol - 70cl","p":11.84,"u":"16,91 €/L","img":"https://fd1-photos.leclercdrive.fr/image.ashx?id=2536059&use=l&cat=p&typeid=i","cat":286032},{"id":2019,"n":"Sucre de canne Lagoa 70cl","p":1.65,"u":"2,36 €/L","img":"https://fd1-photos.leclercdrive.fr/image.ashx?id=2966472&use=l&cat=p&typeid=i","cat":284551},{"id":2021,"n":"Apéritif Suze L'Originale 15% vol - 1L","p":9.61,"u":"9,61 €/L","img":"https://fd1-photos.leclercdrive.fr/image.ashx?id=2914462&use=l&cat=p&typeid=i","cat":284913},{"id":2023,"n":"Muscat Guillaume d'Arria 15.5%vol - 75cl","p":6.99,"u":"9,32 €/L","img":"https://fd1-photos.leclercdrive.fr/image.ashx?id=742129&use=l&cat=p&typeid=i","cat":284913},{"id":2024,"n":"Rivesaltes ambré G. d'Arria 16%vol - 75cl","p":4.27,"u":"5,69 €/L","img":"https://fd1-photos.leclercdrive.fr/image.ashx?id=2974738&use=l&cat=p&typeid=i","cat":284913},{"id":2025,"n":"Muscat de Rivesaltes G. d'Arria 15.5%vol - 75cl","p":4.99,"u":"6,65 €/L","img":"https://fd1-photos.leclercdrive.fr/image.ashx?id=2974744&use=l&cat=p&typeid=i","cat":284913},{"id":2028,"n":"AOP Bordeaux rouge Baron de Lestac - 75cl","p":4.0,"u":"5,33 €/L","img":"https://fd1-photos.leclercdrive.fr/image.ashx?id=2471148&use=l&cat=p&typeid=i","cat":289556},{"id":2029,"n":"AOP Bordeaux rouge Malesan - 75 cl","p":4.55,"u":"6,07 €/L","img":"https://fd1-photos.leclercdrive.fr/image.ashx?id=2917432&use=l&cat=p&typeid=i","cat":289556},{"id":2044,"n":"IGP Pays d'Oc Merlot vin rouge Vieux Carion 13% vol -75 cl","p":2.25,"u":"3,00 €/L","img":"https://fd1-photos.leclercdrive.fr/image.ashx?id=2764724&use=l&cat=p&typeid=i","cat":289556},{"id":2045,"n":"IGP Pays d'Oc vin rouge Vieux Carion 12.5% vol -75 cl","p":2.25,"u":"3,00 €/L","img":"https://fd1-photos.leclercdrive.fr/image.ashx?id=2800267&use=l&cat=p&typeid=i","cat":289556},{"id":2049,"n":"IGP Pays d'Oc Gris vin rosé Rives & Terrasses - 75cl -12,5%","p":2.89,"u":"3,85 €/L","img":"https://fd1-photos.leclercdrive.fr/image.ashx?id=2920918&use=l&cat=p&typeid=i","cat":289558},{"id":2051,"n":"IGP Pays d'Oc Syrah vin rosé Vieux Carion 12.5% vol -75 cl","p":2.25,"u":"3,00 €/L","img":"https://fd1-photos.leclercdrive.fr/image.ashx?id=2892340&use=l&cat=p&typeid=i","cat":289558},{"id":2058,"n":"IGP Pays d'Oc Sauvignon Blanc Vieux Carion 12% vol -75 cl","p":2.25,"u":"3,00 €/L","img":"https://fd1-photos.leclercdrive.fr/image.ashx?id=2879937&use=l&cat=p&typeid=i","cat":289557},{"id":2072,"n":"AOP Champagne Mumm Cordon Rouge Brut 12% vol - 75cl","p":28.9,"pp":27.9,"u":"37,20 €/L","img":"https://fd1-photos.leclercdrive.fr/image.ashx?id=3011005&use=l&cat=p&typeid=i","cat":284542},{"id":2073,"n":"AOC Champagne brut rosé Pol Carson - 75cl","p":19.95,"u":"26,60 €/L","img":"https://fd1-photos.leclercdrive.fr/image.ashx?id=2909876&use=l&cat=p&typeid=i","cat":284542},{"id":2074,"n":"AOP Champagne demi-sec blanc Pol Carson - 75cl","p":17.99,"u":"23,99 €/L","img":"https://fd1-photos.leclercdrive.fr/image.ashx?id=1468962&use=l&cat=p&typeid=i","cat":284542},{"id":2075,"n":"AOP Champagne brut Pol Carson - 75cl","p":17.99,"u":"23,99 €/L","img":"https://fd1-photos.leclercdrive.fr/image.ashx?id=2909843&use=l&cat=p&typeid=i","cat":284542},{"id":2078,"n":"Pétillant Gibus pomme Sans alcool 75cl","p":2.32,"u":"3,09 €/L","img":"https://fd1-photos.leclercdrive.fr/image.ashx?id=1887586&use=l&cat=p&typeid=i","cat":289460},{"id":2079,"n":"Cidre bouché Les Goelleries Breton doux 2%vol. - 75cl","p":2.12,"u":"2,83 €/L","img":"https://fd1-photos.leclercdrive.fr/image.ashx?id=2842190&use=l&cat=p&typeid=i","cat":334880},{"id":2082,"n":"AOP Crémant d'Alsace brut Rebmann - 75 cl","p":5.95,"u":"7,93 €/L","img":"https://fd1-photos.leclercdrive.fr/image.ashx?id=2888935&use=l&cat=p&typeid=i","cat":284545},{"id":2086,"n":"Mister Cocktail sans alcool Pêche - 75cl","p":3.44,"u":"4,59 €/L","img":"https://fd1-photos.leclercdrive.fr/image.ashx?id=3014464&use=l&cat=p&typeid=i","cat":284549},{"id":2087,"n":"Jus de pomme pétillant Champomy L'Original Pomme - 75cl","p":2.7,"u":"3,60 €/L","img":"https://fd1-photos.leclercdrive.fr/image.ashx?id=2688683&use=l&cat=p&typeid=i","cat":289460},{"id":2090,"n":"Emmental fromage bloc Les Croisés - 500g","p":4.19,"u":"8,38 €/KG","img":"https://fd1-photos.leclercdrive.fr/image.ashx?id=1992255&use=l&cat=p&typeid=i","cat":314034},{"id":2092,"n":"Bûche de chèvre Saint-Maure LEs Croisés 25% MG - 200g","p":2.06,"u":"10,30 €/KG","img":"https://fd1-photos.leclercdrive.fr/image.ashx?id=2894719&use=l&cat=p&typeid=i","cat":314031},{"id":2095,"n":"Emmental Fromage râpé Les Croisés - 3x70g","p":1.89,"u":"9,00 €/KG","img":"https://fd1-photos.leclercdrive.fr/image.ashx?id=2949406&use=l&cat=p&typeid=i","cat":314035},{"id":2104,"n":"Mousse à la liégeoise Délisse Chocolat - 8x80g","p":2.35,"u":"3,67 €/KG","img":"https://fd1-photos.leclercdrive.fr/image.ashx?id=3009490&use=l&cat=p&typeid=i","cat":284417},{"id":2111,"n":"Beurre Extra fin Les Croisés Doux - 82% MG - 250g","p":2.35,"u":"9,40 €/KG","img":"https://fd1-photos.leclercdrive.fr/image.ashx?id=2893265&use=l&cat=p&typeid=i","cat":284379},{"id":2112,"n":"Sauce Béchamel Bridélice 3x20cl","p":3.14,"u":"5,23 €/L","img":"https://fd1-photos.leclercdrive.fr/image.ashx?id=2888458&use=l&cat=p&typeid=i","cat":284382},{"id":2121,"n":"Carottes râpées Menu Fraîcheur  Assaisonnées - 300g","p":0.69,"u":"2,30 €/KG","img":"https://fd1-photos.leclercdrive.fr/image.ashx?id=2816552&use=l&cat=p&typeid=i","cat":333657},{"id":2125,"n":"Tagliatelle fraîche Turini 350g","p":1.24,"u":"3,54 €/KG","img":"https://fd1-photos.leclercdrive.fr/image.ashx?id=2846514&use=l&cat=p&typeid=i","cat":333682},{"id":2126,"n":"Pâte brisée Tablier Blanc Prête à dérouler - 230g","p":0.65,"u":"2,83 €/KG","img":"https://fd1-photos.leclercdrive.fr/image.ashx?id=2635886&use=l&cat=p&typeid=i","cat":333681},{"id":2128,"n":"Bâtonnets Surimi Pêche Océan MSC - x12 - 200g","p":1.38,"u":"6,90 €/KG","img":"https://fd1-photos.leclercdrive.fr/image.ashx?id=2981837&use=l&cat=p&typeid=i","cat":285189},{"id":2139,"n":"Gants jetables Mamison latex T7 x10","p":1.33,"img":"https://fd1-photos.leclercdrive.fr/image.ashx?id=2742688&use=l&cat=p&typeid=i","cat":284668},{"id":2141,"n":"Crème nettoyante Clair 3en1 - 750ml","p":1.15,"u":"1,53 €/L","img":"https://fd1-photos.leclercdrive.fr/image.ashx?id=2868310&use=l&cat=p&typeid=i","cat":325357},{"id":2164,"n":"Enveloppes Esquisse adhésives C6 100x80g","p":2.39,"img":"https://fd1-photos.leclercdrive.fr/image.ashx?id=1928740&use=l&cat=p&typeid=i","cat":284697},{"id":2166,"n":"Piles Foxter AA/LR6 1,5V - x4","p":0.99,"u":"0,25 €/P","img":"https://fd1-photos.leclercdrive.fr/image.ashx?id=2162156&use=l&cat=p&typeid=i","cat":300572},{"id":2179,"n":"Barres céréales Special K  Kellogg's Chocolat - 6x21,5g","p":2.23,"u":"17,29 €/KG","img":"https://fd1-photos.leclercdrive.fr/image.ashx?id=3011113&use=l&cat=p&typeid=i","cat":285869},{"id":2187,"n":"Mascarpone Les Croisés - 250g","p":1.78,"u":"7,12 €/KG","img":"https://fd1-photos.leclercdrive.fr/image.ashx?id=2123620&use=l&cat=p&typeid=i","cat":314026},{"id":2192,"n":"Papier aluminium Elembal 50m","p":4.35,"img":"https://fd1-photos.leclercdrive.fr/image.ashx?id=2940899&use=l&cat=p&typeid=i","cat":334134},{"id":2193,"n":"Film étirable Elembal 2en1 20m","p":1.25,"img":"https://fd1-photos.leclercdrive.fr/image.ashx?id=2059962&use=l&cat=p&typeid=i","cat":334134},{"id":2194,"n":"Sacs congélation Elembal Moyen modèle x50","p":1.08,"img":"https://fd1-photos.leclercdrive.fr/image.ashx?id=2257205&use=l&cat=p&typeid=i","cat":334134},{"id":2195,"n":"Sacs poubelle 30L Elembal Poignées coulissantes - x20","p":2.11,"u":"0,11 €/P","img":"https://fd1-photos.leclercdrive.fr/image.ashx?id=2791740&use=l&cat=p&typeid=i","cat":285168},{"id":2199,"n":"Cassoulet La Belle Chaurienne Canard 4/4 840g","p":5.37,"u":"6,39 €/KG","img":"https://fd1-photos.leclercdrive.fr/image.ashx?id=2837340&use=l&cat=p&typeid=i","cat":284440},{"id":2200,"n":"Muffins nature Epi d'Or x4 - 250g","p":1.58,"u":"6,32 €/KG","img":"https://fd1-photos.leclercdrive.fr/image.ashx?id=2939052&use=l&cat=p&typeid=i","cat":284985},{"id":2201,"n":"Pastis 51 Anisé 45% vol - 1L","p":19.64,"u":"19,64 €/L","img":"https://fd1-photos.leclercdrive.fr/image.ashx?id=2998916&use=l&cat=p&typeid=i","cat":284548},{"id":2203,"n":"Palermo rouge Sans alcool - 1L","p":3.54,"u":"3,54 €/L","img":"https://fd1-photos.leclercdrive.fr/image.ashx?id=1866952&use=l&cat=p&typeid=i","cat":284549},{"id":2224,"n":"Boisson lactée Candy'UP Chocolat - 6x20cl","p":2.69,"u":"2,24 €/L","img":"https://fd1-photos.leclercdrive.fr/image.ashx?id=2485635&use=l&cat=p&typeid=i","cat":295246},{"id":2237,"n":"Arôme Fleur d'oranger Vahiné 200ml","p":1.46,"u":"7,30 €/L","img":"https://fd1-photos.leclercdrive.fr/image.ashx?id=2983231&use=l&cat=p&typeid=i","cat":284504},{"id":2238,"n":"Arôme vanille Vahiné 200ml","p":2.93,"u":"14,65 €/L","img":"https://fd1-photos.leclercdrive.fr/image.ashx?id=2490551&use=l&cat=p&typeid=i","cat":284504},{"id":2239,"n":"Gélatine alimentaire Vahiné 9 feuilles - 17g","p":1.26,"u":"74,12 €/KG","img":"https://fd1-photos.leclercdrive.fr/image.ashx?id=2876305&use=l&cat=p&typeid=i","cat":284504},{"id":2242,"n":"Patchs purifiants Diadermine 3 zones x6","p":3.86,"u":"0,64 €/P","img":"https://fd1-photos.leclercdrive.fr/image.ashx?id=2327860&use=l&cat=p&typeid=i","cat":284603},{"id":2244,"n":"Démaquillant Diadermine Yeux douceur 125 ml","p":2.2,"u":"18,33 €/L","img":"https://fd1-photos.leclercdrive.fr/image.ashx?id=2334935&use=l&cat=p&typeid=i","cat":284603},{"id":2259,"n":"Crème Hydratante Soft Nivea Visage Corps Mains - 200ml","p":3.2,"u":"16,00 €/L","img":"https://fd1-photos.leclercdrive.fr/image.ashx?id=3014608&use=l&cat=p&typeid=i","cat":325350},{"id":2276,"n":"Antiseptique Mercurochrome Incolore spray - 100ml","p":2.85,"u":"28,50 €/L","img":"https://fd1-photos.leclercdrive.fr/image.ashx?id=2662268&use=l&cat=p&typeid=i","cat":284630},{"id":2277,"n":"Gel lubrifiant Intimy Classic - 70ml","p":4.05,"u":"57,86 €/L","img":"https://fd1-photos.leclercdrive.fr/image.ashx?id=2927330&use=l&cat=p&typeid=i","cat":285160},{"id":2279,"n":"Eau oxygénée Mercurochrome 200ml","p":2.51,"u":"12,55 €/L","img":"https://fd1-photos.leclercdrive.fr/image.ashx?id=2663980&use=l&cat=p&typeid=i","cat":284630},{"id":2280,"n":"Compresses stériles Mercurochrome - x60","p":7.15,"u":"0,12 €/P","img":"https://fd1-photos.leclercdrive.fr/image.ashx?id=2731483&use=l&cat=p&typeid=i","cat":284630},{"id":2281,"n":"Pansements Mercurochrome Famille x50","p":3.47,"u":"0,07 €/P","img":"https://fd1-photos.leclercdrive.fr/image.ashx?id=2731471&use=l&cat=p&typeid=i","cat":284630},{"id":2282,"n":"Bandes à découper Mercurochrome 6cm x10","p":3.39,"img":"https://fd1-photos.leclercdrive.fr/image.ashx?id=2719027&use=l&cat=p&typeid=i","cat":284630},{"id":2305,"n":"Lait Démaquillant Mixa  Anti-dessèchement - 200ml","p":3.07,"u":"15,35 €/L","img":"https://fd1-photos.leclercdrive.fr/image.ashx?id=2285390&use=l&cat=p&typeid=i","cat":284603},{"id":2317,"n":"Mousse Coiffante Franck Provost Cheveux Bouclés - 200ml","p":4.29,"u":"21,45 €/L","img":"https://fd1-photos.leclercdrive.fr/image.ashx?id=2575606&use=l&cat=p&typeid=i","cat":284609},{"id":2322,"n":"Mousse Coiffante Dop Vivelle Extra boucle - 150ml","p":2.95,"u":"19,67 €/L","img":"https://fd1-photos.leclercdrive.fr/image.ashx?id=2574823&use=l&cat=p&typeid=i","cat":284609},{"id":2324,"n":"Eau Micellaire vitaminée Mixa Peaux Sensibles - 200ml","p":2.85,"u":"14,25 €/L","img":"https://fd1-photos.leclercdrive.fr/image.ashx?id=2445334&use=l&cat=p&typeid=i","cat":284603},{"id":2336,"n":"Baume soin Après-Rasage Mennen Peaux Sensibles - 100ml","p":3.69,"u":"36,90 €/L","img":"https://fd1-photos.leclercdrive.fr/image.ashx?id=2517905&use=l&cat=p&typeid=i","cat":288147},{"id":2338,"n":"Lotion Après-Rasage Mennen Apaisante - 125ml","p":3.83,"u":"30,64 €/L","img":"https://fd1-photos.leclercdrive.fr/image.ashx?id=2469620&use=l&cat=p&typeid=i","cat":288147},{"id":2373,"n":"Activateur biologique Eparcyl  Liquide fosse septique - 500 ml","p":6.66,"u":"13,32 €/L","img":"https://fd1-photos.leclercdrive.fr/image.ashx?id=2144059&use=l&cat=p&typeid=i","cat":284908},{"id":2438,"n":"Eponges Spontex grattantes Stop-graisse x2","p":1.26,"u":"0,63 €/P","img":"https://fd1-photos.leclercdrive.fr/image.ashx?id=2973078&use=l&cat=p&typeid=i","cat":284667},{"id":2441,"n":"Préservatifs Durex Love Faciles et rapides à poser x6","p":2.84,"u":"0,47 €/P","img":"https://fd1-photos.leclercdrive.fr/image.ashx?id=2963895&use=l&cat=p&typeid=i","cat":284631},{"id":2484,"n":"Dentifrice Signal Haleine Pure 75ml","p":1.32,"u":"17,60 €/L","img":"https://fd1-photos.leclercdrive.fr/image.ashx?id=1984459&use=l&cat=p&typeid=i","cat":284612},{"id":2503,"n":"Biscuit vanille citron Gerlinéa  encas minceur - 156g","p":1.75,"u":"11,67 €/KG","img":"https://fd1-photos.leclercdrive.fr/image.ashx?id=2654779&use=l&cat=p&typeid=i","cat":318651},{"id":2504,"n":"Levure de bière Gerblé à saupoudrer - 150g","p":2.41,"u":"16,07 €/KG","img":"https://fd1-photos.leclercdrive.fr/image.ashx?id=2575036&use=l&cat=p&typeid=i","cat":288382},{"id":2505,"n":"Crème au chocolat GERLINEA   Repas minceur - 3x210g","p":4.28,"u":"6,79 €/KG","img":"https://fd1-photos.leclercdrive.fr/image.ashx?id=2653450&use=l&cat=p&typeid=i","cat":318652},{"id":2510,"n":"Biscuits soja figue GERBLE   - 4x4, 270g","p":1.99,"u":"7,37 €/KG","img":"https://fd1-photos.leclercdrive.fr/image.ashx?id=2812720&use=l&cat=p&typeid=i","cat":318651},{"id":2511,"n":"Biscuits diététiques Gerblé Soja Orange - 280g","p":1.52,"u":"5,43 €/KG","img":"https://fd1-photos.leclercdrive.fr/image.ashx?id=2623166&use=l&cat=p&typeid=i","cat":318651},{"id":2521,"n":"Abricots secs Couleurs Vives Moelleux - 250g","p":2.44,"u":"9,76 €/KG","img":"https://fd1-photos.leclercdrive.fr/image.ashx?id=2149670&use=l&cat=p&typeid=i","cat":284357},{"id":2523,"n":"Amandes effilées Couleurs Vives 125g","p":1.99,"u":"15,92 €/KG","img":"https://fd1-photos.leclercdrive.fr/image.ashx?id=2896874&use=l&cat=p&typeid=i","cat":284504},{"id":2524,"n":"Amandes Couleurs Vives En poudre - 125g","p":1.97,"u":"15,76 €/KG","img":"https://fd1-photos.leclercdrive.fr/image.ashx?id=2896871&use=l&cat=p&typeid=i","cat":284504},{"id":2525,"n":"Cerneaux noix Couleurs Vives 125g","p":1.78,"u":"14,83 €/KG","img":"https://fd1-photos.leclercdrive.fr/image.ashx?id=2886436&use=l&cat=p&typeid=i","cat":284357},{"id":2530,"n":"Salade Notre Jardin Mâche - 125g","p":0.95,"u":"7,60 €/KG","img":"https://fd1-photos.leclercdrive.fr/image.ashx?id=2655598&use=l&cat=p&typeid=i","cat":284353},{"id":2531,"n":"Salade Notre Jardin Coeurs de laitue - 200g","p":0.99,"u":"4,95 €/KG","img":"https://fd1-photos.leclercdrive.fr/image.ashx?id=2720139&use=l&cat=p&typeid=i","cat":284353},{"id":2532,"n":"Laitue Iceberg Notre Jardin 300g","p":0.89,"u":"2,97 €/KG","img":"https://fd1-photos.leclercdrive.fr/image.ashx?id=2720151&use=l&cat=p&typeid=i","cat":284353},{"id":2568,"n":"Laque Cheveux L'Oréal Paris Fixation forte - 150ml","p":3.89,"u":"25,93 €/L","img":"https://fd1-photos.leclercdrive.fr/image.ashx?id=2576157&use=l&cat=p&typeid=i","cat":284609},{"id":2571,"n":"Gel Coiffant L'Oréal Paris Ultra Fixant 24H - 150ml","p":3.49,"u":"23,27 €/L","img":"https://fd1-photos.leclercdrive.fr/image.ashx?id=2576163&use=l&cat=p&typeid=i","cat":284609},{"id":2588,"n":"Eau minérale Thonon 6x1.5L","p":2.34,"u":"0,26 €/L","img":"https://fd1-photos.leclercdrive.fr/image.ashx?id=2915557&use=l&cat=p&typeid=i","cat":284535},{"id":2593,"n":"Eau minérale naturelle Contrex 6x50cl","p":2.17,"u":"0,72 €/L","img":"https://fd1-photos.leclercdrive.fr/image.ashx?id=2731714&use=l&cat=p&typeid=i","cat":284535},{"id":2612,"n":"Lait demi-écrémé UHT Délisse  Brique - 6x1L","p":5.94,"u":"0,99 €/L","img":"https://fd1-photos.leclercdrive.fr/image.ashx?id=2970542&use=l&cat=p&typeid=i","cat":284377},{"id":2613,"n":"Lait demi-écrémé UHT Délisse Bouteille - 6x1L","p":6.3,"u":"1,05 €/L","img":"https://fd1-photos.leclercdrive.fr/image.ashx?id=2970530&use=l&cat=p&typeid=i","cat":284377},{"id":2614,"n":"Lait demi-écrémé Délisse UHT Bouteille -  6x50cl","p":4.74,"u":"1,58 €/L","img":"https://fd1-photos.leclercdrive.fr/image.ashx?id=2970557&use=l&cat=p&typeid=i","cat":284377},{"id":2615,"n":"Lait écrémé Délisse Brique : 6x1L","p":5.52,"u":"0,92 €/L","img":"https://fd1-photos.leclercdrive.fr/image.ashx?id=2976279&use=l&cat=p&typeid=i","cat":284949},{"id":2616,"n":"Lait entier Délisse UHT - Brique : 6x1L","p":6.48,"u":"1,08 €/L","img":"https://fd1-photos.leclercdrive.fr/image.ashx?id=2970551&use=l&cat=p&typeid=i","cat":285610},{"id":2617,"n":"Lait Bio demi-écrémé Lactel UHT Bouteille - 6x50cl","p":6.54,"u":"2,18 €/L","img":"https://fd1-photos.leclercdrive.fr/image.ashx?id=2892766&use=l&cat=p&typeid=i","cat":284377},{"id":2618,"n":"Lait chèvre demi-écrémé Lactel UHT Bouteille - 6x1L","p":15.11,"u":"2,52 €/L","img":"https://fd1-photos.leclercdrive.fr/image.ashx?id=2873961&use=l&cat=p&typeid=i","cat":295251},{"id":2619,"n":"Lait bio Bio Village Bouteille  Demi-écrémé UHT -  6x1L","p":6.48,"u":"1,08 €/L","img":"https://fd1-photos.leclercdrive.fr/image.ashx?id=2971509&use=l&cat=p&typeid=i","cat":284377},{"id":2623,"n":"Joker Pur Jus Engagé  Multifruits - 1L","p":2.34,"u":"2,34 €/L","img":"https://fd1-photos.leclercdrive.fr/image.ashx?id=3001287&use=l&cat=p&typeid=i","cat":284917},{"id":2638,"n":"Eau minérale Courmayeur 6x1.5L","p":2.66,"u":"0,30 €/L","img":"https://fd1-photos.leclercdrive.fr/image.ashx?id=2964105&use=l&cat=p&typeid=i","cat":284535},{"id":2649,"n":"Eau de source de Montagne 6x1.5L","p":1.68,"u":"0,19 €/L","img":"https://fd1-photos.leclercdrive.fr/image.ashx?id=2727617&use=l&cat=p&typeid=i","cat":284535},{"id":2650,"n":"Whisky William Lawson's Finest Blend 40° - 100cl","p":17.88,"u":"17,88 €/L","img":"https://fd1-photos.leclercdrive.fr/image.ashx?id=2966134&use=l&cat=p&typeid=i","cat":284547},{"id":2722,"n":"Yaourts aromatisés Délisse Vanille - 8x125g","p":2.58,"u":"2,58 €/KG","img":"https://fd1-photos.leclercdrive.fr/image.ashx?id=2816121&use=l&cat=p&typeid=i","cat":286006},{"id":2729,"n":"Pistaches grillées à sec Tokapi 300g","p":3.5,"u":"11,67 €/KG","img":"https://fd1-photos.leclercdrive.fr/image.ashx?id=2795541&use=l&cat=p&typeid=i","cat":284448},{"id":2734,"n":"Eau de source Eco+ 6x 1.5L","p":1.14,"u":"0,13 €/L","img":"https://fd1-photos.leclercdrive.fr/image.ashx?id=1664482&use=l&cat=p&typeid=i","cat":284535},{"id":2737,"n":"Eau minérale Des Alpes  6x1.5L","p":2.1,"u":"0,23 €/L","img":"https://fd1-photos.leclercdrive.fr/image.ashx?id=2768667&use=l&cat=p&typeid=i","cat":284535},{"id":2742,"n":"Eau gazeuse San Pellegrino Minérale naturelle - 6x1L","p":3.77,"u":"0,63 €/L","img":"https://fd1-photos.leclercdrive.fr/image.ashx?id=2740316&use=l&cat=p&typeid=i","cat":284536},{"id":2755,"n":"Lait demi-écrémé Lactel Vitamine D Bouteille - 6x1l","p":7.8,"u":"1,30 €/L","img":"https://fd1-photos.leclercdrive.fr/image.ashx?id=2889424&use=l&cat=p&typeid=i","cat":284377},{"id":2757,"n":"Lait Bio demi-écrémé Lactel  UHT Bouteille - 6x1l","p":9.6,"u":"1,60 €/L","img":"https://fd1-photos.leclercdrive.fr/image.ashx?id=2886918&use=l&cat=p&typeid=i","cat":284377},{"id":2759,"n":"Lait Matin Léger de Lactel Sans lactose 1.2% mg - 6x1L","p":10.56,"u":"1,76 €/L","img":"https://fd1-photos.leclercdrive.fr/image.ashx?id=2883125&use=l&cat=p&typeid=i","cat":317169},{"id":2776,"n":"Crème Mains Réparatrice Mixa Mains abîmées - 100ml","p":2.33,"u":"23,30 €/L","img":"https://fd1-photos.leclercdrive.fr/image.ashx?id=2276024&use=l&cat=p&typeid=i","cat":325354},{"id":2777,"n":"Crème mains protectrice Mixa Anti-dessèchement - 100ml","p":2.18,"u":"21,80 €/L","img":"https://fd1-photos.leclercdrive.fr/image.ashx?id=2299873&use=l&cat=p&typeid=i","cat":325354},{"id":2799,"n":"Fromage frais Délisse Fruits panachés - 24x50g","p":2.88,"u":"2,40 €/KG","img":"https://fd1-photos.leclercdrive.fr/image.ashx?id=2922494&use=l&cat=p&typeid=i","cat":284414},{"id":2803,"n":"Baguette de pain 250g","p":0.28,"u":"1,12 €/KG","img":"https://fd1-photos.leclercdrive.fr/image.ashx?id=2062873&use=l&cat=p&typeid=i","cat":284359},{"id":2813,"n":"Pizza Chèvre Turini Cuite au feu de bois - 420g","p":2.21,"u":"5,26 €/KG","img":"https://fd1-photos.leclercdrive.fr/image.ashx?id=2815214&use=l&cat=p&typeid=i","cat":284256},{"id":2814,"n":"Pizza 4 fromages Turini Cuite au feu de bois - 420g","p":2.23,"u":"5,31 €/KG","img":"https://fd1-photos.leclercdrive.fr/image.ashx?id=2815211&use=l&cat=p&typeid=i","cat":284256},{"id":2825,"n":"Lentilles précuites Lunor 500g","p":1.9,"u":"3,80 €/KG","img":"https://fd1-photos.leclercdrive.fr/image.ashx?id=2197660&use=l&cat=p&typeid=i","cat":284352},{"id":2845,"n":"Glace Cône Nestlé Extrême Rhum raisins x6 - 426g","p":3.59,"u":"8,43 €/KG","img":"https://fd1-photos.leclercdrive.fr/image.ashx?id=2729848&use=l&cat=p&typeid=i","cat":284264},{"id":2872,"n":"Poireau Botte 1kg","p":2.49,"u":"2,49 €/KG","img":"https://fd1-photos.leclercdrive.fr/image.ashx?id=1633169&use=l&cat=p&typeid=i","cat":284352},{"id":2888,"n":"Eclairs saveur chocolat 2x1p","p":2.5,"u":"1,25 €/P","img":"https://fd1-photos.leclercdrive.fr/image.ashx?id=557993&use=l&cat=p&typeid=i","cat":284360},{"id":2889,"n":"Eclairs saveur café  2x1p","p":2.5,"u":"1,25 €/P","img":"https://fd1-photos.leclercdrive.fr/image.ashx?id=557994&use=l&cat=p&typeid=i","cat":284360},{"id":2929,"n":"Biscuits raisins GERBLE   - 4x4, 270g","p":1.73,"u":"6,41 €/KG","img":"https://fd1-photos.leclercdrive.fr/image.ashx?id=2662298&use=l&cat=p&typeid=i","cat":318651},{"id":2930,"n":"Biscuits pomme noisette GERBLE   4x4 - 230g","p":1.55,"u":"6,74 €/KG","img":"https://fd1-photos.leclercdrive.fr/image.ashx?id=2967753&use=l&cat=p&typeid=i","cat":318651},{"id":2932,"n":"Biscuit miel sésame GERBLE  - 6x3,  162g","p":2.34,"u":"14,44 €/KG","img":"https://fd1-photos.leclercdrive.fr/image.ashx?id=2662277&use=l&cat=p&typeid=i","cat":318651},{"id":2933,"n":"Germe de blé Gerblé 250g","p":1.85,"u":"7,40 €/KG","img":"https://fd1-photos.leclercdrive.fr/image.ashx?id=2575060&use=l&cat=p&typeid=i","cat":288382},{"id":2934,"n":"Barres Amande GERBLE   - 6 sachets 150g","p":2.5,"u":"16,67 €/KG","img":"https://fd1-photos.leclercdrive.fr/image.ashx?id=2664088&use=l&cat=p&typeid=i","cat":318652},{"id":2935,"n":"Biscuits écorce confite GERBLE   - 4x5,  360g","p":1.57,"u":"4,36 €/KG","img":"https://fd1-photos.leclercdrive.fr/image.ashx?id=2662907&use=l&cat=p&typeid=i","cat":318651},{"id":2937,"n":"Biscuits goûter chocolat GERBLE  - 3x4,  250g","p":1.62,"u":"6,48 €/KG","img":"https://fd1-photos.leclercdrive.fr/image.ashx?id=2625181&use=l&cat=p&typeid=i","cat":318651},{"id":2938,"n":"Biscuits germe de blé GERBLE   - 5x5, 210g","p":1.28,"u":"6,10 €/KG","img":"https://fd1-photos.leclercdrive.fr/image.ashx?id=2573540&use=l&cat=p&typeid=i","cat":318651},{"id":2950,"n":"Biscuits lait chocolat GERBLE   - 5x4, 230g","p":1.57,"u":"6,83 €/KG","img":"https://fd1-photos.leclercdrive.fr/image.ashx?id=2575030&use=l&cat=p&typeid=i","cat":318651},{"id":2951,"n":"Biscuit chocolat GERLINEA  Encas minceur - 4x4, 200g","p":2.07,"u":"10,35 €/KG","img":"https://fd1-photos.leclercdrive.fr/image.ashx?id=2654770&use=l&cat=p&typeid=i","cat":318652},{"id":2969,"n":"Sticks et bretzels Tokapi 300g","p":1.2,"u":"4,00 €/KG","img":"https://fd1-photos.leclercdrive.fr/image.ashx?id=2431104&use=l&cat=p&typeid=i","cat":297000},{"id":2971,"n":"Chips ondulées Pom'Lisse  Nature - 150g","p":0.93,"u":"6,20 €/KG","img":"https://fd1-photos.leclercdrive.fr/image.ashx?id=2657196&use=l&cat=p&typeid=i","cat":284447},{"id":2973,"n":"Chips Pom'Lisse Barbecue - 135g","p":0.89,"u":"6,59 €/KG","img":"https://fd1-photos.leclercdrive.fr/image.ashx?id=2774046&use=l&cat=p&typeid=i","cat":284447},{"id":2988,"n":"Dessert fruits mixés Sojasun Framboise / Passion - 4x100g","p":1.73,"u":"4,33 €/KG","img":"https://fd1-photos.leclercdrive.fr/image.ashx?id=2355671&use=l&cat=p&typeid=i","cat":316071},{"id":2994,"n":"Chicorée soluble Leroux Nature - 200g","p":4.18,"u":"20,90 €/KG","img":"https://fd1-photos.leclercdrive.fr/image.ashx?id=2693512&use=l&cat=p&typeid=i","cat":284843},{"id":3000,"n":"Oeufs frais plein air Bio Bio Village - x6","p":2.09,"u":"0,35 €/P","img":"https://fd1-photos.leclercdrive.fr/image.ashx?id=1520549&use=l&cat=p&typeid=i","cat":284378},{"id":3010,"n":"Sauce Mexicaine Tables du Monde Hot - 315g","p":1.49,"u":"4,73 €/KG","img":"https://fd1-photos.leclercdrive.fr/image.ashx?id=2476960&use=l&cat=p&typeid=i","cat":288993},{"id":3011,"n":"Sauce Mexicaine Tables du Monde Medium - 315g","p":1.49,"u":"4,73 €/KG","img":"https://fd1-photos.leclercdrive.fr/image.ashx?id=2476963&use=l&cat=p&typeid=i","cat":288993},{"id":3012,"n":"Sauce Fajitas Tables du Monde 430g","p":1.97,"u":"4,58 €/KG","img":"https://fd1-photos.leclercdrive.fr/image.ashx?id=2470228&use=l&cat=p&typeid=i","cat":288993},{"id":3033,"n":"Pâtes fraîches Turini Fettuccini - 350g","p":1.49,"u":"4,26 €/KG","img":"https://fd1-photos.leclercdrive.fr/image.ashx?id=2882313&use=l&cat=p&typeid=i","cat":333682},{"id":3034,"n":"Fromage Parmesan Parmareggio 60g","p":1.5,"u":"25,00 €/KG","img":"https://fd1-photos.leclercdrive.fr/image.ashx?id=2975458&use=l&cat=p&typeid=i","cat":314035},{"id":3040,"n":"Beurre moulé bio Bio Village Doux - 82% MG - 250g","p":3.03,"u":"12,12 €/KG","img":"https://fd1-photos.leclercdrive.fr/image.ashx?id=2437052&use=l&cat=p&typeid=i","cat":284379},{"id":3041,"n":"Beurre moulé bio Bio Village Demi-sel - 80% MG - 250g","p":3.03,"u":"12,12 €/KG","img":"https://fd1-photos.leclercdrive.fr/image.ashx?id=2437055&use=l&cat=p&typeid=i","cat":284379},{"id":3052,"n":"Dentifrice Menthe Fluoryl Gencives Sensibles - 75ml","p":2.06,"u":"27,47 €/L","img":"https://fd1-photos.leclercdrive.fr/image.ashx?id=2473312&use=l&cat=p&typeid=i","cat":284612},{"id":3055,"n":"Gel à raser féminin Siliss Velours abricot - 200ml","p":1.69,"u":"8,45 €/L","img":"https://fd1-photos.leclercdrive.fr/image.ashx?id=2699408&use=l&cat=p&typeid=i","cat":325352},{"id":3066,"n":"Tampons Doulys avec applicateur Normal - x24","p":2.46,"u":"0,10 €/P","img":"https://fd1-photos.leclercdrive.fr/image.ashx?id=2965452&use=l&cat=p&typeid=i","cat":284626},{"id":3070,"n":"Serviette hygiénique Doulys Ultra - Normal+  - x14","p":1.29,"u":"0,09 €/P","img":"https://fd1-photos.leclercdrive.fr/image.ashx?id=2838915&use=l&cat=p&typeid=i","cat":284624},{"id":3072,"n":"Serviette hygiénique Doulys Maxi confort - Super - x16","p":1.45,"u":"0,09 €/P","img":"https://fd1-photos.leclercdrive.fr/image.ashx?id=2838912&use=l&cat=p&typeid=i","cat":284624},{"id":3091,"n":"Cordons bleus Maître coq Poulet - 1kg","p":7.39,"u":"7,39 €/KG","img":"https://fd1-photos.leclercdrive.fr/image.ashx?id=2762103&use=l&cat=p&typeid=i","cat":333683},{"id":3099,"n":"Mini cakes P'tit Déli  aux fruits x10","p":2.96,"u":"9,87 €/KG","img":"https://fd1-photos.leclercdrive.fr/image.ashx?id=2047019&use=l&cat=p&typeid=i","cat":284493},{"id":3101,"n":"Biscuits fourrés Chamonix LU Orange - 250g","p":1.56,"u":"6,24 €/KG","img":"https://fd1-photos.leclercdrive.fr/image.ashx?id=2982982&use=l&cat=p&typeid=i","cat":284489},{"id":3106,"n":"Biscuits Cookies P'tit Déli Noix coco Chocolat - 200g","p":1.39,"u":"6,95 €/KG","img":"https://fd1-photos.leclercdrive.fr/image.ashx?id=2171539&use=l&cat=p&typeid=i","cat":325066},{"id":3107,"n":"Biscuits petit beurre LU Pocket - 300g","p":2.0,"u":"6,67 €/KG","img":"https://fd1-photos.leclercdrive.fr/image.ashx?id=3001940&use=l&cat=p&typeid=i","cat":284487},{"id":3108,"n":"Biscuits petit déjeuner Prince Céréales - 300g","p":2.0,"u":"6,67 €/KG","img":"https://fd1-photos.leclercdrive.fr/image.ashx?id=2346648&use=l&cat=p&typeid=i","cat":284491},{"id":3142,"n":"Café et Chicorée Soluble Ricoré  Original - 100g","p":2.78,"u":"27,80 €/KG","img":"https://fd1-photos.leclercdrive.fr/image.ashx?id=2951542&use=l&cat=p&typeid=i","cat":284843},{"id":3144,"n":"Chocolat Tablette d'Or noir Extra 47% cacao 3x100g","p":2.77,"u":"9,23 €/KG","img":"https://fd1-photos.leclercdrive.fr/image.ashx?id=2982889&use=l&cat=p&typeid=i","cat":284956},{"id":3147,"n":"Madeleines P'tit déli coquilles 500g","p":1.78,"u":"3,56 €/KG","img":"https://fd1-photos.leclercdrive.fr/image.ashx?id=2999484&use=l&cat=p&typeid=i","cat":284492},{"id":3148,"n":"Madeleines longues P'tit déli Marbrées chocolat 250g","p":1.51,"u":"6,04 €/KG","img":"https://fd1-photos.leclercdrive.fr/image.ashx?id=2999490&use=l&cat=p&typeid=i","cat":284492},{"id":3151,"n":"Café moulu Plantation  Tradition - 250g","p":2.52,"u":"10,08 €/KG","img":"https://fd1-photos.leclercdrive.fr/image.ashx?id=2607401&use=l&cat=p&typeid=i","cat":284750},{"id":3152,"n":"Café Plantation  Kenya - 250g","p":3.92,"u":"15,68 €/KG","img":"https://fd1-photos.leclercdrive.fr/image.ashx?id=2607431&use=l&cat=p&typeid=i","cat":284750},{"id":3153,"n":"Café moulu Plantation  Tradition décaféiné - 250g","p":2.95,"u":"11,80 €/KG","img":"https://fd1-photos.leclercdrive.fr/image.ashx?id=2607407&use=l&cat=p&typeid=i","cat":284750},{"id":3158,"n":"Café moulu Plantation  doux - 2x250g","p":6.88,"u":"13,76 €/KG","img":"https://fd1-photos.leclercdrive.fr/image.ashx?id=2607428&use=l&cat=p&typeid=i","cat":284750},{"id":3166,"n":"Dessert fruitier pomme Douceur du Verger 16x100g","p":2.8,"u":"1,75 €/KG","img":"https://fd1-photos.leclercdrive.fr/image.ashx?id=2442689&use=l&cat=p&typeid=i","cat":284416},{"id":3169,"n":"Tortellini iTurini Ricotta épinard - 300g","p":1.48,"u":"4,93 €/KG","img":"https://fd1-photos.leclercdrive.fr/image.ashx?id=2869266&use=l&cat=p&typeid=i","cat":333682},{"id":3171,"n":"Tortellini Turini Jambon cru - 250g","p":1.96,"u":"7,84 €/KG","img":"https://fd1-photos.leclercdrive.fr/image.ashx?id=2778039&use=l&cat=p&typeid=i","cat":333682},{"id":3186,"n":"Liquide vaisselle Visior citron 1,5L","p":2.15,"u":"1,43 €/L","img":"https://fd1-photos.leclercdrive.fr/image.ashx?id=2930852&use=l&cat=p&typeid=i","cat":284655},{"id":3192,"n":"Détachant sans javel Textil 2L","p":3.19,"u":"1,60 €/L","img":"https://fd1-photos.leclercdrive.fr/image.ashx?id=2988036&use=l&cat=p&typeid=i","cat":284651},{"id":3193,"n":"Aérosol désodorisant Oust Fraîcheur propre 300ml","p":1.75,"u":"5,83 €/L","img":"https://fd1-photos.leclercdrive.fr/image.ashx?id=1715230&use=l&cat=p&typeid=i","cat":311626},{"id":3200,"n":"Petits pains grillés Epi d'Or  Froment - 225g","p":0.79,"u":"3,51 €/KG","img":"https://fd1-photos.leclercdrive.fr/image.ashx?id=2496410&use=l&cat=p&typeid=i","cat":284479},{"id":3208,"n":"Confiture Allégée aux Fraises Andros - 350g","p":1.71,"u":"4,89 €/KG","img":"https://fd1-photos.leclercdrive.fr/image.ashx?id=2911229&use=l&cat=p&typeid=i","cat":284480},{"id":3212,"n":"Farine pour pain Francine Multi-céréales - 1,5kg","p":2.54,"u":"1,69 €/KG","img":"https://fd1-photos.leclercdrive.fr/image.ashx?id=2220611&use=l&cat=p&typeid=i","cat":284503},{"id":3215,"n":"Riz long Comptoir du Grain Etuvé - 1kg","p":1.72,"u":"1,72 €/KG","img":"https://fd1-photos.leclercdrive.fr/image.ashx?id=2076640&use=l&cat=p&typeid=i","cat":284428},{"id":3217,"n":"Riz Basmati Comptoir du Grain Sélection Riz long - 500g","p":1.35,"u":"2,70 €/KG","img":"https://fd1-photos.leclercdrive.fr/image.ashx?id=2076643&use=l&cat=p&typeid=i","cat":284428},{"id":3220,"n":"Céréales Tipiak - Blé Maïs Soja Prêt en 4 min - 400g","p":1.6,"u":"4,00 €/KG","img":"https://fd1-photos.leclercdrive.fr/image.ashx?id=2989144&use=l&cat=p&typeid=i","cat":284429},{"id":3221,"n":"Purée pomme de terre Pom'lisse Nature - 8x125g - 1kg","p":3.19,"u":"3,19 €/KG","img":"https://fd1-photos.leclercdrive.fr/image.ashx?id=2954573&use=l&cat=p&typeid=i","cat":284431},{"id":3223,"n":"Pâtes capellini Panzani 500g","p":1.1,"u":"2,20 €/KG","img":"https://fd1-photos.leclercdrive.fr/image.ashx?id=2876038&use=l&cat=p&typeid=i","cat":284427},{"id":3224,"n":"Pâtes Barilla Spaghetti n°5 - 1kg","p":1.86,"u":"1,86 €/KG","img":"https://fd1-photos.leclercdrive.fr/image.ashx?id=2481182&use=l&cat=p&typeid=i","cat":284427},{"id":3225,"n":"Pâtes Lasagnes Panzani - 500G","p":1.78,"u":"3,56 €/KG","img":"https://fd1-photos.leclercdrive.fr/image.ashx?id=2896105&use=l&cat=p&typeid=i","cat":284427},{"id":3226,"n":"Pâtes cannelloni Panzani  A farcir - 250g","p":1.16,"u":"4,64 €/KG","img":"https://fd1-photos.leclercdrive.fr/image.ashx?id=2896108&use=l&cat=p&typeid=i","cat":284427},{"id":3233,"n":"Haricots verts Notre Jardin Extra fins - 220g","p":1.89,"u":"8,59 €/KG","img":"https://fd1-photos.leclercdrive.fr/image.ashx?id=2050621&use=l&cat=p&typeid=i","cat":312606},{"id":3239,"n":"Biscuit Petit beurre P'tit Déli Tablette chocolat noir - 150g","p":1.35,"u":"9,00 €/KG","img":"https://fd1-photos.leclercdrive.fr/image.ashx?id=2949170&use=l&cat=p&typeid=i","cat":284488},{"id":3253,"n":"Escargots Maître Coquille De Bourgogne x48 - 355g","p":12.99,"u":"36,59 €/KG","img":"https://fd1-photos.leclercdrive.fr/image.ashx?id=1979671&use=l&cat=p&typeid=i","cat":319775},{"id":3255,"n":"Bûche glacée Eskiss Fruits exotiques - 570g","p":4.15,"u":"7,28 €/KG","img":"https://fd1-photos.leclercdrive.fr/image.ashx?id=2791260&use=l&cat=p&typeid=i","cat":284266},{"id":3257,"n":"Bûche glacée Eskiss 3 chocolats - 536g","p":3.49,"u":"6,51 €/KG","img":"https://fd1-photos.leclercdrive.fr/image.ashx?id=2209711&use=l&cat=p&typeid=i","cat":284266},{"id":3258,"n":"Champignons Paris Notre Jardin Pieds et morceaux - 460g","p":2.29,"u":"4,98 €/KG","img":"https://fd1-photos.leclercdrive.fr/image.ashx?id=2553893&use=l&cat=p&typeid=i","cat":312610},{"id":3260,"n":"Noix de Saint Jacques NRT de la baie de St-Brieuc - 300g","p":14.99,"u":"49,97 €/KG","img":"https://fd1-photos.leclercdrive.fr/image.ashx?id=2699804&use=l&cat=p&typeid=i","cat":319787},{"id":3262,"n":"Carottes Notre Jardin Extra-fines - 530g","p":1.69,"u":"3,19 €/KG","img":"https://fd1-photos.leclercdrive.fr/image.ashx?id=1993550&use=l&cat=p&typeid=i","cat":312607},{"id":3263,"n":"Champignons Paris Notre Jardin Entiers - 460g","p":2.69,"u":"5,85 €/KG","img":"https://fd1-photos.leclercdrive.fr/image.ashx?id=2553887&use=l&cat=p&typeid=i","cat":312610},{"id":3269,"n":"Coeurs de palmiers Notre Jardin Extra tendres - 220g","p":2.27,"u":"10,32 €/KG","img":"https://fd1-photos.leclercdrive.fr/image.ashx?id=2072701&use=l&cat=p&typeid=i","cat":312611},{"id":3271,"n":"Maïs Notre Jardin Tendre - 3x140g","p":1.89,"u":"4,50 €/KG","img":"https://fd1-photos.leclercdrive.fr/image.ashx?id=2074653&use=l&cat=p&typeid=i","cat":312611},{"id":3272,"n":"Asperges blanches grosses Notre Jardin - 320g","p":3.49,"u":"10,91 €/KG","img":"https://fd1-photos.leclercdrive.fr/image.ashx?id=2049016&use=l&cat=p&typeid=i","cat":312611},{"id":3277,"n":"Chips à l'ancienne Pom'lisse Nature - 6x30g","p":1.57,"u":"8,72 €/KG","img":"https://fd1-photos.leclercdrive.fr/image.ashx?id=2657193&use=l&cat=p&typeid=i","cat":284447},{"id":3282,"n":"Moutarde Amora Mi-forte - 230g Divers coloris","p":1.94,"u":"8,43 €/KG","img":"https://fd1-photos.leclercdrive.fr/image.ashx?id=2504473&use=l&cat=p&typeid=i","cat":288850},{"id":3285,"n":"Vinaigre balsamique Rustica 50cl","p":1.57,"u":"3,14 €/L","img":"https://fd1-photos.leclercdrive.fr/image.ashx?id=2765701&use=l&cat=p&typeid=i","cat":298543},{"id":3292,"n":"Tomates pelées Notre Jardin Entières - 238g","p":0.85,"u":"3,57 €/KG","img":"https://fd1-photos.leclercdrive.fr/image.ashx?id=2190002&use=l&cat=p&typeid=i","cat":312608},{"id":3305,"n":"Sauce Provençale Turini 420g","p":0.97,"u":"2,31 €/KG","img":"https://fd1-photos.leclercdrive.fr/image.ashx?id=2047010&use=l&cat=p&typeid=i","cat":287599},{"id":3307,"n":"Cidre bouché Les Goelleries Normand brut 5.5%vol. - 75cl","p":1.79,"u":"2,39 €/L","img":"https://fd1-photos.leclercdrive.fr/image.ashx?id=2842196&use=l&cat=p&typeid=i","cat":334880},{"id":3310,"n":"Pur jus de pomme Bio Village Bio - 1L","p":1.49,"u":"1,49 €/L","img":"https://fd1-photos.leclercdrive.fr/image.ashx?id=2901527&use=l&cat=p&typeid=i","cat":284522},{"id":3311,"n":"Thé glacé Fresh Tea Pêche - 1,5L","p":1.19,"u":"0,79 €/L","img":"https://fd1-photos.leclercdrive.fr/image.ashx?id=2622242&use=l&cat=p&typeid=i","cat":295019},{"id":3316,"n":"Sirop Frucci Grenadine - 1L","p":2.76,"u":"2,76 €/L","img":"https://fd1-photos.leclercdrive.fr/image.ashx?id=2954073&use=l&cat=p&typeid=i","cat":295020},{"id":3320,"n":"Bonbons Werther's Original Mini 42g","p":1.92,"u":"45,71 €/KG","img":"https://fd1-photos.leclercdrive.fr/image.ashx?id=2660167&use=l&cat=p&typeid=i","cat":304252},{"id":3323,"n":"Dentifrice Sanogyl Soin gencives 75ml","p":2.62,"u":"34,93 €/L","img":"https://fd1-photos.leclercdrive.fr/image.ashx?id=2734018&use=l&cat=p&typeid=i","cat":284612},{"id":3325,"n":"Dentifrice Vademecum Fluor et plantes 75ml","p":1.58,"u":"21,07 €/L","img":"https://fd1-photos.leclercdrive.fr/image.ashx?id=2438228&use=l&cat=p&typeid=i","cat":284612},{"id":3338,"n":"Protège-slips Doulys Mince - Plié - x30","p":1.24,"u":"0,04 €/P","img":"https://fd1-photos.leclercdrive.fr/image.ashx?id=2824129&use=l&cat=p&typeid=i","cat":284625},{"id":3343,"n":"Vodka Poliakov 37.5%vol - 70cl","p":11.09,"u":"15,84 €/L","img":"https://fd1-photos.leclercdrive.fr/image.ashx?id=2810759&use=l&cat=p&typeid=i","cat":284550},{"id":3344,"n":"Nectar Jafaden Banane - 1L","p":2.09,"u":"2,09 €/L","img":"https://fd1-photos.leclercdrive.fr/image.ashx?id=2955701&use=l&cat=p&typeid=i","cat":284915},{"id":3345,"n":"Nectar Jafaden Poire - 1L","p":2.49,"u":"2,49 €/L","img":"https://fd1-photos.leclercdrive.fr/image.ashx?id=2955695&use=l&cat=p&typeid=i","cat":284915},{"id":3355,"n":"World Mix Haribo Sachet bonbons - 500g","p":2.94,"u":"5,88 €/KG","img":"https://fd1-photos.leclercdrive.fr/image.ashx?id=2805207&use=l&cat=p&typeid=i","cat":304250},{"id":3356,"n":"Banan's Haribo Sachet bonbons - 300g","p":1.57,"u":"5,23 €/KG","img":"https://fd1-photos.leclercdrive.fr/image.ashx?id=1739936&use=l&cat=p&typeid=i","cat":304250},{"id":3359,"n":"Compote Andros Pomme 750g","p":1.54,"u":"2,05 €/KG","img":"https://fd1-photos.leclercdrive.fr/image.ashx?id=2327716&use=l&cat=p&typeid=i","cat":284508},{"id":3361,"n":"Pâtée chats Gourmet gold Mousselines 4x85g","p":1.96,"u":"5,76 €/KG","img":"https://fd1-photos.leclercdrive.fr/image.ashx?id=2711103&use=l&cat=p&typeid=i","cat":285286},{"id":3364,"n":"Huile de douche Manava Bien être oriental 250ml","p":1.16,"u":"4,64 €/L","img":"https://fd1-photos.leclercdrive.fr/image.ashx?id=2809659&use=l&cat=p&typeid=i","cat":284594},{"id":3365,"n":"Gel douche et shampooing Carré Homme Dynamisante - 250ml","p":1.15,"u":"4,60 €/L","img":"https://fd1-photos.leclercdrive.fr/image.ashx?id=2910329&use=l&cat=p&typeid=i","cat":284619},{"id":3371,"n":"Kit Fajitas Tables du Monde 505g","p":2.79,"u":"5,52 €/KG","img":"https://fd1-photos.leclercdrive.fr/image.ashx?id=2679726&use=l&cat=p&typeid=i","cat":288993},{"id":3372,"n":"Terrines Tous Mes Amis Pour chats  3 saveurs - 3x400g","p":3.29,"u":"2,74 €/KG","img":"https://fd1-photos.leclercdrive.fr/image.ashx?id=2865050&use=l&cat=p&typeid=i","cat":285601},{"id":3373,"n":"Tortillas Tables du Monde Galettes de blé x8 320g","p":1.71,"u":"5,34 €/KG","img":"https://fd1-photos.leclercdrive.fr/image.ashx?id=2679729&use=l&cat=p&typeid=i","cat":288993},{"id":3375,"n":"Lingettes bébé Mots d'Enfants Toilettes fruits rouges - x60","p":1.7,"u":"0,03 €/P","img":"https://fd1-photos.leclercdrive.fr/image.ashx?id=2856465&use=l&cat=p&typeid=i","cat":284738},{"id":3376,"n":"Café moulu Bio Village Bio  Pérou - 250g","p":4.21,"u":"16,84 €/KG","img":"https://fd1-photos.leclercdrive.fr/image.ashx?id=2552436&use=l&cat=p&typeid=i","cat":284750},{"id":3393,"n":"Dentifrice Protection Signal Caries 100ml","p":1.19,"u":"11,90 €/L","img":"https://fd1-photos.leclercdrive.fr/image.ashx?id=2961810&use=l&cat=p&typeid=i","cat":284612},{"id":3395,"n":"Dentifrice Dentamyl Aux plantes 75ml","p":0.94,"u":"12,53 €/L","img":"https://fd1-photos.leclercdrive.fr/image.ashx?id=2489104&use=l&cat=p&typeid=i","cat":284612},{"id":3396,"n":"Dentifrice Dentamyl Haleine fraîche 75ml","p":0.76,"u":"10,13 €/L","img":"https://fd1-photos.leclercdrive.fr/image.ashx?id=2489101&use=l&cat=p&typeid=i","cat":284612},{"id":3401,"n":"Serviette hygiénique Doulys Maxi - Spécial nuit - x12","p":0.95,"u":"0,08 €/P","img":"https://fd1-photos.leclercdrive.fr/image.ashx?id=2838927&use=l&cat=p&typeid=i","cat":284624},{"id":3413,"n":"Asperges blanches Notre Jardin Pointes - 110g","p":2.35,"u":"21,36 €/KG","img":"https://fd1-photos.leclercdrive.fr/image.ashx?id=2049022&use=l&cat=p&typeid=i","cat":312611},{"id":3416,"n":"Ratatouille Notre Jardin A la provençale - 750g","p":1.29,"u":"1,72 €/KG","img":"https://fd1-photos.leclercdrive.fr/image.ashx?id=2526291&use=l&cat=p&typeid=i","cat":312612},{"id":3421,"n":"Huile Fruit d'Or végétale 1L","p":3.77,"u":"3,77 €/L","img":"https://fd1-photos.leclercdrive.fr/image.ashx?id=2916854&use=l&cat=p&typeid=i","cat":284453},{"id":3424,"n":"Plat moussaka Côté table 850g","p":4.63,"u":"5,45 €/KG","img":"https://fd1-photos.leclercdrive.fr/image.ashx?id=2045175&use=l&cat=p&typeid=i","cat":284254},{"id":3428,"n":"Feuilletés paniers Côté Table St Jacques Fruits de mer 4x100g","p":4.45,"u":"11,13 €/KG","img":"https://fd1-photos.leclercdrive.fr/image.ashx?id=2549379&use=l&cat=p&typeid=i","cat":319776},{"id":3429,"n":"Lasagnes bolognaises Côté table 1kg","p":3.49,"u":"3,49 €/KG","img":"https://fd1-photos.leclercdrive.fr/image.ashx?id=2545628&use=l&cat=p&typeid=i","cat":284254},{"id":3441,"n":"AOP Freixenet Cava Cordon Negro Brut - 75cl","p":5.7,"u":"7,60 €/L","img":"https://fd1-photos.leclercdrive.fr/image.ashx?id=3011929&use=l&cat=p&typeid=i","cat":289461},{"id":3455,"n":"Saumon et torsades Côté Table  Sauce à l'oseille - 300g","p":2.59,"u":"8,63 €/KG","img":"https://fd1-photos.leclercdrive.fr/image.ashx?id=2809075&use=l&cat=p&typeid=i","cat":284953},{"id":3459,"n":"Petit Pois et Carottes Cassegrain 465g","p":2.71,"u":"5,83 €/KG","img":"https://fd1-photos.leclercdrive.fr/image.ashx?id=2912971&use=l&cat=p&typeid=i","cat":312607},{"id":3462,"n":"Pain précuit Epi d'Or Demi-baguette x2 - 300g","p":0.65,"u":"2,17 €/KG","img":"https://fd1-photos.leclercdrive.fr/image.ashx?id=2684814&use=l&cat=p&typeid=i","cat":325069},{"id":3517,"n":"Bonbons Haribo Réglisse Carensac - 250g","p":1.88,"u":"7,52 €/KG","img":"https://fd1-photos.leclercdrive.fr/image.ashx?id=2982405&use=l&cat=p&typeid=i","cat":304250},{"id":3520,"n":"Boîtes chiens Lydog Terrines Viande volaille - 4x405g","p":3.48,"u":"2,15 €/KG","img":"https://fd1-photos.leclercdrive.fr/image.ashx?id=2815746&use=l&cat=p&typeid=i","cat":288578},{"id":3525,"n":"Crêpes fourrées P'tit déli Chocolat x8 - 256g","p":1.65,"u":"6,45 €/KG","img":"https://fd1-photos.leclercdrive.fr/image.ashx?id=2656335&use=l&cat=p&typeid=i","cat":284494},{"id":3549,"n":"IGP Pays d'Oc rosé J.P. Chenet 12.5% vol - 75cl","p":3.23,"u":"4,31 €/L","img":"https://fd1-photos.leclercdrive.fr/image.ashx?id=2985108&use=l&cat=p&typeid=i","cat":289558},{"id":3550,"n":"AOP Côtes de Provence rosé Billette Bouquet - 75cl","p":5.98,"u":"7,97 €/L","img":"https://fd1-photos.leclercdrive.fr/image.ashx?id=2625433&use=l&cat=p&typeid=i","cat":289558},{"id":3552,"n":"AOC Gewurtzraminer blanc  Cave de Turckheim blanc -37,5cl","p":5.45,"u":"14,53 €/L","img":"https://fd1-photos.leclercdrive.fr/image.ashx?id=1585837&use=l&cat=p&typeid=i","cat":289557},{"id":3558,"n":"IGP Pays d'Oc rouge J-P Chenet Cabernet-Syrah 13% vol - 75 cl","p":3.23,"u":"4,31 €/L","img":"https://fd1-photos.leclercdrive.fr/image.ashx?id=2810864&use=l&cat=p&typeid=i","cat":289556},{"id":3559,"n":"IGP Pays d'Oc rouge J-P Chenet Merlot HVE - 75 cl","p":3.23,"u":"4,31 €/L","img":"https://fd1-photos.leclercdrive.fr/image.ashx?id=2837157&use=l&cat=p&typeid=i","cat":289556},{"id":3564,"n":"Vin de l'Union Européenne  La Villageoise - 6x25cl","p":4.3,"u":"2,87 €/L","img":"https://fd1-photos.leclercdrive.fr/image.ashx?id=2731651&use=l&cat=p&typeid=i","cat":289557},{"id":3570,"n":"Concentré à diluer Pulco Citron - 70cl","p":2.23,"u":"3,19 €/L","img":"https://fd1-photos.leclercdrive.fr/image.ashx?id=2687845&use=l&cat=p&typeid=i","cat":295020},{"id":3571,"n":"Nectar Jafaden Abricot - 1L","p":2.59,"u":"2,59 €/L","img":"https://fd1-photos.leclercdrive.fr/image.ashx?id=2955713&use=l&cat=p&typeid=i","cat":284915},{"id":3575,"n":"Litière chats Tous mes Amis Végétale - 10L","p":4.39,"u":"0,44 €/L","img":"https://fd1-photos.leclercdrive.fr/image.ashx?id=2055217&use=l&cat=p&typeid=i","cat":284683},{"id":3576,"n":"Litière chats Tous mes Amis Minérale - Hygiénique - 10L","p":4.65,"u":"0,47 €/L","img":"https://fd1-photos.leclercdrive.fr/image.ashx?id=2055211&use=l&cat=p&typeid=i","cat":284683},{"id":3580,"n":"Le Haricot vert Cueilli Main Bonduelle Extra Fin 280g","p":2.58,"u":"9,21 €/KG","img":"https://fd1-photos.leclercdrive.fr/image.ashx?id=2910019&use=l&cat=p&typeid=i","cat":312606},{"id":3584,"n":"Macédoine de Légumes Bonduelle 530g","p":1.67,"u":"3,15 €/KG","img":"https://fd1-photos.leclercdrive.fr/image.ashx?id=2939235&use=l&cat=p&typeid=i","cat":312612},{"id":3587,"n":"AOP Bordeaux rouge Blaissac - 75cl","p":4.0,"u":"5,33 €/L","img":"https://fd1-photos.leclercdrive.fr/image.ashx?id=2917429&use=l&cat=p&typeid=i","cat":289556},{"id":3588,"n":"IGP Pays d'Oc rouge Roche Mazet Cabernet Sauvignon 12.5% 75cl","p":2.87,"u":"3,83 €/L","img":"https://fd1-photos.leclercdrive.fr/image.ashx?id=2333000&use=l&cat=p&typeid=i","cat":289556},{"id":3589,"n":"IGP Pays d'Oc rouge Roche Mazet Merlot - 75cl","p":2.91,"u":"3,88 €/L","img":"https://fd1-photos.leclercdrive.fr/image.ashx?id=2332997&use=l&cat=p&typeid=i","cat":289556},{"id":3590,"n":"IGP Pays d'Oc rosé Roche Mazet Cinsault Grenache 12% vol 75cl","p":2.91,"u":"3,88 €/L","img":"https://fd1-photos.leclercdrive.fr/image.ashx?id=2341510&use=l&cat=p&typeid=i","cat":289558},{"id":3593,"n":"Vin d'Italie rouge pétillant Vilaveroni Lambrusco- 75cl","p":3.8,"u":"5,07 €/L","img":"https://fd1-photos.leclercdrive.fr/image.ashx?id=2333021&use=l&cat=p&typeid=i","cat":289556},{"id":3599,"n":"IGP Pays d'Oc rosé Listel Grain De gris 12.5% vol - 75cl","p":3.5,"u":"4,67 €/L","img":"https://fd1-photos.leclercdrive.fr/image.ashx?id=2556135&use=l&cat=p&typeid=i","cat":289558},{"id":3600,"n":"Miel Lune de Miel Tartimiel 250g","p":2.25,"u":"9,00 €/KG","img":"https://fd1-photos.leclercdrive.fr/image.ashx?id=2662610&use=l&cat=p&typeid=i","cat":287643},{"id":3604,"n":"Allume-feu Silex cubes x28 200g","p":1.11,"u":"5,55 €/KG","img":"https://fd1-photos.leclercdrive.fr/image.ashx?id=2558781&use=l&cat=p&typeid=i","cat":300578},{"id":3609,"n":"Petit Pois Cassegrain Tendres et Fondants 495g","p":2.81,"u":"5,68 €/KG","img":"https://fd1-photos.leclercdrive.fr/image.ashx?id=2912962&use=l&cat=p&typeid=i","cat":312607},{"id":3610,"n":"Petits pois Notre Jardin A l'étuvée -Extra fins - 3x140g","p":1.57,"u":"3,74 €/KG","img":"https://fd1-photos.leclercdrive.fr/image.ashx?id=2537343&use=l&cat=p&typeid=i","cat":312607},{"id":3617,"n":"Galettes de riz bio Bio Village Complet x17 - 130g","p":0.91,"u":"7,00 €/KG","img":"https://fd1-photos.leclercdrive.fr/image.ashx?id=2816151&use=l&cat=p&typeid=i","cat":318651},{"id":3622,"n":"Alcool modifié Mercurochrome 90° - 100ml","p":3.44,"u":"34,40 €/L","img":"https://fd1-photos.leclercdrive.fr/image.ashx?id=2663977&use=l&cat=p&typeid=i","cat":284630},{"id":3627,"n":"AOP Vin rouge Turckheim Pinot noir - 75cl","p":7.45,"u":"9,93 €/L","img":"https://fd1-photos.leclercdrive.fr/image.ashx?id=1570246&use=l&cat=p&typeid=i","cat":289556},{"id":3630,"n":"Filets colin Alaska Pêche océan 4 tranches - MSC - 400g","p":2.49,"u":"6,23 €/KG","img":"https://fd1-photos.leclercdrive.fr/image.ashx?id=2930087&use=l&cat=p&typeid=i","cat":319786},{"id":3633,"n":"Colin d'Alaska Pêche Océan x10 tranches - MSC - 1kg","p":6.25,"u":"6,25 €/KG","img":"https://fd1-photos.leclercdrive.fr/image.ashx?id=2930096&use=l&cat=p&typeid=i","cat":319786},{"id":3640,"n":"Fromage Apéritif Apérivrais  Saveurs de Provence - 100g","p":2.08,"u":"20,80 €/KG","img":"https://fd1-photos.leclercdrive.fr/image.ashx?id=2885348&use=l&cat=p&typeid=i","cat":314027},{"id":3641,"n":"Fromage Apéritif Apérivrais  Saveurs d'Italie - 100g","p":2.08,"u":"20,80 €/KG","img":"https://fd1-photos.leclercdrive.fr/image.ashx?id=2944705&use=l&cat=p&typeid=i","cat":314027},{"id":3649,"n":"AOP Asti Vilaveroni 75cl","p":5.9,"u":"7,87 €/L","img":"https://fd1-photos.leclercdrive.fr/image.ashx?id=2337558&use=l&cat=p&typeid=i","cat":289461},{"id":3651,"n":"Vin du Portugal rosé Mateus - VSIG - 12% vol 75cl","p":5.25,"u":"7,00 €/L","img":"https://fd1-photos.leclercdrive.fr/image.ashx?id=2794619&use=l&cat=p&typeid=i","cat":289558},{"id":3660,"n":"Fromage tartiflette Les Croisés 27%mg 500g","p":3.89,"u":"7,78 €/KG","img":"https://fd1-photos.leclercdrive.fr/image.ashx?id=2791746&use=l&cat=p&typeid=i","cat":314037},{"id":3684,"n":"Eau gazeuse Rozana 6x1L","p":2.65,"u":"0,44 €/L","img":"https://fd1-photos.leclercdrive.fr/image.ashx?id=2870602&use=l&cat=p&typeid=i","cat":284536},{"id":3694,"n":"Pâtes Torti Legumes Panzani - 500G","p":1.29,"u":"2,58 €/KG","img":"https://fd1-photos.leclercdrive.fr/image.ashx?id=2876032&use=l&cat=p&typeid=i","cat":284427},{"id":3699,"n":"Café moulu Bio Village Bio Amérique latine - 250g","p":4.99,"u":"19,96 €/KG","img":"https://fd1-photos.leclercdrive.fr/image.ashx?id=2603713&use=l&cat=p&typeid=i","cat":284750},{"id":3712,"n":"Emincé poulet Côté Table Sauce curry - 300g","p":2.0,"u":"6,67 €/KG","img":"https://fd1-photos.leclercdrive.fr/image.ashx?id=2393857&use=l&cat=p&typeid=i","cat":284953},{"id":3713,"n":"Huile d'olive Rustica Vierge extra - 50cl","p":4.8,"u":"9,60 €/L","img":"https://fd1-photos.leclercdrive.fr/image.ashx?id=2898014&use=l&cat=p&typeid=i","cat":284453},{"id":3714,"n":"Serviette hygiénique Doulys Ultra minces - Normal - x16","p":1.03,"u":"0,06 €/P","img":"https://fd1-photos.leclercdrive.fr/image.ashx?id=2838924&use=l&cat=p&typeid=i","cat":284624},{"id":3716,"n":"Pizza cuite sur pierre Turini Royale - 400g","p":1.99,"u":"4,98 €/KG","img":"https://fd1-photos.leclercdrive.fr/image.ashx?id=2815205&use=l&cat=p&typeid=i","cat":284256},{"id":3719,"n":"Gomme Coiffante L'Oréal Paris Effet Remodelable - 150ml","p":3.49,"u":"23,27 €/L","img":"https://fd1-photos.leclercdrive.fr/image.ashx?id=2614194&use=l&cat=p&typeid=i","cat":284609},{"id":3741,"n":"Biscottes fourrées Cracotte LU  Fraise - 200g","p":1.68,"u":"8,40 €/KG","img":"https://fd1-photos.leclercdrive.fr/image.ashx?id=3004807&use=l&cat=p&typeid=i","cat":284479},{"id":3743,"n":"Mini brownie Brossard Chocolat pépites x8 - 240g","p":2.5,"u":"10,42 €/KG","img":"https://fd1-photos.leclercdrive.fr/image.ashx?id=2965100&use=l&cat=p&typeid=i","cat":294776},{"id":3748,"n":"Soufflés Grignot' Tokapi  Saveur Fromage - 90g","p":0.59,"u":"6,56 €/KG","img":"https://fd1-photos.leclercdrive.fr/image.ashx?id=1956625&use=l&cat=p&typeid=i","cat":284449},{"id":3754,"n":"Crackers Tuc Bacon - 100g","p":0.87,"u":"8,70 €/KG","img":"https://fd1-photos.leclercdrive.fr/image.ashx?id=3002198&use=l&cat=p&typeid=i","cat":297000},{"id":3755,"n":"Mini-flûtes feuilletées Tokapi Emmental - 100g","p":1.4,"u":"14,00 €/KG","img":"https://fd1-photos.leclercdrive.fr/image.ashx?id=2374652&use=l&cat=p&typeid=i","cat":297000},{"id":3758,"n":"Sachet repas chats Gourmet 4 variétés de filets - 4x85g","p":1.84,"u":"5,41 €/KG","img":"https://fd1-photos.leclercdrive.fr/image.ashx?id=2902274&use=l&cat=p&typeid=i","cat":285286},{"id":3759,"n":"Sachet repas chats Gourmet Filets en sachet - 4x85g","p":1.88,"u":"5,53 €/KG","img":"https://fd1-photos.leclercdrive.fr/image.ashx?id=2902337&use=l&cat=p&typeid=i","cat":285286},{"id":3773,"n":"Feuilletés paniers Côté Table Jambon fromage - 4x100g","p":2.15,"u":"5,38 €/KG","img":"https://fd1-photos.leclercdrive.fr/image.ashx?id=2549382&use=l&cat=p&typeid=i","cat":319776},{"id":3775,"n":"Feuilletés paniers Côté Table Fromage de chèvre - 4x100g","p":2.95,"u":"7,38 €/KG","img":"https://fd1-photos.leclercdrive.fr/image.ashx?id=2549385&use=l&cat=p&typeid=i","cat":319776},{"id":3777,"n":"Légumes couscous Notre jardin 1kg","p":1.99,"u":"1,99 €/KG","img":"https://fd1-photos.leclercdrive.fr/image.ashx?id=2900031&use=l&cat=p&typeid=i","cat":319823},{"id":3786,"n":"Poisson pané Pêche Océan MSC - x20 - 1kg","p":6.95,"u":"6,95 €/KG","img":"https://fd1-photos.leclercdrive.fr/image.ashx?id=1919342&use=l&cat=p&typeid=i","cat":319788},{"id":3794,"n":"Poisson pané Pêche Océan - MSC Colin d'alaska - x8 - 400g","p":2.78,"u":"6,95 €/KG","img":"https://fd1-photos.leclercdrive.fr/image.ashx?id=2176092&use=l&cat=p&typeid=i","cat":319788},{"id":3795,"n":"Poisson pané Pêche Océan Cabillaud - MSC - x8 400g","p":4.45,"u":"11,13 €/KG","img":"https://fd1-photos.leclercdrive.fr/image.ashx?id=2930093&use=l&cat=p&typeid=i","cat":319788},{"id":3796,"n":"Croquettes poisson Pêche Océan MSC - x6 - 300g","p":1.72,"u":"5,73 €/KG","img":"https://fd1-photos.leclercdrive.fr/image.ashx?id=2856157&use=l&cat=p&typeid=i","cat":319788},{"id":3797,"n":"Brandade morue Côté Table 1kg","p":3.99,"u":"3,99 €/KG","img":"https://fd1-photos.leclercdrive.fr/image.ashx?id=2047028&use=l&cat=p&typeid=i","cat":284254},{"id":3810,"n":"Epinards Notre Jardin Branches A la crème fraîche 1kg","p":2.98,"u":"2,98 €/KG","img":"https://fd1-photos.leclercdrive.fr/image.ashx?id=2873081&use=l&cat=p&typeid=i","cat":319805},{"id":3823,"n":"Wings poulet Maître coq nature 400g","p":4.81,"u":"12,03 €/KG","img":"https://fd1-photos.leclercdrive.fr/image.ashx?id=2101438&use=l&cat=p&typeid=i","cat":333685},{"id":3824,"n":"Sandwich triangle Daunat Jambon emmental - 160g","p":1.49,"u":"9,31 €/KG","img":"https://fd1-photos.leclercdrive.fr/image.ashx?id=2892694&use=l&cat=p&typeid=i","cat":333658},{"id":3827,"n":"Ailes poulet rôti mexicain Maître Coq - 1kg","p":7.1,"u":"7,10 €/KG","img":"https://fd1-photos.leclercdrive.fr/image.ashx?id=2094319&use=l&cat=p&typeid=i","cat":333685},{"id":3828,"n":"Pansements Mercurochrome Economiques x20","p":2.89,"img":"https://fd1-photos.leclercdrive.fr/image.ashx?id=2748269&use=l&cat=p&typeid=i","cat":284630},{"id":3844,"n":"Sirop érable Maple Joe Du Canada - 250g","p":3.89,"u":"15,56 €/KG","img":"https://fd1-photos.leclercdrive.fr/image.ashx?id=2656559&use=l&cat=p&typeid=i","cat":287643},{"id":3862,"n":"Cacahuètes grillées Tokapi Salées - 500g","p":1.44,"u":"2,88 €/KG","img":"https://fd1-photos.leclercdrive.fr/image.ashx?id=2795532&use=l&cat=p&typeid=i","cat":284448},{"id":3864,"n":"Jus multifruits Jafaden 12 fruits - 1L","p":1.32,"u":"1,32 €/L","img":"https://fd1-photos.leclercdrive.fr/image.ashx?id=2461387&use=l&cat=p&typeid=i","cat":284917},{"id":3871,"n":"Pain grillé Pelletier Blé complet - 500g","p":2.02,"u":"4,04 €/KG","img":"https://fd1-photos.leclercdrive.fr/image.ashx?id=2345376&use=l&cat=p&typeid=i","cat":284479},{"id":3873,"n":"Cuisses poulet fermier Loué Jaune x2 - 480g","p":5.51,"u":"11,48 €/KG","img":"https://fd1-photos.leclercdrive.fr/image.ashx?id=2250555&use=l&cat=p&typeid=i","cat":284336},{"id":3874,"n":"Filet Poulet Jaune LR X2  IGP Volailles du Maine  - 240g","p":6.29,"u":"26,21 €/KG","img":"https://fd1-photos.leclercdrive.fr/image.ashx?id=2250561&use=l&cat=p&typeid=i","cat":284336},{"id":3904,"n":"Viande bovine Charal3x steak*** À griller - 300g","p":7.32,"u":"24,40 €/KG","img":"https://fd1-photos.leclercdrive.fr/image.ashx?id=2485907&use=l&cat=p&typeid=i","cat":284328},{"id":3917,"n":"Viande Bovine Française Charal: Pavé aux 3 poivres x2 - 260g","p":6.33,"u":"24,35 €/KG","img":"https://fd1-photos.leclercdrive.fr/image.ashx?id=2311195&use=l&cat=p&typeid=i","cat":284328},{"id":3921,"n":"Carpaccio au Parmesan Charal - 230g","p":6.79,"u":"29,52 €/KG","img":"https://fd1-photos.leclercdrive.fr/image.ashx?id=2482174&use=l&cat=p&typeid=i","cat":284328},{"id":3944,"n":"Jus multifruits Jafaden Briquettes - 6x20cl","p":1.79,"u":"1,49 €/L","img":"https://fd1-photos.leclercdrive.fr/image.ashx?id=2751880&use=l&cat=p&typeid=i","cat":284524},{"id":3946,"n":"Pâtes Barilla Spaghettoni n°7 - 500g","p":0.98,"u":"1,96 €/KG","img":"https://fd1-photos.leclercdrive.fr/image.ashx?id=2392221&use=l&cat=p&typeid=i","cat":284427},{"id":3948,"n":"Haricots lingots Notre Jardin 500g","p":1.63,"u":"3,26 €/KG","img":"https://fd1-photos.leclercdrive.fr/image.ashx?id=2983775&use=l&cat=p&typeid=i","cat":284430},{"id":3951,"n":"Sucre vanillé Tablier blanc x10 75g","p":0.79,"u":"10,53 €/KG","img":"https://fd1-photos.leclercdrive.fr/image.ashx?id=2487431&use=l&cat=p&typeid=i","cat":294686},{"id":3952,"n":"Sucre Confisuc Saint Louis Spécial confiture - 1kg","p":2.47,"u":"2,47 €/KG","img":"https://fd1-photos.leclercdrive.fr/image.ashx?id=2019969&use=l&cat=p&typeid=i","cat":284502},{"id":3957,"n":"Thon blanc Petit Navire Au naturel - 93g","p":2.39,"u":"25,70 €/KG","img":"https://fd1-photos.leclercdrive.fr/image.ashx?id=2868329&use=l&cat=p&typeid=i","cat":303867},{"id":3960,"n":"Haricots Mungo  Notre Jardin 3x90g","p":1.99,"u":"7,37 €/KG","img":"https://fd1-photos.leclercdrive.fr/image.ashx?id=2174678&use=l&cat=p&typeid=i","cat":312611},{"id":3980,"n":"Sauce bolognaise Turini 680g","p":2.44,"u":"3,59 €/KG","img":"https://fd1-photos.leclercdrive.fr/image.ashx?id=2634863&use=l&cat=p&typeid=i","cat":287599},{"id":3981,"n":"Petits pois carottes Extra fins Notre Jardin - 3x130g","p":1.69,"u":"4,33 €/KG","img":"https://fd1-photos.leclercdrive.fr/image.ashx?id=2537346&use=l&cat=p&typeid=i","cat":312607},{"id":3983,"n":"Flageolets verts Notre Jardin Extra fins - 3x130g","p":1.99,"u":"5,10 €/KG","img":"https://fd1-photos.leclercdrive.fr/image.ashx?id=2537352&use=l&cat=p&typeid=i","cat":312606},{"id":3991,"n":"Tarte aux 3 fromages Côté Table - 400g","p":2.78,"u":"6,95 €/KG","img":"https://fd1-photos.leclercdrive.fr/image.ashx?id=2791707&use=l&cat=p&typeid=i","cat":284257},{"id":3998,"n":"Frites allumettes Pom'lisse Au four - 600g","p":1.27,"u":"2,12 €/KG","img":"https://fd1-photos.leclercdrive.fr/image.ashx?id=2699666&use=l&cat=p&typeid=i","cat":319791},{"id":4000,"n":"Quiche lorraine Côté Table Mini - 8x100g","p":6.5,"u":"8,13 €/KG","img":"https://fd1-photos.leclercdrive.fr/image.ashx?id=2869787&use=l&cat=p&typeid=i","cat":284257},{"id":4009,"n":"Printanière légumes Notre jardin 1kg","p":1.47,"u":"1,47 €/KG","img":"https://fd1-photos.leclercdrive.fr/image.ashx?id=2873033&use=l&cat=p&typeid=i","cat":319823},{"id":4022,"n":"Fricassée de poulet Côté table Riz et légumes 900g","p":6.51,"u":"7,23 €/KG","img":"https://fd1-photos.leclercdrive.fr/image.ashx?id=2549370&use=l&cat=p&typeid=i","cat":284254},{"id":4024,"n":"Sauce crudité Rustica Nature - 50cl","p":0.88,"u":"1,76 €/L","img":"https://fd1-photos.leclercdrive.fr/image.ashx?id=1972910&use=l&cat=p&typeid=i","cat":284456},{"id":4025,"n":"Pois chiches Notre Jardin 530g","p":1.19,"u":"2,25 €/KG","img":"https://fd1-photos.leclercdrive.fr/image.ashx?id=2988006&use=l&cat=p&typeid=i","cat":312609},{"id":4026,"n":"Cuisses poulet rôti Le gaulois x2 - 350g","p":4.51,"u":"12,89 €/KG","img":"https://fd1-photos.leclercdrive.fr/image.ashx?id=2277122&use=l&cat=p&typeid=i","cat":284336},{"id":4028,"n":"Filets poulet rôti Le gaulois 230g","p":4.8,"u":"20,87 €/KG","img":"https://fd1-photos.leclercdrive.fr/image.ashx?id=2686879&use=l&cat=p&typeid=i","cat":284336},{"id":4063,"n":"Cidre bouché Les Goelleries Normand doux 2%vol. - 75cl","p":1.79,"u":"2,39 €/L","img":"https://fd1-photos.leclercdrive.fr/image.ashx?id=2842202&use=l&cat=p&typeid=i","cat":334880},{"id":4101,"n":"Pâtes coquillettes Panzani 1kg","p":1.74,"u":"1,74 €/KG","img":"https://fd1-photos.leclercdrive.fr/image.ashx?id=2873823&use=l&cat=p&typeid=i","cat":284427},{"id":4103,"n":"Compotes Andros Pomme Fraise - 8x100g","p":2.87,"u":"3,59 €/KG","img":"https://fd1-photos.leclercdrive.fr/image.ashx?id=2883940&use=l&cat=p&typeid=i","cat":284416},{"id":4120,"n":"Bouchées chocolatées Mon Chéri Liqueur cerise x16 - 168g","p":5.77,"u":"34,35 €/KG","img":"https://fd1-photos.leclercdrive.fr/image.ashx?id=2964018&use=l&cat=p&typeid=i","cat":327601},{"id":4141,"n":"Infusion Tiséa réglisse menthe x25","p":0.9,"u":"22,50 €/KG","img":"https://fd1-photos.leclercdrive.fr/image.ashx?id=2553908&use=l&cat=p&typeid=i","cat":293234},{"id":4249,"n":"Crème glacée Eskiss Chocolat noir - 494g","p":2.35,"u":"4,76 €/KG","img":"https://fd1-photos.leclercdrive.fr/image.ashx?id=2698162&use=l&cat=p&typeid=i","cat":284263},{"id":4250,"n":"Crème glacée Eskiss Café - 494g","p":2.14,"u":"4,33 €/KG","img":"https://fd1-photos.leclercdrive.fr/image.ashx?id=3002545&use=l&cat=p&typeid=i","cat":284263},{"id":4255,"n":"Crème glacée Eskiss Rhum raisin - 494g","p":2.45,"u":"4,96 €/KG","img":"https://fd1-photos.leclercdrive.fr/image.ashx?id=2982589&use=l&cat=p&typeid=i","cat":284263},{"id":4260,"n":"Biscuits sablés P'tit Déli Chocolat au lait - 200g","p":1.19,"u":"5,95 €/KG","img":"https://fd1-photos.leclercdrive.fr/image.ashx?id=2768457&use=l&cat=p&typeid=i","cat":284488},{"id":4262,"n":"Thon en tranche  Pêche Océan Naturel - 140g","p":2.05,"u":"14,64 €/KG","img":"https://fd1-photos.leclercdrive.fr/image.ashx?id=2941390&use=l&cat=p&typeid=i","cat":303867},{"id":4290,"n":"Marrons entiers Notre Jardin - 510g","p":5.19,"u":"10,18 €/KG","img":"https://fd1-photos.leclercdrive.fr/image.ashx?id=2190014&use=l&cat=p&typeid=i","cat":312612},{"id":4324,"n":"Collants Well Elastivoile Satiné noir T2","p":4.45,"img":"https://fd1-photos.leclercdrive.fr/image.ashx?id=2056395&use=l&cat=p&typeid=i","cat":334130},{"id":4367,"n":"Papier toilette Uni Vert Compact écologique - x4","p":3.29,"u":"0,82 €/P","img":"https://fd1-photos.leclercdrive.fr/image.ashx?id=1957072&use=l&cat=p&typeid=i","cat":284634},{"id":4369,"n":"Gel wc menthe pin Uni Vert 750ml","p":1.62,"u":"2,16 €/L","img":"https://fd1-photos.leclercdrive.fr/image.ashx?id=2965446&use=l&cat=p&typeid=i","cat":284662},{"id":4381,"n":"Safran poudre Rustica 3 doses de 0,1g","p":2.96,"img":"https://fd1-photos.leclercdrive.fr/image.ashx?id=2870014&use=l&cat=p&typeid=i","cat":298297},{"id":4407,"n":"Biscuits duo glacier P'tit Déli 100g","p":1.25,"u":"12,50 €/KG","img":"https://fd1-photos.leclercdrive.fr/image.ashx?id=2517766&use=l&cat=p&typeid=i","cat":284487},{"id":4409,"n":"Saucisses volaille le Gaulois x6 - 300g","p":3.17,"u":"10,57 €/KG","img":"https://fd1-photos.leclercdrive.fr/image.ashx?id=2286762&use=l&cat=p&typeid=i","cat":284716},{"id":4412,"n":"Boisson énergisante Red Bull 250ml","p":1.08,"u":"4,32 €/L","img":"https://fd1-photos.leclercdrive.fr/image.ashx?id=2340300&use=l&cat=p&typeid=i","cat":284533},{"id":4425,"n":"Sauce aux 3 poivres Charal 2 personnes - 120g","p":1.97,"u":"16,42 €/KG","img":"https://fd1-photos.leclercdrive.fr/image.ashx?id=2105014&use=l&cat=p&typeid=i","cat":284382},{"id":4431,"n":"Plumeaux Clair jetables Avec poignée x5","p":3.03,"img":"https://fd1-photos.leclercdrive.fr/image.ashx?id=2832924&use=l&cat=p&typeid=i","cat":325364},{"id":4458,"n":"Pâtes cheveux d'anges Panzani 500g","p":1.2,"u":"2,40 €/KG","img":"https://fd1-photos.leclercdrive.fr/image.ashx?id=2896069&use=l&cat=p&typeid=i","cat":284427},{"id":4497,"n":"Gomme Esquisse Caoutchouc","p":0.5,"img":"https://fd1-photos.leclercdrive.fr/image.ashx?id=2943211&use=l&cat=p&typeid=i","cat":334133},{"id":4499,"n":"Surligneur Esquisse 4 couleurs fluos - x4","p":1.99,"img":"https://fd1-photos.leclercdrive.fr/image.ashx?id=2943208&use=l&cat=p&typeid=i","cat":284696},{"id":4500,"n":"Effaceurs réécriveurs Esquisse x4","p":1.49,"u":"0,37 €/P","img":"https://fd1-photos.leclercdrive.fr/image.ashx?id=1678411&use=l&cat=p&typeid=i","cat":334133},{"id":4507,"n":"Enveloppes adhésives Eco+ 11x22cm 70g - x100","p":1.73,"u":"0,02 €/P","img":"https://fd1-photos.leclercdrive.fr/image.ashx?id=1699666&use=l&cat=p&typeid=i","cat":284697},{"id":4511,"n":"Pochettes perforées Eco+ 21x29.7cm - x100","p":1.14,"u":"0,01 €/P","img":"https://fd1-photos.leclercdrive.fr/image.ashx?id=2943124&use=l&cat=p&typeid=i","cat":284745},{"id":4512,"n":"Pur jus orange Jafaden Sans pulpe - 1L","p":2.43,"u":"2,43 €/L","img":"https://fd1-photos.leclercdrive.fr/image.ashx?id=2916668&use=l&cat=p&typeid=i","cat":285435},{"id":4515,"n":"Pansements Primoplast Pré-découpés x100","p":2.97,"img":"https://fd1-photos.leclercdrive.fr/image.ashx?id=2856459&use=l&cat=p&typeid=i","cat":284630},{"id":4518,"n":"Pomme de terre de consommation N.Jardin entières, épluch. 500g","p":1.35,"u":"2,70 €/KG","img":"https://fd1-photos.leclercdrive.fr/image.ashx?id=2670326&use=l&cat=p&typeid=i","cat":284352},{"id":4519,"n":"Bande à découper Primoplast Multi-usages - 10x6cm","p":0.79,"img":"https://fd1-photos.leclercdrive.fr/image.ashx?id=2885560&use=l&cat=p&typeid=i","cat":284630},{"id":4524,"n":"Filtre café Eco+ N°4 - x100","p":1.0,"u":"0,01 €/P","img":"https://fd1-photos.leclercdrive.fr/image.ashx?id=2756986&use=l&cat=p&typeid=i","cat":284751},{"id":4538,"n":"Crème pieds Scholl Réparatrice - 75ml","p":3.7,"u":"49,33 €/L","img":"https://fd1-photos.leclercdrive.fr/image.ashx?id=3011803&use=l&cat=p&typeid=i","cat":325354},{"id":4569,"n":"Coq'ailes Maître Coq Mexicain - 250g","p":3.28,"u":"13,12 €/KG","img":"https://fd1-photos.leclercdrive.fr/image.ashx?id=2432034&use=l&cat=p&typeid=i","cat":333685},{"id":4570,"n":"Coq'ailes Maître coq Nature - 250g","p":3.17,"u":"12,68 €/KG","img":"https://fd1-photos.leclercdrive.fr/image.ashx?id=2412591&use=l&cat=p&typeid=i","cat":333685},{"id":4583,"n":"Sucre vanillé Vahiné Madagascar - 5x7,5g","p":1.82,"u":"47,89 €/KG","img":"https://fd1-photos.leclercdrive.fr/image.ashx?id=2489190&use=l&cat=p&typeid=i","cat":294686},{"id":4594,"n":"Baguette de campagne 250g","p":1.1,"u":"4,40 €/KG","img":"https://fd1-photos.leclercdrive.fr/image.ashx?id=2062915&use=l&cat=p&typeid=i","cat":284359},{"id":4621,"n":"Epis de maïs précuits Lunor 400g","p":1.98,"u":"4,95 €/KG","img":"https://fd1-photos.leclercdrive.fr/image.ashx?id=1876658&use=l&cat=p&typeid=i","cat":284352},{"id":4624,"n":"Dattes Couleurs Vives 500g","p":2.75,"u":"5,50 €/KG","img":"https://fd1-photos.leclercdrive.fr/image.ashx?id=2542926&use=l&cat=p&typeid=i","cat":284357},{"id":4625,"n":"Arachides coques Couleurs Vives Grillées - 500g","p":2.34,"u":"4,68 €/KG","img":"https://fd1-photos.leclercdrive.fr/image.ashx?id=2886439&use=l&cat=p&typeid=i","cat":284448},{"id":4626,"n":"Vinaigrette Rustica Nature - 50cl","p":0.88,"u":"1,76 €/L","img":"https://fd1-photos.leclercdrive.fr/image.ashx?id=1972898&use=l&cat=p&typeid=i","cat":284456},{"id":4627,"n":"Vinaigre de Xérès Rustica 50cl","p":1.99,"u":"3,98 €/L","img":"https://fd1-photos.leclercdrive.fr/image.ashx?id=2603581&use=l&cat=p&typeid=i","cat":298543},{"id":4628,"n":"Moutarde de Dijon Rustica  Fine et forte - 440g","p":1.13,"u":"2,57 €/KG","img":"https://fd1-photos.leclercdrive.fr/image.ashx?id=2954340&use=l&cat=p&typeid=i","cat":288850},{"id":4629,"n":"Moutarde à l'ancienne Rustica Vinaigre - 350g","p":1.12,"u":"3,20 €/KG","img":"https://fd1-photos.leclercdrive.fr/image.ashx?id=2055467&use=l&cat=p&typeid=i","cat":288850},{"id":4630,"n":"Pâté piment d'Espelette NRT Label Rouge - 180g","p":2.39,"u":"13,28 €/KG","img":"https://fd1-photos.leclercdrive.fr/image.ashx?id=2991485&use=l&cat=p&typeid=i","cat":305149},{"id":4631,"n":"Confit foie volaille Côté Table Au porto - 180g","p":1.45,"u":"8,06 €/KG","img":"https://fd1-photos.leclercdrive.fr/image.ashx?id=1960008&use=l&cat=p&typeid=i","cat":305149},{"id":4640,"n":"Petits pois carottes Notre Jard Extra fins - 420g","p":1.35,"u":"3,21 €/KG","img":"https://fd1-photos.leclercdrive.fr/image.ashx?id=2987943&use=l&cat=p&typeid=i","cat":312607},{"id":4641,"n":"Croquettes chaton Purina One Junior - Poulet/Céréales - 450g","p":2.64,"u":"5,87 €/KG","img":"https://fd1-photos.leclercdrive.fr/image.ashx?id=2499883&use=l&cat=p&typeid=i","cat":284680},{"id":4679,"n":"Gel WC nettoyant Syphon Javel eucalyptus - 750ml","p":0.87,"u":"1,16 €/L","img":"https://fd1-photos.leclercdrive.fr/image.ashx?id=2663359&use=l&cat=p&typeid=i","cat":284662},{"id":4682,"n":"Petits pois Notre Jardin A l'étuvée - Extra fins - 445g","p":1.28,"u":"2,88 €/KG","img":"https://fd1-photos.leclercdrive.fr/image.ashx?id=2987940&use=l&cat=p&typeid=i","cat":312607},{"id":4688,"n":"Pâtes Blé complet Barilla Penne Rigate Integrale - 500g","p":1.21,"u":"2,42 €/KG","img":"https://fd1-photos.leclercdrive.fr/image.ashx?id=2986954&use=l&cat=p&typeid=i","cat":284427},{"id":4727,"n":"Chocolat au lait Tablette d'Or Raisins secs & Noisettes - 200g","p":2.19,"u":"10,95 €/KG","img":"https://fd1-photos.leclercdrive.fr/image.ashx?id=2578629&use=l&cat=p&typeid=i","cat":284497},{"id":4766,"n":"Gazpacho Notre Jardin 1L","p":2.54,"u":"2,54 €/L","img":"https://fd1-photos.leclercdrive.fr/image.ashx?id=2794832&use=l&cat=p&typeid=i","cat":284355},{"id":4770,"n":"Betterave épluchée Allaire Entière 2x500g","p":1.84,"u":"1,84 €/KG","img":"https://fd1-photos.leclercdrive.fr/image.ashx?id=2425724&use=l&cat=p&typeid=i","cat":284352},{"id":4844,"n":"Pochettes perforées Esquisse x50","p":1.69,"img":"https://fd1-photos.leclercdrive.fr/image.ashx?id=2943157&use=l&cat=p&typeid=i","cat":284745},{"id":4852,"n":"Thon blanc Petit Navire Au naturel - 140g","p":3.44,"u":"24,57 €/KG","img":"https://fd1-photos.leclercdrive.fr/image.ashx?id=2570996&use=l&cat=p&typeid=i","cat":303867},{"id":4863,"n":"Tampons Doulys Digitaux Normal - x24","p":1.24,"u":"0,05 €/P","img":"https://fd1-photos.leclercdrive.fr/image.ashx?id=2965401&use=l&cat=p&typeid=i","cat":284626},{"id":4876,"n":"Petits pots bébé NATURNES Carottes 4M+ - 2x130g","p":1.01,"u":"3,88 €/KG","img":"https://fd1-photos.leclercdrive.fr/image.ashx?id=2522398&use=l&cat=p&typeid=i","cat":312234},{"id":4877,"n":"Petits pots bébé NATURNES Haricots Verts 4M+ - 2x130g","p":1.05,"u":"4,04 €/KG","img":"https://fd1-photos.leclercdrive.fr/image.ashx?id=2522401&use=l&cat=p&typeid=i","cat":312234},{"id":4879,"n":"Petits pots bébé NATURNES Courgettes 4M+ - 2x130g","p":0.99,"u":"3,81 €/KG","img":"https://fd1-photos.leclercdrive.fr/image.ashx?id=2532249&use=l&cat=p&typeid=i","cat":312234},{"id":4881,"n":"Petits pots bébé NATURNES Potiron 4M+ - 2x130g","p":1.03,"u":"3,96 €/KG","img":"https://fd1-photos.leclercdrive.fr/image.ashx?id=2532252&use=l&cat=p&typeid=i","cat":312234},{"id":4905,"n":"Purée de fruit NATURNES Pomme banane 4M+ - 4x130g","p":2.18,"u":"4,19 €/KG","img":"https://fd1-photos.leclercdrive.fr/image.ashx?id=2599937&use=l&cat=p&typeid=i","cat":312387},{"id":4906,"n":"Purée de fruit NATURNES Pommes Poires 4M+ - 4x130g","p":2.2,"u":"4,23 €/KG","img":"https://fd1-photos.leclercdrive.fr/image.ashx?id=2672551&use=l&cat=p&typeid=i","cat":312387},{"id":4909,"n":"Purée de fruit NATURNES Fruits du soleil 8M+ - 4x130g","p":2.19,"u":"4,21 €/KG","img":"https://fd1-photos.leclercdrive.fr/image.ashx?id=2629647&use=l&cat=p&typeid=i","cat":312388},{"id":4910,"n":"Purée de fruit NATURNES 6M+ Pomme Fraise Myrtilles - 4x130g","p":2.2,"u":"4,23 €/KG","img":"https://fd1-photos.leclercdrive.fr/image.ashx?id=2478399&use=l&cat=p&typeid=i","cat":312388},{"id":4949,"n":"Mouche bébé ergonomiqueTigex 0-24 mois embout en silicone x1","p":7.1,"img":"https://fd1-photos.leclercdrive.fr/image.ashx?id=2689838&use=l&cat=p&typeid=i","cat":289435},{"id":4957,"n":"Cuillère douce silicone Tigex Vert taille unique - 1 pièce","p":4.05,"img":"https://fd1-photos.leclercdrive.fr/image.ashx?id=1971299&use=l&cat=p&typeid=i","cat":289435},{"id":4958,"n":"Eponges bébé Tigex 0-6 mois - x2","p":4.9,"u":"2,45 €/P","img":"https://fd1-photos.leclercdrive.fr/image.ashx?id=2164300&use=l&cat=p&typeid=i","cat":289435},{"id":4971,"n":"Fromage Spécialité Port Salut - 320g","p":2.79,"u":"8,72 €/KG","img":"https://fd1-photos.leclercdrive.fr/image.ashx?id=2143762&use=l&cat=p&typeid=i","cat":329184},{"id":4988,"n":"Beurre Moulé Paysan Breton Doux - 82%MG - 500g","p":6.44,"u":"12,88 €/KG","img":"https://fd1-photos.leclercdrive.fr/image.ashx?id=2774496&use=l&cat=p&typeid=i","cat":284379},{"id":4997,"n":"Gésiers de volaille Le Gaulois 300g","p":3.38,"u":"11,27 €/KG","img":"https://fd1-photos.leclercdrive.fr/image.ashx?id=2732722&use=l&cat=p&typeid=i","cat":284715},{"id":5000,"n":"Frites de poulet Le Gaulois Panées France - 200g","p":2.49,"u":"12,45 €/KG","img":"https://fd1-photos.leclercdrive.fr/image.ashx?id=2261657&use=l&cat=p&typeid=i","cat":333684},{"id":5015,"n":"Yaourts Les Zaros Délisse Fruits panachés - 16x125g","p":2.48,"u":"1,24 €/KG","img":"https://fd1-photos.leclercdrive.fr/image.ashx?id=2970444&use=l&cat=p&typeid=i","cat":284414},{"id":5016,"n":"Yaourts nature Déli'light 0% MG - 12x125g","p":1.91,"u":"1,27 €/KG","img":"https://fd1-photos.leclercdrive.fr/image.ashx?id=2922482&use=l&cat=p&typeid=i","cat":315000},{"id":5017,"n":"Betterave rouge Notre Jardin Entière cuite sous vide - 500g","p":0.71,"u":"1,42 €/KG","img":"https://fd1-photos.leclercdrive.fr/image.ashx?id=2885116&use=l&cat=p&typeid=i","cat":284352},{"id":5018,"n":"Yaourts Délisse Nature - 4x125g","p":0.65,"u":"1,30 €/KG","img":"https://fd1-photos.leclercdrive.fr/image.ashx?id=3003052&use=l&cat=p&typeid=i","cat":284409},{"id":5021,"n":"Crottin de chèvre Les Croisés 23%mg - 2x60g","p":1.78,"u":"14,83 €/KG","img":"https://fd1-photos.leclercdrive.fr/image.ashx?id=2891878&use=l&cat=p&typeid=i","cat":314031},{"id":5023,"n":"Salade composée Notre Jardin Mélée gourmande - 200g","p":0.99,"u":"4,95 €/KG","img":"https://fd1-photos.leclercdrive.fr/image.ashx?id=2720145&use=l&cat=p&typeid=i","cat":284353},{"id":5024,"n":"Viande des grisons Saint Azay 10 tranches - 80g","p":4.09,"u":"51,13 €/KG","img":"https://fd1-photos.leclercdrive.fr/image.ashx?id=2848490&use=l&cat=p&typeid=i","cat":316007},{"id":5025,"n":"Salade Notre Jardin Jeunes pousses - 125g","p":1.49,"u":"11,92 €/KG","img":"https://fd1-photos.leclercdrive.fr/image.ashx?id=2655601&use=l&cat=p&typeid=i","cat":284353},{"id":5026,"n":"Ravioli Turini Boeuf aux oignons - 300g","p":1.53,"u":"5,10 €/KG","img":"https://fd1-photos.leclercdrive.fr/image.ashx?id=2778036&use=l&cat=p&typeid=i","cat":333682},{"id":5031,"n":"Petits chèvres doux Les Croisés 200g","p":2.02,"u":"10,10 €/KG","img":"https://fd1-photos.leclercdrive.fr/image.ashx?id=2927179&use=l&cat=p&typeid=i","cat":314031},{"id":5041,"n":"Fromage blanc Déli'light Nature 0% MG - 1kg","p":1.79,"u":"1,79 €/KG","img":"https://fd1-photos.leclercdrive.fr/image.ashx?id=2834238&use=l&cat=p&typeid=i","cat":315000},{"id":5044,"n":"Fromage à tartiner Les Croisés  Ail et fines herbes 25%mg 150g","p":1.29,"u":"8,60 €/KG","img":"https://fd1-photos.leclercdrive.fr/image.ashx?id=2476122&use=l&cat=p&typeid=i","cat":314029},{"id":5045,"n":"Riz au lait Délisse Vanille - 8x115g","p":2.08,"u":"2,26 €/KG","img":"https://fd1-photos.leclercdrive.fr/image.ashx?id=2489116&use=l&cat=p&typeid=i","cat":284418},{"id":5046,"n":"Roquefort NRT AOP  Fromage de brebis -150g","p":2.99,"u":"19,93 €/KG","img":"https://fd1-photos.leclercdrive.fr/image.ashx?id=2771046&use=l&cat=p&typeid=i","cat":314032},{"id":5047,"n":"Gratte éponge Spontex Sans rinçage x3","p":1.38,"u":"0,46 €/P","img":"https://fd1-photos.leclercdrive.fr/image.ashx?id=2975783&use=l&cat=p&typeid=i","cat":284667},{"id":5050,"n":"Sucre de canne Canadou 70cl","p":2.69,"u":"3,84 €/L","img":"https://fd1-photos.leclercdrive.fr/image.ashx?id=2534587&use=l&cat=p&typeid=i","cat":284551},{"id":5054,"n":"Olives Vertes Dénoyautées  100g","p":0.91,"u":"9,10 €/KG","img":"https://fd1-photos.leclercdrive.fr/image.ashx?id=2923432&use=l&cat=p&typeid=i","cat":284450},{"id":5066,"n":"Amandes décortiquées Sun Apéro 500g","p":7.23,"u":"14,46 €/KG","img":"https://fd1-photos.leclercdrive.fr/image.ashx?id=2692164&use=l&cat=p&typeid=i","cat":284357},{"id":5070,"n":"Whisky Jack Daniel's Old N°7 70cL","p":20.79,"u":"29,70 €/L","img":"https://fd1-photos.leclercdrive.fr/image.ashx?id=2789763&use=l&cat=p&typeid=i","cat":284547},{"id":5073,"n":"Muscat Olympio Samos 75cl","p":4.52,"u":"6,03 €/L","img":"https://fd1-photos.leclercdrive.fr/image.ashx?id=2504077&use=l&cat=p&typeid=i","cat":284913},{"id":5078,"n":"Sucres morceaux Béghin Say n°4 1kg","p":1.87,"u":"1,87 €/KG","img":"https://fd1-photos.leclercdrive.fr/image.ashx?id=2860172&use=l&cat=p&typeid=i","cat":284502},{"id":5080,"n":"Sucre poudre Béghin Say Etui 1kg","p":1.79,"u":"1,79 €/KG","img":"https://fd1-photos.leclercdrive.fr/image.ashx?id=2866346&use=l&cat=p&typeid=i","cat":284502},{"id":5081,"n":"Sucre poudre Béghin Say 1kg","p":1.75,"u":"1,75 €/KG","img":"https://fd1-photos.leclercdrive.fr/image.ashx?id=2866349&use=l&cat=p&typeid=i","cat":284502},{"id":5082,"n":"Sucre blanc Beghin Say Spécial confiture - 1kg","p":3.03,"u":"3,03 €/KG","img":"https://fd1-photos.leclercdrive.fr/image.ashx?id=2666761&use=l&cat=p&typeid=i","cat":284502},{"id":5083,"n":"Sucre canne Blonvilliers Béghin Say morceaux 1kg","p":2.55,"u":"2,55 €/KG","img":"https://fd1-photos.leclercdrive.fr/image.ashx?id=2962281&use=l&cat=p&typeid=i","cat":284502},{"id":5090,"n":"Pepites de chocolat noir Vahiné - 100g","p":1.79,"u":"17,90 €/KG","img":"https://fd1-photos.leclercdrive.fr/image.ashx?id=2529282&use=l&cat=p&typeid=i","cat":284504},{"id":5098,"n":"Colle Super Glue 3 Loctite Power gel - 3g","p":3.18,"img":"https://fd1-photos.leclercdrive.fr/image.ashx?id=2020278&use=l&cat=p&typeid=i","cat":300576},{"id":5102,"n":"Cacahuètes Maître Prunille Chouchou sucrées - 500g","p":4.49,"u":"8,98 €/KG","img":"https://fd1-photos.leclercdrive.fr/image.ashx?id=2234018&use=l&cat=p&typeid=i","cat":284357},{"id":5103,"n":"Biscuits Maître Prunille Japonais - 250g","p":3.9,"u":"15,60 €/KG","img":"https://fd1-photos.leclercdrive.fr/image.ashx?id=2234021&use=l&cat=p&typeid=i","cat":316002},{"id":5107,"n":"Huile d'arachide Rustica  1L","p":3.55,"u":"3,55 €/L","img":"https://fd1-photos.leclercdrive.fr/image.ashx?id=3002509&use=l&cat=p&typeid=i","cat":284453},{"id":5110,"n":"Pâtes Coquillettes Turini  1kg","p":1.32,"u":"1,32 €/KG","img":"https://fd1-photos.leclercdrive.fr/image.ashx?id=2980438&use=l&cat=p&typeid=i","cat":284427},{"id":5111,"n":"Couscous Comptoir du grain Grain fin - 500g","p":1.27,"u":"2,54 €/KG","img":"https://fd1-photos.leclercdrive.fr/image.ashx?id=3012806&use=l&cat=p&typeid=i","cat":284429},{"id":5112,"n":"Chocolat blanc Tablette d'Or Blanc - 2x100g","p":2.23,"u":"11,15 €/KG","img":"https://fd1-photos.leclercdrive.fr/image.ashx?id=2790880&use=l&cat=p&typeid=i","cat":284957},{"id":5114,"n":"Filet de harengs Pêche Océan MSC - Au naturel - 200g","p":1.75,"u":"8,75 €/KG","img":"https://fd1-photos.leclercdrive.fr/image.ashx?id=2313513&use=l&cat=p&typeid=i","cat":285190},{"id":5115,"n":"Biscuits Croustillants Tokapi Bacon-  85g","p":0.99,"u":"11,65 €/KG","img":"https://fd1-photos.leclercdrive.fr/image.ashx?id=2632837&use=l&cat=p&typeid=i","cat":297000},{"id":5116,"n":"Crème de pêche Auguste Muniot 15%vol. - 50cl","p":4.99,"u":"9,98 €/L","img":"https://fd1-photos.leclercdrive.fr/image.ashx?id=2753360&use=l&cat=p&typeid=i","cat":286032},{"id":5117,"n":"Café soluble Plantation Qualité filtre - 200g","p":4.41,"u":"22,05 €/KG","img":"https://fd1-photos.leclercdrive.fr/image.ashx?id=2834269&use=l&cat=p&typeid=i","cat":284843},{"id":5121,"n":"Café moulu Plantation Ethiopie - 250g","p":3.79,"u":"15,16 €/KG","img":"https://fd1-photos.leclercdrive.fr/image.ashx?id=2607434&use=l&cat=p&typeid=i","cat":284750},{"id":5125,"n":"Farine de blé bio T65 Bio Village - 1kg","p":0.99,"u":"0,99 €/KG","img":"https://fd1-photos.leclercdrive.fr/image.ashx?id=2448418&use=l&cat=p&typeid=i","cat":284503},{"id":5126,"n":"Riz long Comptoir du Grain Cuisson rapide 10min - 1kg","p":1.69,"u":"1,69 €/KG","img":"https://fd1-photos.leclercdrive.fr/image.ashx?id=2764137&use=l&cat=p&typeid=i","cat":284428},{"id":5128,"n":"Chips Pom'lisse Bolognaise - 135g","p":1.29,"u":"9,56 €/KG","img":"https://fd1-photos.leclercdrive.fr/image.ashx?id=2919604&use=l&cat=p&typeid=i","cat":284447},{"id":5132,"n":"Croûtons Epi d'Or Nature - 2x90g","p":0.99,"u":"5,50 €/KG","img":"https://fd1-photos.leclercdrive.fr/image.ashx?id=2606037&use=l&cat=p&typeid=i","cat":284464},{"id":5135,"n":"Pain 400g","p":0.8,"u":"2,00 €/KG","img":"https://fd1-photos.leclercdrive.fr/image.ashx?id=565084&use=l&cat=p&typeid=i","cat":284359},{"id":5142,"n":"Feutres de coloriage Esquisse Lavable Pointe moyenne x12","p":1.29,"img":"https://fd1-photos.leclercdrive.fr/image.ashx?id=2943151&use=l&cat=p&typeid=i","cat":284696},{"id":5143,"n":"Chemises carton Esquisse A4 - lot de 3","p":1.65,"img":"https://fd1-photos.leclercdrive.fr/image.ashx?id=2943154&use=l&cat=p&typeid=i","cat":284745},{"id":5147,"n":"Crayons de couleur Esquisse x12","p":0.99,"img":"https://fd1-photos.leclercdrive.fr/image.ashx?id=2943163&use=l&cat=p&typeid=i","cat":284696},{"id":5155,"n":"Mini Gomme Esquisse Plastique x2","p":0.59,"u":"0,30 €/P","img":"https://fd1-photos.leclercdrive.fr/image.ashx?id=2943220&use=l&cat=p&typeid=i","cat":334133},{"id":5158,"n":"Déodorant Bille Femme Nivea Dry Confort 72H - 50ml","p":2.23,"u":"44,60 €/L","img":"https://fd1-photos.leclercdrive.fr/image.ashx?id=2871058&use=l&cat=p&typeid=i","cat":284595},{"id":5160,"n":"Pur jus de fruits Tropicana Réveil fruité - 1,5L","p":3.59,"u":"2,39 €/L","img":"https://fd1-photos.leclercdrive.fr/image.ashx?id=2606400&use=l&cat=p&typeid=i","cat":284521},{"id":5166,"n":"Sucettes Chupa Chups The Best x16 192g","p":1.83,"u":"9,53 €/KG","img":"https://fd1-photos.leclercdrive.fr/image.ashx?id=2647654&use=l&cat=p&typeid=i","cat":304250},{"id":5176,"n":"Pâtes Alphabet Panzani 500g","p":1.28,"u":"2,56 €/KG","img":"https://fd1-photos.leclercdrive.fr/image.ashx?id=2896063&use=l&cat=p&typeid=i","cat":284427},{"id":5193,"n":"Croissants pur beurre 10x1p","p":6.2,"u":"0,62 €/P","img":"https://fd1-photos.leclercdrive.fr/image.ashx?id=565287&use=l&cat=p&typeid=i","cat":284984},{"id":5207,"n":"Baguette 3 Meuniers 250g","p":0.65,"u":"2,60 €/KG","img":"https://fd1-photos.leclercdrive.fr/image.ashx?id=2062885&use=l&cat=p&typeid=i","cat":284359},{"id":5225,"n":"Sucre Erstein spécial café En morceaux - 500g","p":1.35,"pp":0.89,"u":"1,78 €/KG","img":"https://fd1-photos.leclercdrive.fr/image.ashx?id=2018955&use=l&cat=p&typeid=i","cat":284502},{"id":5227,"n":"Pâtes Lustucru coquillettes Oeufs frais - 250g","p":0.94,"u":"3,76 €/KG","img":"https://fd1-photos.leclercdrive.fr/image.ashx?id=2519474&use=l&cat=p&typeid=i","cat":284427},{"id":5228,"n":"Pâtes Lustucru spaghetti courts Oeufs frais - 250g","p":0.94,"u":"3,76 €/KG","img":"https://fd1-photos.leclercdrive.fr/image.ashx?id=2519477&use=l&cat=p&typeid=i","cat":284427},{"id":5244,"n":"Fromage Fin Fou Fromagerie Milleret - 180g","p":1.98,"u":"11,00 €/KG","img":"https://fd1-photos.leclercdrive.fr/image.ashx?id=2450919&use=l&cat=p&typeid=i","cat":314033},{"id":5247,"n":"Saucisse de Morteau 350g","p":6.39,"u":"18,26 €/KG","img":"https://fd1-photos.leclercdrive.fr/image.ashx?id=2754006&use=l&cat=p&typeid=i","cat":316012},{"id":5248,"n":"Yaourts aux fruits Délisse Panaché de fruits - 12x125g","p":3.36,"u":"2,24 €/KG","img":"https://fd1-photos.leclercdrive.fr/image.ashx?id=2658575&use=l&cat=p&typeid=i","cat":284410},{"id":5250,"n":"Crème glacée Eskiss Pistache avec éclats - 494g","p":2.51,"u":"5,08 €/KG","img":"https://fd1-photos.leclercdrive.fr/image.ashx?id=2982586&use=l&cat=p&typeid=i","cat":284263},{"id":5252,"n":"Pansements Primoplast Spécial articulations 10 bandes","p":1.99,"img":"https://fd1-photos.leclercdrive.fr/image.ashx?id=2897766&use=l&cat=p&typeid=i","cat":284630},{"id":5253,"n":"Pansements Primoplast Spécial Articulations x30","p":1.59,"img":"https://fd1-photos.leclercdrive.fr/image.ashx?id=2832912&use=l&cat=p&typeid=i","cat":284630},{"id":5265,"n":"Piémontaise Menu Fraîcheur  Au jambon - 300g","p":1.59,"u":"5,30 €/KG","img":"https://fd1-photos.leclercdrive.fr/image.ashx?id=2901425&use=l&cat=p&typeid=i","cat":333657},{"id":5271,"n":"Betteraves Menu Fraîcheur  Rouge en dés - 300g","p":1.19,"u":"3,97 €/KG","img":"https://fd1-photos.leclercdrive.fr/image.ashx?id=2552418&use=l&cat=p&typeid=i","cat":333657},{"id":5274,"n":"Quiche lorraine Coté Table 2x130g","p":2.69,"u":"10,35 €/KG","img":"https://fd1-photos.leclercdrive.fr/image.ashx?id=2149546&use=l&cat=p&typeid=i","cat":333680},{"id":5281,"n":"Yaourts Petits Délis Chocolat - 6x100g","p":1.91,"u":"3,18 €/KG","img":"https://fd1-photos.leclercdrive.fr/image.ashx?id=2865188&use=l&cat=p&typeid=i","cat":284414},{"id":5288,"n":"Crème dessert Petits Délis Chocolat et lait - 6x70g","p":1.3,"u":"3,10 €/KG","img":"https://fd1-photos.leclercdrive.fr/image.ashx?id=2572061&use=l&cat=p&typeid=i","cat":285041},{"id":5289,"n":"Torti au surimi Menu Fraîcheur 300g","p":1.7,"u":"5,67 €/KG","img":"https://fd1-photos.leclercdrive.fr/image.ashx?id=2965443&use=l&cat=p&typeid=i","cat":333657},{"id":5293,"n":"Biscuits apéritifs Tokapi 3 saveurs - 100g","p":0.79,"u":"7,90 €/KG","img":"https://fd1-photos.leclercdrive.fr/image.ashx?id=2885768&use=l&cat=p&typeid=i","cat":284449},{"id":5294,"n":"Yaourts brassés Délisse Nature - 4x125g","p":1.05,"u":"2,10 €/KG","img":"https://fd1-photos.leclercdrive.fr/image.ashx?id=2982892&use=l&cat=p&typeid=i","cat":284409},{"id":5308,"n":"Biscuits Mini Rollos Pépito Chocolat au lait - 225g","p":1.84,"u":"8,18 €/KG","img":"https://fd1-photos.leclercdrive.fr/image.ashx?id=3014407&use=l&cat=p&typeid=i","cat":284488},{"id":5310,"n":"Petits pois d'aucy  Extra-fins - 560g","p":1.63,"u":"2,91 €/KG","img":"https://fd1-photos.leclercdrive.fr/image.ashx?id=2426361&use=l&cat=p&typeid=i","cat":312607},{"id":5311,"n":"Petits pois carottes d'Aucy A l'étuvée - Extra fins - 530g","p":1.66,"u":"3,13 €/KG","img":"https://fd1-photos.leclercdrive.fr/image.ashx?id=2426364&use=l&cat=p&typeid=i","cat":312607},{"id":5314,"n":"Haricots verts d'aucy  Extra-fins - 1/2","p":0.98,"u":"4,45 €/KG","img":"https://fd1-photos.leclercdrive.fr/image.ashx?id=2512728&use=l&cat=p&typeid=i","cat":312606},{"id":5318,"n":"Biscuits galettes St Michel 130g","p":0.9,"u":"6,92 €/KG","img":"https://fd1-photos.leclercdrive.fr/image.ashx?id=2986149&use=l&cat=p&typeid=i","cat":284487},{"id":5321,"n":"Chocolat poudre Benco 400g","p":2.29,"u":"5,73 €/KG","img":"https://fd1-photos.leclercdrive.fr/image.ashx?id=2871805&use=l&cat=p&typeid=i","cat":293235},{"id":5325,"n":"Confiture Bonne Maman Fraise - 370g","p":1.75,"u":"4,73 €/KG","img":"https://fd1-photos.leclercdrive.fr/image.ashx?id=2474984&use=l&cat=p&typeid=i","cat":284480},{"id":5329,"n":"Saucisses aux lentilles William Saurin - 420g","p":2.2,"u":"5,24 €/KG","img":"https://fd1-photos.leclercdrive.fr/image.ashx?id=2890067&use=l&cat=p&typeid=i","cat":284441},{"id":5339,"n":"Fruits au sirop St Mamet Cocktail - 500g","p":3.81,"u":"7,62 €/KG","img":"https://fd1-photos.leclercdrive.fr/image.ashx?id=2412435&use=l&cat=p&typeid=i","cat":284507},{"id":5342,"n":"Soda Canada Dry Ginger Ale 1,5L","p":2.01,"u":"1,34 €/L","img":"https://fd1-photos.leclercdrive.fr/image.ashx?id=2654674&use=l&cat=p&typeid=i","cat":284531},{"id":5360,"n":"Dentifrice Sanogyl Blancheur et soin 75ml","p":2.45,"u":"32,67 €/L","img":"https://fd1-photos.leclercdrive.fr/image.ashx?id=2734015&use=l&cat=p&typeid=i","cat":284612},{"id":5362,"n":"Vin mousseux Charles Volner Brut - 12%vol. - 75cl","p":4.29,"u":"5,72 €/L","img":"https://fd1-photos.leclercdrive.fr/image.ashx?id=1592052&use=l&cat=p&typeid=i","cat":284544},{"id":5364,"n":"Fromage blanc Délisse Nature 7% MG - 1kg","p":2.39,"u":"2,39 €/KG","img":"https://fd1-photos.leclercdrive.fr/image.ashx?id=2834999&use=l&cat=p&typeid=i","cat":284409},{"id":5366,"n":"Cire Dépilatoire Siliss Méthode orientale - 250ml","p":3.89,"u":"15,56 €/L","img":"https://fd1-photos.leclercdrive.fr/image.ashx?id=2699396&use=l&cat=p&typeid=i","cat":325351},{"id":5367,"n":"Biscuits tuiles P'tit Déli 100g","p":1.15,"u":"11,50 €/KG","img":"https://fd1-photos.leclercdrive.fr/image.ashx?id=1898889&use=l&cat=p&typeid=i","cat":284487},{"id":5369,"n":"Légumes couscous Notre Jardin 800g","p":1.49,"u":"1,86 €/KG","img":"https://fd1-photos.leclercdrive.fr/image.ashx?id=2854213&use=l&cat=p&typeid=i","cat":312612},{"id":5381,"n":"Dentifrice Dentamyl Haleine fraîche 75ml","p":1.36,"u":"18,13 €/L","img":"https://fd1-photos.leclercdrive.fr/image.ashx?id=2613828&use=l&cat=p&typeid=i","cat":284612},{"id":5385,"n":"Lait coco Tables du Monde 200ml","p":0.86,"u":"4,30 €/L","img":"https://fd1-photos.leclercdrive.fr/image.ashx?id=2920172&use=l&cat=p&typeid=i","cat":288992},{"id":5386,"n":"Biscuit Petit beurre P'tit Déli Tablette chocolat lait - 150g","p":1.29,"u":"8,60 €/KG","img":"https://fd1-photos.leclercdrive.fr/image.ashx?id=886984&use=l&cat=p&typeid=i","cat":284488},{"id":5387,"n":"Boisson soja Calcium Végé 1L Végé - 200g","p":0.9,"u":"0,90 €/L","img":"https://fd1-photos.leclercdrive.fr/image.ashx?id=2859155&use=l&cat=p&typeid=i","cat":316067},{"id":5390,"n":"Crème anglaise Délisse 50cl","p":1.28,"u":"2,56 €/L","img":"https://fd1-photos.leclercdrive.fr/image.ashx?id=3002569&use=l&cat=p&typeid=i","cat":284382},{"id":5391,"n":"Yaourts à boire Délisse 3 parfums - 6x180g","p":2.39,"u":"2,21 €/KG","img":"https://fd1-photos.leclercdrive.fr/image.ashx?id=2757924&use=l&cat=p&typeid=i","cat":284415},{"id":5393,"n":"Fromage blanc Délisse Framboise 5.5% MG - 500g","p":2.39,"u":"4,78 €/KG","img":"https://fd1-photos.leclercdrive.fr/image.ashx?id=3012821&use=l&cat=p&typeid=i","cat":284409},{"id":5396,"n":"Bain de bouche Dentamyl Multi Protection - 500ml","p":1.89,"u":"3,78 €/L","img":"https://fd1-photos.leclercdrive.fr/image.ashx?id=2500806&use=l&cat=p&typeid=i","cat":284613},{"id":5399,"n":"Pur jus d'orange Bio Village Bio sans pulpe - 1L","p":2.45,"u":"2,45 €/L","img":"https://fd1-photos.leclercdrive.fr/image.ashx?id=2901521&use=l&cat=p&typeid=i","cat":284521},{"id":5400,"n":"Nouilles bouclées d'Alsace NRT 250g","p":1.39,"u":"5,56 €/KG","img":"https://fd1-photos.leclercdrive.fr/image.ashx?id=2839965&use=l&cat=p&typeid=i","cat":284427},{"id":5403,"n":"Plumes d'Alsace NRT 250g","p":1.39,"u":"5,56 €/KG","img":"https://fd1-photos.leclercdrive.fr/image.ashx?id=2839971&use=l&cat=p&typeid=i","cat":284427},{"id":5404,"n":"IGP Coquilles d'Alsace NRT 250g","p":1.39,"u":"5,56 €/KG","img":"https://fd1-photos.leclercdrive.fr/image.ashx?id=2839974&use=l&cat=p&typeid=i","cat":284427},{"id":5405,"n":"Saucisse sèche d'Auvergne  NRT - 300g","p":5.63,"u":"18,77 €/KG","img":"https://fd1-photos.leclercdrive.fr/image.ashx?id=2991473&use=l&cat=p&typeid=i","cat":316006},{"id":5406,"n":"Saucisson sec d'Auvergne IGP Nos Régions ont du Talent 300g","p":5.51,"u":"18,37 €/KG","img":"https://fd1-photos.leclercdrive.fr/image.ashx?id=2991476&use=l&cat=p&typeid=i","cat":316006},{"id":5407,"n":"Coquillettes d'Alsace NRT 250g","p":1.39,"u":"5,56 €/KG","img":"https://fd1-photos.leclercdrive.fr/image.ashx?id=2839977&use=l&cat=p&typeid=i","cat":284427},{"id":5414,"n":"Soin de jour Diadermine Lift+ Anti-rides - Hydratant - 50ml","p":6.41,"u":"128,20 €/L","img":"https://fd1-photos.leclercdrive.fr/image.ashx?id=2551468&use=l&cat=p&typeid=i","cat":325345},{"id":5426,"n":"Soin de jour Diadermine Lift+ Anti-rides - Sublimant - 50ml","p":6.13,"u":"122,60 €/L","img":"https://fd1-photos.leclercdrive.fr/image.ashx?id=2993098&use=l&cat=p&typeid=i","cat":325345},{"id":5449,"n":"Boîte chat Whiskas Terrine du marché - 4x400g","p":4.63,"u":"2,89 €/KG","img":"https://fd1-photos.leclercdrive.fr/image.ashx?id=2759619&use=l&cat=p&typeid=i","cat":285601},{"id":5465,"n":"Eau de source de Montagne 6x50cl","p":1.62,"u":"0,54 €/L","img":"https://fd1-photos.leclercdrive.fr/image.ashx?id=2727614&use=l&cat=p&typeid=i","cat":284535},{"id":5468,"n":"Papier toilette Parfumé Mimosa Soleil d'été - x6","p":2.89,"u":"0,48 €/P","img":"https://fd1-photos.leclercdrive.fr/image.ashx?id=2836316&use=l&cat=p&typeid=i","cat":284634},{"id":5472,"n":"Biscuits barquettes P'tit Déli Fraise - 2x120g","p":1.66,"u":"6,92 €/KG","img":"https://fd1-photos.leclercdrive.fr/image.ashx?id=2691168&use=l&cat=p&typeid=i","cat":284489},{"id":5497,"n":"Gelée Bonne Maman Cassis - 370g","p":1.79,"u":"4,84 €/KG","img":"https://fd1-photos.leclercdrive.fr/image.ashx?id=2901662&use=l&cat=p&typeid=i","cat":284480},{"id":5498,"n":"Comté des terroirs Entremont 200g","p":3.68,"u":"18,40 €/KG","img":"https://fd1-photos.leclercdrive.fr/image.ashx?id=2474245&use=l&cat=p&typeid=i","cat":314034},{"id":5501,"n":"Sel La Baleine  Fin iodé 125g","p":0.36,"u":"2,88 €/KG","img":"https://fd1-photos.leclercdrive.fr/image.ashx?id=2019879&use=l&cat=p&typeid=i","cat":284457},{"id":5509,"n":"Pâtes Torsades Turini 1kg","p":1.29,"u":"1,29 €/KG","img":"https://fd1-photos.leclercdrive.fr/image.ashx?id=2980459&use=l&cat=p&typeid=i","cat":284427},{"id":5511,"n":"Sparadrap Primoplast Peaux délicates 5mx2.5cm","p":1.48,"img":"https://fd1-photos.leclercdrive.fr/image.ashx?id=2856426&use=l&cat=p&typeid=i","cat":284630},{"id":5512,"n":"Sparadrap Primoplast résistant 5mx2.5cm","p":1.49,"img":"https://fd1-photos.leclercdrive.fr/image.ashx?id=2856435&use=l&cat=p&typeid=i","cat":284630},{"id":5513,"n":"Miel Nid d'Abeille Crémeux - 1 kg","p":6.39,"u":"6,39 €/KG","img":"https://fd1-photos.leclercdrive.fr/image.ashx?id=2550369&use=l&cat=p&typeid=i","cat":287643},{"id":5515,"n":"Vin mousseux d'Union Européenne  brut  -75cl","p":2.99,"u":"3,99 €/L","img":"https://fd1-photos.leclercdrive.fr/image.ashx?id=1951016&use=l&cat=p&typeid=i","cat":284544},{"id":5517,"n":"Canapés toasts Epi d'Or Nature - 280g","p":1.12,"u":"4,00 €/KG","img":"https://fd1-photos.leclercdrive.fr/image.ashx?id=1859140&use=l&cat=p&typeid=i","cat":285454},{"id":5526,"n":"Fromage Bleu d'Auvergne NRT  AOP - 125g","p":1.39,"u":"11,12 €/KG","img":"https://fd1-photos.leclercdrive.fr/image.ashx?id=2771040&use=l&cat=p&typeid=i","cat":314032},{"id":5529,"n":"Croquettes petits chiens Ultima  Poulet - Yorkshire - 800g","p":3.21,"u":"4,01 €/KG","img":"https://fd1-photos.leclercdrive.fr/image.ashx?id=2922224&use=l&cat=p&typeid=i","cat":294526},{"id":5536,"n":"Biscuits Pockitos Pépito Chocolat au lait - 295g","p":3.39,"u":"11,49 €/KG","img":"https://fd1-photos.leclercdrive.fr/image.ashx?id=3001955&use=l&cat=p&typeid=i","cat":284488},{"id":5545,"n":"Garniture Bouchées à la reine Petit Jean - 400g","p":2.21,"u":"5,53 €/KG","img":"https://fd1-photos.leclercdrive.fr/image.ashx?id=2677240&use=l&cat=p&typeid=i","cat":284441},{"id":5560,"n":"Tampons Doulys Digitaux Mini - x24","p":1.62,"u":"0,07 €/P","img":"https://fd1-photos.leclercdrive.fr/image.ashx?id=2965407&use=l&cat=p&typeid=i","cat":284626},{"id":5561,"n":"Tampons Doulys Digitaux Super - x24","p":1.26,"u":"0,05 €/P","img":"https://fd1-photos.leclercdrive.fr/image.ashx?id=2965413&use=l&cat=p&typeid=i","cat":284626},{"id":5563,"n":"Biscuits P'tit Déli Délimousse 175g","p":1.51,"u":"8,63 €/KG","img":"https://fd1-photos.leclercdrive.fr/image.ashx?id=2540936&use=l&cat=p&typeid=i","cat":284495},{"id":5564,"n":"Lingettes nettoyantes Clair Vitres 3en1 x20","p":0.87,"u":"0,04 €/P","img":"https://fd1-photos.leclercdrive.fr/image.ashx?id=2858827&use=l&cat=p&typeid=i","cat":325363},{"id":5573,"n":"Quenelles Côté Table volaille Sauce champignons 400g","p":1.89,"u":"4,73 €/KG","img":"https://fd1-photos.leclercdrive.fr/image.ashx?id=2977135&use=l&cat=p&typeid=i","cat":284441},{"id":5574,"n":"Quenelles Côté Table saumon Sauce crevette 400g","p":1.87,"u":"4,68 €/KG","img":"https://fd1-photos.leclercdrive.fr/image.ashx?id=2977138&use=l&cat=p&typeid=i","cat":284441},{"id":5575,"n":"Compote Douceur du Verger Gourdes Pomme - 12x90g","p":2.7,"u":"2,50 €/KG","img":"https://fd1-photos.leclercdrive.fr/image.ashx?id=2837030&use=l&cat=p&typeid=i","cat":284508},{"id":5576,"n":"Biscuits choco barre P'tit Déli Chocolat lait 295g","p":2.64,"u":"8,95 €/KG","img":"https://fd1-photos.leclercdrive.fr/image.ashx?id=2618229&use=l&cat=p&typeid=i","cat":284488},{"id":5579,"n":"Préfou à l'ail Paso 350g","p":4.3,"u":"12,29 €/KG","img":"https://fd1-photos.leclercdrive.fr/image.ashx?id=2332621&use=l&cat=p&typeid=i","cat":316003},{"id":5581,"n":"Chewing-gum sans sucre Freedent Menthe verte 5x10 dragées 70g","p":2.33,"img":"https://fd1-photos.leclercdrive.fr/image.ashx?id=2325482&use=l&cat=p&typeid=i","cat":304251},{"id":5582,"n":"Chewing-gum Freedent white Fruits sans sucre x50 - 70g","p":2.13,"u":"30,43 €/KG","img":"https://fd1-photos.leclercdrive.fr/image.ashx?id=2237283&use=l&cat=p&typeid=i","cat":304251},{"id":5612,"n":"Eau de source Cristaline 6x1,5L","p":1.11,"u":"0,12 €/L","img":"https://fd1-photos.leclercdrive.fr/image.ashx?id=2389449&use=l&cat=p&typeid=i","cat":284535},{"id":5621,"n":"Chips crevette Tokapi 50g","p":0.65,"u":"13,00 €/KG","img":"https://fd1-photos.leclercdrive.fr/image.ashx?id=3013573&use=l&cat=p&typeid=i","cat":288992},{"id":5622,"n":"Croquettes chiens Lydog Spécial Forme - Volaille - 4kg","p":4.99,"u":"1,25 €/KG","img":"https://fd1-photos.leclercdrive.fr/image.ashx?id=2191117&use=l&cat=p&typeid=i","cat":284672},{"id":5624,"n":"Croquettes chiens Lydog Junior - Volaille - 4kg","p":7.98,"u":"2,00 €/KG","img":"https://fd1-photos.leclercdrive.fr/image.ashx?id=1937477&use=l&cat=p&typeid=i","cat":284672},{"id":5626,"n":"Bonbons Copains Copines Frites acides - 275 g","p":1.71,"u":"6,22 €/KG","img":"https://fd1-photos.leclercdrive.fr/image.ashx?id=2934655&use=l&cat=p&typeid=i","cat":304250},{"id":5630,"n":"Papier toilette blanc Mimosa Ultra doux maxi rouleau - x12","p":5.4,"u":"0,45 €/P","img":"https://fd1-photos.leclercdrive.fr/image.ashx?id=2777848&use=l&cat=p&typeid=i","cat":284634},{"id":5633,"n":"Soufflés Grignot' Tokapi Cacahuète - 90g","p":0.59,"u":"6,56 €/KG","img":"https://fd1-photos.leclercdrive.fr/image.ashx?id=2049223&use=l&cat=p&typeid=i","cat":284449},{"id":5718,"n":"Tampons Doulys avec applicateur Super - x24","p":2.47,"u":"0,10 €/P","img":"https://fd1-photos.leclercdrive.fr/image.ashx?id=2965458&use=l&cat=p&typeid=i","cat":284626},{"id":5736,"n":"Sel adoucisseur Axal Pastilles - 10kg","p":4.75,"u":"0,48 €/KG","img":"https://fd1-photos.leclercdrive.fr/image.ashx?id=2504482&use=l&cat=p&typeid=i","cat":335918},{"id":5772,"n":"Biscuits tartelette Bonne Maman Citron 125g","p":1.36,"u":"10,88 €/KG","img":"https://fd1-photos.leclercdrive.fr/image.ashx?id=2962296&use=l&cat=p&typeid=i","cat":284489},{"id":5816,"n":"Rillettes de thon Cap Océan MSC 150g","p":1.88,"u":"12,53 €/KG","img":"https://fd1-photos.leclercdrive.fr/image.ashx?id=2668440&use=l&cat=p&typeid=i","cat":285191},{"id":5817,"n":"Rillettes de saumon Cap ocean 150g","p":1.88,"u":"12,53 €/KG","img":"https://fd1-photos.leclercdrive.fr/image.ashx?id=2985147&use=l&cat=p&typeid=i","cat":285191},{"id":5823,"n":"Lait demi-écrémé Lactel Vitamine D Bouteille - 6x50cl","p":6.06,"u":"2,02 €/L","img":"https://fd1-photos.leclercdrive.fr/image.ashx?id=2993403&use=l&cat=p&typeid=i","cat":284377},{"id":5831,"n":"Ketchup Rustica Epicé - 560g","p":1.59,"u":"2,84 €/KG","img":"https://fd1-photos.leclercdrive.fr/image.ashx?id=3005667&use=l&cat=p&typeid=i","cat":284455},{"id":5834,"n":"Saumon fumé Rondes des Mers ASC Norvège x8T - 300g","p":10.69,"u":"35,63 €/KG","img":"https://fd1-photos.leclercdrive.fr/image.ashx?id=2833090&use=l&cat=p&typeid=i","cat":285188},{"id":5838,"n":"Petit salé Côté Table lentilles A l'auvergnate 420g","p":2.27,"u":"5,40 €/KG","img":"https://fd1-photos.leclercdrive.fr/image.ashx?id=2977123&use=l&cat=p&typeid=i","cat":284441},{"id":5841,"n":"Allume-feu Silex gel 1L","p":4.52,"u":"4,52 €/L","img":"https://fd1-photos.leclercdrive.fr/image.ashx?id=1698408&use=l&cat=p&typeid=i","cat":300578},{"id":5850,"n":"Couscous Côté Table Poulet merguez 450g","p":2.7,"u":"6,00 €/KG","img":"https://fd1-photos.leclercdrive.fr/image.ashx?id=1936608&use=l&cat=p&typeid=i","cat":333665},{"id":5859,"n":"Guacamole Tables du Monde 200g","p":2.29,"u":"13,09 €/KG","img":"https://fd1-photos.leclercdrive.fr/image.ashx?id=2872252&use=l&cat=p&typeid=i","cat":315999},{"id":5868,"n":"Spécialité au soja Nat & Vie Vanille - 4x100g","p":1.35,"u":"3,38 €/KG","img":"https://fd1-photos.leclercdrive.fr/image.ashx?id=2901434&use=l&cat=p&typeid=i","cat":316071},{"id":5869,"n":"Spécialité au soja Nat & Vie Chocolat - 4x100g","p":1.34,"u":"3,35 €/KG","img":"https://fd1-photos.leclercdrive.fr/image.ashx?id=2901437&use=l&cat=p&typeid=i","cat":316071},{"id":5870,"n":"Boisson soja nature Végé 1L Végé - 200g","p":0.85,"u":"0,85 €/L","img":"https://fd1-photos.leclercdrive.fr/image.ashx?id=2861413&use=l&cat=p&typeid=i","cat":316067},{"id":5878,"n":"Jus 3 agrumes Jafaden 1L","p":2.75,"u":"2,75 €/L","img":"https://fd1-photos.leclercdrive.fr/image.ashx?id=2916665&use=l&cat=p&typeid=i","cat":285435},{"id":5880,"n":"Yaourts mousse Petits Délis Fruits - 6x74g","p":1.77,"u":"3,99 €/KG","img":"https://fd1-photos.leclercdrive.fr/image.ashx?id=2907057&use=l&cat=p&typeid=i","cat":284414},{"id":5884,"n":"Gratin dauphinois Côté Table 280g","p":2.89,"u":"10,32 €/KG","img":"https://fd1-photos.leclercdrive.fr/image.ashx?id=2807285&use=l&cat=p&typeid=i","cat":333665},{"id":5891,"n":"Tzatziki Tables du Monde 200g","p":1.45,"u":"7,25 €/KG","img":"https://fd1-photos.leclercdrive.fr/image.ashx?id=2872255&use=l&cat=p&typeid=i","cat":315999},{"id":5895,"n":"Tripes mode de caen NRT 600g","p":3.99,"u":"6,65 €/KG","img":"https://fd1-photos.leclercdrive.fr/image.ashx?id=2723198&use=l&cat=p&typeid=i","cat":284441},{"id":5896,"n":"Litière rongeurs P'tit Ami 15L","p":1.32,"u":"0,09 €/L","img":"https://fd1-photos.leclercdrive.fr/image.ashx?id=2162198&use=l&cat=p&typeid=i","cat":284677},{"id":5898,"n":"Litière rongeurs P'tit Ami 60L","p":4.2,"u":"0,07 €/L","img":"https://fd1-photos.leclercdrive.fr/image.ashx?id=2162204&use=l&cat=p&typeid=i","cat":284677},{"id":5907,"n":"Haricots beurre d'aucy Extra-fins - 440g","p":1.93,"u":"4,39 €/KG","img":"https://fd1-photos.leclercdrive.fr/image.ashx?id=2431536&use=l&cat=p&typeid=i","cat":312606},{"id":5909,"n":"Mini gâches briochettes NRT Pur beurre x8 - 360g","p":2.07,"u":"5,75 €/KG","img":"https://fd1-photos.leclercdrive.fr/image.ashx?id=2670416&use=l&cat=p&typeid=i","cat":284478},{"id":5910,"n":"Ketchup Amora 280g","p":1.05,"u":"3,75 €/KG","img":"https://fd1-photos.leclercdrive.fr/image.ashx?id=2766667&use=l&cat=p&typeid=i","cat":284455},{"id":5911,"n":"Sel fin Cérébos 250g","p":0.87,"u":"3,48 €/KG","img":"https://fd1-photos.leclercdrive.fr/image.ashx?id=2904173&use=l&cat=p&typeid=i","cat":284457},{"id":5912,"n":"Sel fin iodé Cérébos 500g","p":0.57,"u":"1,14 €/KG","img":"https://fd1-photos.leclercdrive.fr/image.ashx?id=2522095&use=l&cat=p&typeid=i","cat":284457},{"id":5951,"n":"Ravioli bolognaise   Panzani - 800g","p":3.68,"u":"4,60 €/KG","img":"https://fd1-photos.leclercdrive.fr/image.ashx?id=2876062&use=l&cat=p&typeid=i","cat":284442},{"id":5952,"n":"Couscous Grain Moyen Ferrero - 1kg","p":2.39,"u":"2,39 €/KG","img":"https://fd1-photos.leclercdrive.fr/image.ashx?id=2744740&use=l&cat=p&typeid=i","cat":284429},{"id":5954,"n":"Café moulu San Marco Arabica - 2x250g","p":10.49,"u":"20,98 €/KG","img":"https://fd1-photos.leclercdrive.fr/image.ashx?id=2645510&use=l&cat=p&typeid=i","cat":284750},{"id":6035,"n":"Sauce tomate bio Jardin Bio' Provençale - 200g","p":1.56,"u":"7,80 €/KG","img":"https://fd1-photos.leclercdrive.fr/image.ashx?id=3014494&use=l&cat=p&typeid=i","cat":287599},{"id":6037,"n":"Ratatouille Jardin Bio' A la provençale bio - 650g","p":2.94,"u":"4,52 €/KG","img":"https://fd1-photos.leclercdrive.fr/image.ashx?id=2903230&use=l&cat=p&typeid=i","cat":312612},{"id":6038,"n":"Lentilles corail bio Jardin Bio 500g","p":2.29,"u":"4,58 €/KG","img":"https://fd1-photos.leclercdrive.fr/image.ashx?id=2415999&use=l&cat=p&typeid=i","cat":284430},{"id":6039,"n":"Vinaigre de cidre Jardin Bio Bio - 75cl","p":2.88,"u":"3,84 €/L","img":"https://fd1-photos.leclercdrive.fr/image.ashx?id=2918295&use=l&cat=p&typeid=i","cat":298543},{"id":6048,"n":"Sauce tomate Jardin Bio' Bio Basilic - 200g","p":1.48,"u":"7,40 €/KG","img":"https://fd1-photos.leclercdrive.fr/image.ashx?id=2967848&use=l&cat=p&typeid=i","cat":287599},{"id":6049,"n":"Ravioli Jardin Bio Bio légumes - 675g","p":3.22,"u":"4,77 €/KG","img":"https://fd1-photos.leclercdrive.fr/image.ashx?id=2534878&use=l&cat=p&typeid=i","cat":284442},{"id":6058,"n":"Spaguetti Jardin Bio Bio quinoa tomate - 500g","p":2.12,"u":"4,24 €/KG","img":"https://fd1-photos.leclercdrive.fr/image.ashx?id=3002108&use=l&cat=p&typeid=i","cat":284427},{"id":6063,"n":"Ketchup Jardin Bio' Bio - 560g","p":2.3,"u":"4,11 €/KG","img":"https://fd1-photos.leclercdrive.fr/image.ashx?id=2918316&use=l&cat=p&typeid=i","cat":284455},{"id":6067,"n":"Huile d'olive Bio Village Bio Vierge extra - 75cl","p":7.47,"u":"9,96 €/L","img":"https://fd1-photos.leclercdrive.fr/image.ashx?id=3005697&use=l&cat=p&typeid=i","cat":284453},{"id":6068,"n":"Spaghetti Bio Village Bio - 500g","p":0.83,"u":"1,66 €/KG","img":"https://fd1-photos.leclercdrive.fr/image.ashx?id=2503284&use=l&cat=p&typeid=i","cat":284427},{"id":6069,"n":"Pâtes Coquillettes Bio Village Bio - 500g","p":0.84,"u":"1,68 €/KG","img":"https://fd1-photos.leclercdrive.fr/image.ashx?id=2625364&use=l&cat=p&typeid=i","cat":284427},{"id":6070,"n":"Pâtes tagliatelles Bio Village Bio - 250g","p":1.65,"u":"6,60 €/KG","img":"https://fd1-photos.leclercdrive.fr/image.ashx?id=1986832&use=l&cat=p&typeid=i","cat":284427},{"id":6073,"n":"Crème fraîche bio Bio village Epaisse - 30% MG - 20cl","p":1.15,"u":"5,75 €/L","img":"https://fd1-photos.leclercdrive.fr/image.ashx?id=1975047&use=l&cat=p&typeid=i","cat":284381},{"id":6075,"n":"Quinoa Bio Village Bio - 500g","p":3.15,"u":"6,30 €/KG","img":"https://fd1-photos.leclercdrive.fr/image.ashx?id=2245755&use=l&cat=p&typeid=i","cat":284429},{"id":6076,"n":"Cookies chocolat Bio Village Bio 200g","p":2.71,"u":"13,55 €/KG","img":"https://fd1-photos.leclercdrive.fr/image.ashx?id=2400523&use=l&cat=p&typeid=i","cat":325066},{"id":6077,"n":"Biscuits sésame Bio Village Bio - 230g","p":1.76,"u":"7,65 €/KG","img":"https://fd1-photos.leclercdrive.fr/image.ashx?id=2363808&use=l&cat=p&typeid=i","cat":284487},{"id":6078,"n":"Yaourts lait brebis nature Bio Bio village - 2x125g","p":1.42,"u":"5,68 €/KG","img":"https://fd1-photos.leclercdrive.fr/image.ashx?id=2046370&use=l&cat=p&typeid=i","cat":314998},{"id":6085,"n":"Jus de fruits Tropicana Multivitamines - 1,5L","p":3.71,"u":"2,47 €/L","img":"https://fd1-photos.leclercdrive.fr/image.ashx?id=2605818&use=l&cat=p&typeid=i","cat":284917},{"id":6089,"n":"Pâtes Blé complet Barilla Spaghetti Integrale - 500g","p":1.21,"u":"2,42 €/KG","img":"https://fd1-photos.leclercdrive.fr/image.ashx?id=2986951&use=l&cat=p&typeid=i","cat":284427},{"id":6105,"n":"Biscuits apéritif Lay's 3D's Goût Nature Sel - 85g","p":0.81,"u":"9,53 €/KG","img":"https://fd1-photos.leclercdrive.fr/image.ashx?id=2917417&use=l&cat=p&typeid=i","cat":284449},{"id":6106,"n":"Biscuits apéritif Lay's 3D's Goût Fromage - 85g","p":0.83,"u":"9,76 €/KG","img":"https://fd1-photos.leclercdrive.fr/image.ashx?id=2923672&use=l&cat=p&typeid=i","cat":284449},{"id":6152,"n":"Pâtes gansettes Panzani 500g","p":1.14,"u":"2,28 €/KG","img":"https://fd1-photos.leclercdrive.fr/image.ashx?id=2876017&use=l&cat=p&typeid=i","cat":284427},{"id":6153,"n":"Pâtes Macaroni Panzani 1kg","p":1.8,"u":"1,80 €/KG","img":"https://fd1-photos.leclercdrive.fr/image.ashx?id=2876026&use=l&cat=p&typeid=i","cat":284427},{"id":6154,"n":"Pâtes farfalle Panzani 500g","p":1.05,"u":"2,10 €/KG","img":"https://fd1-photos.leclercdrive.fr/image.ashx?id=2884300&use=l&cat=p&typeid=i","cat":284427},{"id":6155,"n":"Pâtes Torti Panzani 3 Minutes - 500G","p":1.16,"u":"2,32 €/KG","img":"https://fd1-photos.leclercdrive.fr/image.ashx?id=2896084&use=l&cat=p&typeid=i","cat":284427},{"id":6168,"n":"Viande Bovine Rumsteack Socopa  Mariné à l'échalote - x2 - 240g","p":6.12,"u":"25,50 €/KG","img":"https://fd1-photos.leclercdrive.fr/image.ashx?id=2414612&use=l&cat=p&typeid=i","cat":284328},{"id":6169,"n":"Fromage apéritif Apéricube Nature 24 cubes","p":2.16,"u":"17,28 €/KG","img":"https://fd1-photos.leclercdrive.fr/image.ashx?id=2883447&use=l&cat=p&typeid=i","cat":314027},{"id":6171,"n":"Sucre glace Erstein 500g","p":1.88,"u":"3,76 €/KG","img":"https://fd1-photos.leclercdrive.fr/image.ashx?id=2689517&use=l&cat=p&typeid=i","cat":284502},{"id":6173,"n":"Sucre glace Erstein  Sachet 500g","p":1.41,"u":"2,82 €/KG","img":"https://fd1-photos.leclercdrive.fr/image.ashx?id=2029649&use=l&cat=p&typeid=i","cat":284502},{"id":6188,"n":"Boisson lactée Candy'UP Fraise - 6x20cl","p":2.69,"u":"2,24 €/L","img":"https://fd1-photos.leclercdrive.fr/image.ashx?id=2485629&use=l&cat=p&typeid=i","cat":295246},{"id":6199,"n":"Beurre Moulé Paysan Breton Demi-sel - 80%MG - 250g","p":3.34,"u":"13,36 €/KG","img":"https://fd1-photos.leclercdrive.fr/image.ashx?id=2947844&use=l&cat=p&typeid=i","cat":284379},{"id":6223,"n":"Fromage Maroilles AOP  Nos Régions ont du Talent 200g","p":2.69,"u":"13,45 €/KG","img":"https://fd1-photos.leclercdrive.fr/image.ashx?id=2411892&use=l&cat=p&typeid=i","cat":329558},{"id":6240,"n":"Cordons bleu Le Gaulois Dinde x10 - 1kg","p":7.72,"u":"7,72 €/KG","img":"https://fd1-photos.leclercdrive.fr/image.ashx?id=2485913&use=l&cat=p&typeid=i","cat":333683},{"id":6242,"n":"Café soluble Plantation Qualité filtre - 100g","p":2.75,"u":"27,50 €/KG","img":"https://fd1-photos.leclercdrive.fr/image.ashx?id=2834272&use=l&cat=p&typeid=i","cat":284843},{"id":6243,"n":"AOC Muscadet vin blanc Les Caractères - BIB 3L","p":13.99,"u":"4,66 €/L","img":"https://fd1-photos.leclercdrive.fr/image.ashx?id=2236287&use=l&cat=p&typeid=i","cat":289560},{"id":6249,"n":"Céleri Menu Fraîcheur  Rémoulade - 500g","p":1.58,"u":"3,16 €/KG","img":"https://fd1-photos.leclercdrive.fr/image.ashx?id=2820107&use=l&cat=p&typeid=i","cat":333657},{"id":6254,"n":"Salade Coleslaw Menu Fraîcheur  300g","p":1.19,"u":"3,97 €/KG","img":"https://fd1-photos.leclercdrive.fr/image.ashx?id=2645891&use=l&cat=p&typeid=i","cat":333657},{"id":6256,"n":"Pizza Turini Jambon champignons - 450g","p":2.73,"u":"6,07 €/KG","img":"https://fd1-photos.leclercdrive.fr/image.ashx?id=2709734&use=l&cat=p&typeid=i","cat":333679},{"id":6276,"n":"Part de flan  2x1p","p":2.9,"u":"1,45 €/P","img":"https://fd1-photos.leclercdrive.fr/image.ashx?id=572782&use=l&cat=p&typeid=i","cat":284360},{"id":6282,"n":"Pains au chocolat x4 200g","p":2.8,"u":"14,00 €/KG","img":"https://fd1-photos.leclercdrive.fr/image.ashx?id=2070965&use=l&cat=p&typeid=i","cat":284984},{"id":6291,"n":"Semoule fine Panzani 500g","p":1.16,"u":"2,32 €/KG","img":"https://fd1-photos.leclercdrive.fr/image.ashx?id=2745559&use=l&cat=p&typeid=i","cat":284429},{"id":6314,"n":"Pansements Primoplast Peaux sensibles x30","p":0.74,"img":"https://fd1-photos.leclercdrive.fr/image.ashx?id=2832918&use=l&cat=p&typeid=i","cat":284630},{"id":6316,"n":"Escalope de poulet Côté Croc À la Bolognaise x2 - 200g","p":2.13,"u":"10,65 €/KG","img":"https://fd1-photos.leclercdrive.fr/image.ashx?id=2814420&use=l&cat=p&typeid=i","cat":333683},{"id":6344,"n":"Boules soufflées Tokapi  Fromage - 50g","p":0.58,"u":"11,60 €/KG","img":"https://fd1-photos.leclercdrive.fr/image.ashx?id=2885762&use=l&cat=p&typeid=i","cat":284449},{"id":6345,"n":"Couscous Comptoir du Monde Grain moyen - 500g","p":0.84,"u":"1,68 €/KG","img":"https://fd1-photos.leclercdrive.fr/image.ashx?id=3012800&use=l&cat=p&typeid=i","cat":284429},{"id":6346,"n":"Madeleines longues P'tit Déli  Pur beurre 250g","p":1.57,"u":"6,28 €/KG","img":"https://fd1-photos.leclercdrive.fr/image.ashx?id=2999487&use=l&cat=p&typeid=i","cat":284492},{"id":6350,"n":"Eponges Mamison couleur Super absorbantes x3","p":1.22,"u":"0,41 €/P","img":"https://fd1-photos.leclercdrive.fr/image.ashx?id=2458049&use=l&cat=p&typeid=i","cat":284667},{"id":6353,"n":"Pancetta italienne Saint Azay 10 tranches - 100g","p":2.89,"u":"28,90 €/KG","img":"https://fd1-photos.leclercdrive.fr/image.ashx?id=2665847&use=l&cat=p&typeid=i","cat":316007},{"id":6354,"n":"Miel Nid d'Abeille Crémeux - 500 g","p":3.92,"u":"7,84 €/KG","img":"https://fd1-photos.leclercdrive.fr/image.ashx?id=760198&use=l&cat=p&typeid=i","cat":287643},{"id":6355,"n":"AOC Clairette de Die doux Rives et Terrasses - 75cl","p":5.29,"u":"7,05 €/L","img":"https://fd1-photos.leclercdrive.fr/image.ashx?id=2753369&use=l&cat=p&typeid=i","cat":284544},{"id":6357,"n":"Chorizo doux Saint Azay 30 tranches - 150g","p":2.09,"u":"13,93 €/KG","img":"https://fd1-photos.leclercdrive.fr/image.ashx?id=1873710&use=l&cat=p&typeid=i","cat":316007},{"id":6358,"n":"Gel nettoyant wc javel Syphon Agrumes 750ml","p":0.89,"u":"1,19 €/L","img":"https://fd1-photos.leclercdrive.fr/image.ashx?id=2669696&use=l&cat=p&typeid=i","cat":284662},{"id":6359,"n":"Croûtons Epi d'Or Fromage - 90g","p":0.99,"u":"11,00 €/KG","img":"https://fd1-photos.leclercdrive.fr/image.ashx?id=2651783&use=l&cat=p&typeid=i","cat":284464},{"id":6360,"n":"Croûtons Epi d'Or  Oignon - 90g","p":0.99,"u":"11,00 €/KG","img":"https://fd1-photos.leclercdrive.fr/image.ashx?id=2640986&use=l&cat=p&typeid=i","cat":284464},{"id":6361,"n":"Crème Dépilatoire Siliss Tous types de peaux - 200ml","p":1.79,"u":"8,95 €/L","img":"https://fd1-photos.leclercdrive.fr/image.ashx?id=2602754&use=l&cat=p&typeid=i","cat":325351},{"id":6362,"n":"Mélange Gourmand Tokapi  Graines et raisins - 120g","p":1.29,"u":"10,75 €/KG","img":"https://fd1-photos.leclercdrive.fr/image.ashx?id=2795547&use=l&cat=p&typeid=i","cat":284448},{"id":6364,"n":"Fromage Reblochon de Savoie NRT AOP - 450g","p":6.25,"u":"13,89 €/KG","img":"https://fd1-photos.leclercdrive.fr/image.ashx?id=2663809&use=l&cat=p&typeid=i","cat":314037},{"id":6365,"n":"Galettes sarrasin NRT de Bretagne 230g","p":1.79,"u":"7,78 €/KG","img":"https://fd1-photos.leclercdrive.fr/image.ashx?id=2770259&use=l&cat=p&typeid=i","cat":333672},{"id":6366,"n":"Crêpes de froment NRT de Bretagne 180g","p":1.99,"u":"11,06 €/KG","img":"https://fd1-photos.leclercdrive.fr/image.ashx?id=2771058&use=l&cat=p&typeid=i","cat":333672},{"id":6369,"n":"Pains au lait La Fournée Dorée Aux oeufs frais - x10 - 350g","p":2.29,"u":"6,54 €/KG","img":"https://fd1-photos.leclercdrive.fr/image.ashx?id=2684563&use=l&cat=p&typeid=i","cat":293505},{"id":6388,"n":"Confiture Bonne Maman Mirabelle 370g","p":2.05,"u":"5,54 €/KG","img":"https://fd1-photos.leclercdrive.fr/image.ashx?id=2991891&use=l&cat=p&typeid=i","cat":284480},{"id":6390,"n":"Compotes Andros Pomme banane 750g","p":1.71,"u":"2,28 €/KG","img":"https://fd1-photos.leclercdrive.fr/image.ashx?id=2396114&use=l&cat=p&typeid=i","cat":284508},{"id":6391,"n":"Compotes Andros Pomme poire 750g","p":1.78,"u":"2,37 €/KG","img":"https://fd1-photos.leclercdrive.fr/image.ashx?id=2396117&use=l&cat=p&typeid=i","cat":284508},{"id":6392,"n":"Compotes Andros Pomme vanille 750g","p":1.79,"u":"2,39 €/KG","img":"https://fd1-photos.leclercdrive.fr/image.ashx?id=2396120&use=l&cat=p&typeid=i","cat":284508},{"id":6434,"n":"Eau gazeuse Cristaline 6x1,5L","p":1.8,"u":"0,20 €/L","img":"https://fd1-photos.leclercdrive.fr/image.ashx?id=2694602&use=l&cat=p&typeid=i","cat":284536},{"id":6437,"n":"Fromage P'tit Louis  Filet 8 Portions - 160g","p":2.77,"u":"17,31 €/KG","img":"https://fd1-photos.leclercdrive.fr/image.ashx?id=2845994&use=l&cat=p&typeid=i","cat":314030},{"id":6445,"n":"Bonbons Mentos  Menthe 4 rouleaux - 152g","p":1.59,"u":"10,46 €/KG","img":"https://fd1-photos.leclercdrive.fr/image.ashx?id=2659819&use=l&cat=p&typeid=i","cat":304256},{"id":6447,"n":"Bonbons Mentos  Fruits 4 rouleaux - 152g","p":1.59,"u":"10,46 €/KG","img":"https://fd1-photos.leclercdrive.fr/image.ashx?id=2659561&use=l&cat=p&typeid=i","cat":304256},{"id":6448,"n":"Petits pois carottes Très fins  Notre Jardin -A l'étuvée - 265g","p":0.95,"u":"3,58 €/KG","img":"https://fd1-photos.leclercdrive.fr/image.ashx?id=2987973&use=l&cat=p&typeid=i","cat":312607},{"id":6452,"n":"Flan Délisse Vanille Caramel - 12x100g","p":1.89,"u":"1,58 €/KG","img":"https://fd1-photos.leclercdrive.fr/image.ashx?id=2851637&use=l&cat=p&typeid=i","cat":284420},{"id":6455,"n":"Soufflés Snacks Tokapi Bacon - 60g","p":0.48,"u":"8,00 €/KG","img":"https://fd1-photos.leclercdrive.fr/image.ashx?id=2625062&use=l&cat=p&typeid=i","cat":284449},{"id":6456,"n":"Haricots beurre d'aucy Extra-fins - 220g","p":1.32,"u":"6,00 €/KG","img":"https://fd1-photos.leclercdrive.fr/image.ashx?id=2438123&use=l&cat=p&typeid=i","cat":312606},{"id":6459,"n":"Rillettes Hénaff Porc cuisson lente - 3x78g","p":4.04,"u":"17,26 €/KG","img":"https://fd1-photos.leclercdrive.fr/image.ashx?id=2660601&use=l&cat=p&typeid=i","cat":305149},{"id":6460,"n":"Cassoulet Toulousain   Raynal Et Roquelaure - 420g","p":2.91,"u":"6,93 €/KG","img":"https://fd1-photos.leclercdrive.fr/image.ashx?id=2928390&use=l&cat=p&typeid=i","cat":284440},{"id":6467,"n":"Pâtes Macaroni Turini 1kg","p":1.35,"u":"1,35 €/KG","img":"https://fd1-photos.leclercdrive.fr/image.ashx?id=2980435&use=l&cat=p&typeid=i","cat":284427},{"id":6472,"n":"Miel L'Apiculteur crémeux  et onctueux- 500g","p":5.55,"u":"11,10 €/KG","img":"https://fd1-photos.leclercdrive.fr/image.ashx?id=2854387&use=l&cat=p&typeid=i","cat":287643},{"id":6484,"n":"Alcool modifié Mercurochrome 70° - 200ml","p":2.5,"u":"12,50 €/L","img":"https://fd1-photos.leclercdrive.fr/image.ashx?id=2663974&use=l&cat=p&typeid=i","cat":284630},{"id":6486,"n":"Biscuits apéritif Lay's 3D's Goût Bacon - 85g","p":0.8,"u":"9,41 €/KG","img":"https://fd1-photos.leclercdrive.fr/image.ashx?id=2917414&use=l&cat=p&typeid=i","cat":284449},{"id":6496,"n":"Sauce au Beurre Blan KNORR Échalote - Brique 30cl","p":1.38,"u":"4,60 €/L","img":"https://fd1-photos.leclercdrive.fr/image.ashx?id=2915991&use=l&cat=p&typeid=i","cat":288381},{"id":6500,"n":"Huile d'olive Lesieur Vierge extra - 1L","p":13.49,"u":"13,49 €/L","img":"https://fd1-photos.leclercdrive.fr/image.ashx?id=2190993&use=l&cat=p&typeid=i","cat":284453},{"id":6511,"n":"Pâtes Spaghetti Turini 1kg","p":1.35,"u":"1,35 €/KG","img":"https://fd1-photos.leclercdrive.fr/image.ashx?id=2980764&use=l&cat=p&typeid=i","cat":284427},{"id":6512,"n":"Riz long Comptoir du Grain Sachet cuisson rapide x4 - 500g","p":1.25,"u":"2,50 €/KG","img":"https://fd1-photos.leclercdrive.fr/image.ashx?id=2118454&use=l&cat=p&typeid=i","cat":284428},{"id":6513,"n":"Vinaigre de vin Rustica Aromatisé à l'échalote - 75cl","p":1.35,"u":"1,80 €/L","img":"https://fd1-photos.leclercdrive.fr/image.ashx?id=1659936&use=l&cat=p&typeid=i","cat":298543},{"id":6514,"n":"Margarine Nat & vie Idéal cuisson - 500g","p":1.29,"u":"2,58 €/KG","img":"https://fd1-photos.leclercdrive.fr/image.ashx?id=2881223&use=l&cat=p&typeid=i","cat":315229},{"id":6516,"n":"Gâteaux P'tit Déli Pépites au chocolat 5x30g","p":1.02,"u":"6,80 €/KG","img":"https://fd1-photos.leclercdrive.fr/image.ashx?id=1986647&use=l&cat=p&typeid=i","cat":284495},{"id":6519,"n":"Soufflés Frites Tokapi Salé - 80g","p":0.65,"u":"8,13 €/KG","img":"https://fd1-photos.leclercdrive.fr/image.ashx?id=2486074&use=l&cat=p&typeid=i","cat":284449},{"id":6521,"n":"Pâtes chinoises Tables du Monde 250g","p":1.19,"u":"4,76 €/KG","img":"https://fd1-photos.leclercdrive.fr/image.ashx?id=2572058&use=l&cat=p&typeid=i","cat":288992},{"id":6523,"n":"Champignons Paris Notre Jardin Emincés - 2x115g","p":1.71,"u":"7,43 €/KG","img":"https://fd1-photos.leclercdrive.fr/image.ashx?id=2724696&use=l&cat=p&typeid=i","cat":312610},{"id":6579,"n":"Vinaigre d'alcool coloré Eco+ 1L","p":0.35,"u":"0,35 €/L","img":"https://fd1-photos.leclercdrive.fr/image.ashx?id=2831553&use=l&cat=p&typeid=i","cat":298543},{"id":6580,"n":"Fromage de chévre Les Croisés 150g","p":1.42,"u":"9,47 €/KG","img":"https://fd1-photos.leclercdrive.fr/image.ashx?id=2978510&use=l&cat=p&typeid=i","cat":314031},{"id":6589,"n":"Fromage Chaource NRT AOP  250g","p":3.55,"u":"14,20 €/KG","img":"https://fd1-photos.leclercdrive.fr/image.ashx?id=2874768&use=l&cat=p&typeid=i","cat":329558},{"id":6630,"n":"Pâtes torsettes Turini Les 3 min - 500g","p":0.82,"u":"1,64 €/KG","img":"https://fd1-photos.leclercdrive.fr/image.ashx?id=2607467&use=l&cat=p&typeid=i","cat":284427},{"id":6648,"n":"Boîte chocolats Ferrero Rocher x28 pralines - 350g","p":12.78,"u":"36,51 €/KG","img":"https://fd1-photos.leclercdrive.fr/image.ashx?id=2952884&use=l&cat=p&typeid=i","cat":327600},{"id":6676,"n":"Pain aux noix non tranché   300g","p":1.65,"u":"5,50 €/KG","img":"https://fd1-photos.leclercdrive.fr/image.ashx?id=2062897&use=l&cat=p&typeid=i","cat":284359},{"id":6711,"n":"Spray nettoyant vitres Clair Recharge 750ml","p":1.09,"u":"1,45 €/L","img":"https://fd1-photos.leclercdrive.fr/image.ashx?id=1647691&use=l&cat=p&typeid=i","cat":325363},{"id":6712,"n":"Spray nettoyant vitres Clair 750ml","p":1.29,"u":"1,72 €/L","img":"https://fd1-photos.leclercdrive.fr/image.ashx?id=2943623&use=l&cat=p&typeid=i","cat":325363},{"id":6715,"n":"Assiette charcuterie Saint Azay 200g","p":3.11,"u":"15,55 €/KG","img":"https://fd1-photos.leclercdrive.fr/image.ashx?id=2417734&use=l&cat=p&typeid=i","cat":316007},{"id":6780,"n":"Ail semoule Ducros 60g","p":1.6,"u":"26,67 €/KG","img":"https://fd1-photos.leclercdrive.fr/image.ashx?id=2498672&use=l&cat=p&typeid=i","cat":298297},{"id":6782,"n":"Cannelle en bâton Ducros 10g","p":1.98,"u":"198,00 €/KG","img":"https://fd1-photos.leclercdrive.fr/image.ashx?id=1748573&use=l&cat=p&typeid=i","cat":298297},{"id":6788,"n":"Herbes de provence Ducros 18g","p":0.98,"u":"54,44 €/KG","img":"https://fd1-photos.leclercdrive.fr/image.ashx?id=2486533&use=l&cat=p&typeid=i","cat":298297},{"id":6791,"n":"Piment de cayenne moulu Ducros Extra fort - 38g","p":1.89,"u":"49,74 €/KG","img":"https://fd1-photos.leclercdrive.fr/image.ashx?id=2559433&use=l&cat=p&typeid=i","cat":298297},{"id":6797,"n":"Herbes de Provence Ducros 120g","p":3.06,"u":"25,50 €/KG","img":"https://fd1-photos.leclercdrive.fr/image.ashx?id=2383571&use=l&cat=p&typeid=i","cat":298297},{"id":6798,"n":"Safran en poudre Ducros 3 doses de 0.1g","p":4.24,"img":"https://fd1-photos.leclercdrive.fr/image.ashx?id=2490488&use=l&cat=p&typeid=i","cat":298297},{"id":6800,"n":"Baies roses entières Ducros 20g","p":2.61,"u":"130,50 €/KG","img":"https://fd1-photos.leclercdrive.fr/image.ashx?id=2486575&use=l&cat=p&typeid=i","cat":284457},{"id":6803,"n":"Pralin Vahiné 100g","p":2.34,"u":"23,40 €/KG","img":"https://fd1-photos.leclercdrive.fr/image.ashx?id=2559775&use=l&cat=p&typeid=i","cat":284504},{"id":6806,"n":"Bougies d'anniversaire Vahiné Couleur divers - 16 pièces","p":1.49,"u":"0,09 €/P","img":"https://fd1-photos.leclercdrive.fr/image.ashx?id=1865903&use=l&cat=p&typeid=i","cat":284504},{"id":6809,"n":"Arôme naturel de vanille Vahiné Liquide 50ml","p":4.08,"u":"81,60 €/L","img":"https://fd1-photos.leclercdrive.fr/image.ashx?id=2541193&use=l&cat=p&typeid=i","cat":284504},{"id":6810,"n":"Nappage chocolat Vahiné 350g","p":2.85,"u":"8,14 €/KG","img":"https://fd1-photos.leclercdrive.fr/image.ashx?id=2938656&use=l&cat=p&typeid=i","cat":284504},{"id":6838,"n":"Joker Pur Jus Engagé Orange  avec pulpe - 1L","p":3.23,"u":"3,23 €/L","img":"https://fd1-photos.leclercdrive.fr/image.ashx?id=3001284&use=l&cat=p&typeid=i","cat":284521},{"id":6843,"n":"AOP Champagne Alfred Rothschild Brut 12.5%vol - 75cl","p":22.19,"u":"29,59 €/L","img":"https://fd1-photos.leclercdrive.fr/image.ashx?id=2979683&use=l&cat=p&typeid=i","cat":284542},{"id":6847,"n":"Canapés toasts Epi d'Or Briochés - 250g","p":1.12,"u":"4,48 €/KG","img":"https://fd1-photos.leclercdrive.fr/image.ashx?id=2564488&use=l&cat=p&typeid=i","cat":285454},{"id":6879,"n":"Fromage Gouda Les Croisés En tranche - 200g","p":1.97,"u":"9,85 €/KG","img":"https://fd1-photos.leclercdrive.fr/image.ashx?id=2028173&use=l&cat=p&typeid=i","cat":314028},{"id":6880,"n":"Fromage Mimolette Les Croisés En tranche x8 - 200g","p":1.85,"u":"9,25 €/KG","img":"https://fd1-photos.leclercdrive.fr/image.ashx?id=2028176&use=l&cat=p&typeid=i","cat":314028},{"id":6881,"n":"Fromage Maasdam Les Croisés En tranche x8 - 200g","p":1.91,"u":"9,55 €/KG","img":"https://fd1-photos.leclercdrive.fr/image.ashx?id=1990673&use=l&cat=p&typeid=i","cat":314028},{"id":6892,"n":"Pâtes Piccolini Barilla Mini Pipe Rigate- 500g","p":1.17,"u":"2,34 €/KG","img":"https://fd1-photos.leclercdrive.fr/image.ashx?id=2964108&use=l&cat=p&typeid=i","cat":284427},{"id":6912,"n":"Coussinets Mots d'Enfants D'allaitement - x36","p":3.95,"img":"https://fd1-photos.leclercdrive.fr/image.ashx?id=1902701&use=l&cat=p&typeid=i","cat":289435},{"id":6913,"n":"Comprimés de stérilisation Mots d'enfants x30","p":2.95,"img":"https://fd1-photos.leclercdrive.fr/image.ashx?id=581487&use=l&cat=p&typeid=i","cat":289435},{"id":6915,"n":"Bloc bureau Esquisse - 80 pages 14.8x21cm","p":1.69,"img":"https://fd1-photos.leclercdrive.fr/image.ashx?id=1928752&use=l&cat=p&typeid=i","cat":284697},{"id":6928,"n":"Préparation pour fondue Les Croisés 18%mg 400g","p":3.42,"u":"8,55 €/KG","img":"https://fd1-photos.leclercdrive.fr/image.ashx?id=2791761&use=l&cat=p&typeid=i","cat":314037},{"id":6979,"n":"AOC Crémant Gratien & Meyer Blanc - Brut - 75cl","p":6.65,"u":"8,87 €/L","img":"https://fd1-photos.leclercdrive.fr/image.ashx?id=2104357&use=l&cat=p&typeid=i","cat":284545},{"id":7000,"n":"Céréales Babybio Bio 6 mois Vanille - 220g","p":4.23,"u":"19,23 €/KG","img":"https://fd1-photos.leclercdrive.fr/image.ashx?id=2733250&use=l&cat=p&typeid=i","cat":312225},{"id":7001,"n":"Céréales Babybio - Dès 8 mois Bio Cacao  - 220g","p":4.04,"u":"18,36 €/KG","img":"https://fd1-photos.leclercdrive.fr/image.ashx?id=2837751&use=l&cat=p&typeid=i","cat":312225},{"id":7005,"n":"Petits pots Babybio - 4 mois Bio Légumes verts - 2x130g","p":2.18,"u":"8,38 €/KG","img":"https://fd1-photos.leclercdrive.fr/image.ashx?id=2733271&use=l&cat=p&typeid=i","cat":312234},{"id":7006,"n":"Repas bébé Bio Babybio - 4 mois Carotte & Potimarron - 2x130g","p":1.99,"u":"7,65 €/KG","img":"https://fd1-photos.leclercdrive.fr/image.ashx?id=2837757&use=l&cat=p&typeid=i","cat":312234},{"id":7007,"n":"Petits pots Babybio 6 mois - Petits pois - 2x130g","p":1.97,"u":"7,58 €/KG","img":"https://fd1-photos.leclercdrive.fr/image.ashx?id=2827446&use=l&cat=p&typeid=i","cat":312235},{"id":7008,"n":"Repas bébé epinard  Babybio Bio - Pomme de terre  2x130g","p":1.96,"u":"7,54 €/KG","img":"https://fd1-photos.leclercdrive.fr/image.ashx?id=2827449&use=l&cat=p&typeid=i","cat":312234},{"id":7010,"n":"Repas bébé Babybio - 4 mois Panais Bio - 2x130g","p":2.04,"u":"7,85 €/KG","img":"https://fd1-photos.leclercdrive.fr/image.ashx?id=2827452&use=l&cat=p&typeid=i","cat":312234},{"id":7013,"n":"Compote bébé Babybio Bio 4 mois Pomme / Pêche - 2x130g","p":1.97,"u":"7,58 €/KG","img":"https://fd1-photos.leclercdrive.fr/image.ashx?id=2859362&use=l&cat=p&typeid=i","cat":312387},{"id":7014,"n":"Compote bébé bio Babybio Pomme abricot - 4 mois - 2x130g","p":1.91,"u":"7,35 €/KG","img":"https://fd1-photos.leclercdrive.fr/image.ashx?id=2838320&use=l&cat=p&typeid=i","cat":312387},{"id":7016,"n":"Compote bébé Babybio Bio 4 mois Pomme / Pruneau - 2x130g","p":1.96,"u":"7,54 €/KG","img":"https://fd1-photos.leclercdrive.fr/image.ashx?id=2838326&use=l&cat=p&typeid=i","cat":312387},{"id":7018,"n":"Dessert bébé BabyBio - 6 mois Délice de Fruits Bio - 2x130g","p":1.91,"u":"7,35 €/KG","img":"https://fd1-photos.leclercdrive.fr/image.ashx?id=2838329&use=l&cat=p&typeid=i","cat":312388},{"id":7029,"n":"Velouté de carotte Régal A la Crème fraîche - 1L","p":1.41,"u":"1,41 €/L","img":"https://fd1-photos.leclercdrive.fr/image.ashx?id=2905889&use=l&cat=p&typeid=i","cat":284462},{"id":7030,"n":"Sauce Tomate cuisinée Turini Aux petits légumes - 180g","p":0.84,"u":"4,67 €/KG","img":"https://fd1-photos.leclercdrive.fr/image.ashx?id=2490034&use=l&cat=p&typeid=i","cat":288384},{"id":7056,"n":"Soupe de poissons MSC Pêche Océan - 1kg","p":2.99,"u":"2,99 €/KG","img":"https://fd1-photos.leclercdrive.fr/image.ashx?id=2480060&use=l&cat=p&typeid=i","cat":287366},{"id":7071,"n":"Petits Boudoirs Babybio Bio - Orange Douce - 120g","p":2.68,"u":"22,33 €/KG","img":"https://fd1-photos.leclercdrive.fr/image.ashx?id=2733262&use=l&cat=p&typeid=i","cat":312227},{"id":7082,"n":"AOP Côtes du Marmandais rosé La Vieille église - 75cl","p":3.05,"u":"4,07 €/L","img":"https://fd1-photos.leclercdrive.fr/image.ashx?id=2258685&use=l&cat=p&typeid=i","cat":289558},{"id":7126,"n":"Riz cantonais  Traditions d'Asie - 400g","p":3.72,"u":"9,30 €/KG","img":"https://fd1-photos.leclercdrive.fr/image.ashx?id=2505043&use=l&cat=p&typeid=i","cat":333673},{"id":7128,"n":"Porc au caramel Tables du Monde Riz thaï 300g","p":3.05,"u":"10,17 €/KG","img":"https://fd1-photos.leclercdrive.fr/image.ashx?id=2700957&use=l&cat=p&typeid=i","cat":333665},{"id":7190,"n":"Lait coco Kara - Brique 500ml","p":2.55,"u":"5,10 €/KG","img":"https://fd1-photos.leclercdrive.fr/image.ashx?id=2906898&use=l&cat=p&typeid=i","cat":288992},{"id":7191,"n":"Nouilles chinoises Tanoshi blé tendre - 250g","p":1.16,"u":"4,64 €/KG","img":"https://fd1-photos.leclercdrive.fr/image.ashx?id=2850892&use=l&cat=p&typeid=i","cat":288992},{"id":7199,"n":"Crème noix coco Kara - brique de 200ml","p":1.64,"u":"8,20 €/KG","img":"https://fd1-photos.leclercdrive.fr/image.ashx?id=2906892&use=l&cat=p&typeid=i","cat":288992},{"id":7216,"n":"Talc bébé Mots d'Enfants 250g","p":1.89,"u":"7,56 €/KG","img":"https://fd1-photos.leclercdrive.fr/image.ashx?id=3015033&use=l&cat=p&typeid=i","cat":284741},{"id":7279,"n":"Lait frais GrandLait Bio Entier - Bouteille 1L","p":1.99,"u":"1,99 €/L","img":"https://fd1-photos.leclercdrive.fr/image.ashx?id=2916192&use=l&cat=p&typeid=i","cat":285609},{"id":7283,"n":"Compote Douceur du Verger Pomme banane - 4x100g","p":1.25,"u":"3,13 €/KG","img":"https://fd1-photos.leclercdrive.fr/image.ashx?id=2956906&use=l&cat=p&typeid=i","cat":284416},{"id":7284,"n":"Compote Douceur du Verger Pomme Fraise - 4x100g","p":1.09,"u":"2,73 €/KG","img":"https://fd1-photos.leclercdrive.fr/image.ashx?id=3009779&use=l&cat=p&typeid=i","cat":284416},{"id":7289,"n":"Crème Dépilatoire Siliss Peaux sensibles - 200ml","p":1.79,"u":"8,95 €/L","img":"https://fd1-photos.leclercdrive.fr/image.ashx?id=2699675&use=l&cat=p&typeid=i","cat":325351},{"id":7293,"n":"Râpé 3 fromages Les Croisés 200g","p":1.79,"u":"8,95 €/KG","img":"https://fd1-photos.leclercdrive.fr/image.ashx?id=2860067&use=l&cat=p&typeid=i","cat":314035},{"id":7294,"n":"Huile de tournesol Bio Village Bio - 75cl","p":3.59,"u":"4,79 €/L","img":"https://fd1-photos.leclercdrive.fr/image.ashx?id=2894746&use=l&cat=p&typeid=i","cat":284453},{"id":7315,"n":"Concentré de tomates Eco+ 2x140g","p":1.28,"u":"4,57 €/KG","img":"https://fd1-photos.leclercdrive.fr/image.ashx?id=2683511&use=l&cat=p&typeid=i","cat":288384},{"id":7316,"n":"Concentré de tomates Eco+ 3x70g","p":1.75,"u":"8,33 €/KG","img":"https://fd1-photos.leclercdrive.fr/image.ashx?id=2681571&use=l&cat=p&typeid=i","cat":288384},{"id":7339,"n":"Soupe déshydratée Knorr  Douceur d'asperges - 96g","p":1.02,"u":"10,63 €/KG","img":"https://fd1-photos.leclercdrive.fr/image.ashx?id=2790588&use=l&cat=p&typeid=i","cat":284463},{"id":7344,"n":"Pâtes petits paniers Panzani 500g","p":1.21,"u":"2,42 €/KG","img":"https://fd1-photos.leclercdrive.fr/image.ashx?id=2876014&use=l&cat=p&typeid=i","cat":284427},{"id":7345,"n":"Pâtes serpentini Panzani 500g","p":1.01,"u":"2,02 €/KG","img":"https://fd1-photos.leclercdrive.fr/image.ashx?id=2876044&use=l&cat=p&typeid=i","cat":284427},{"id":7349,"n":"Croquettes chat One Purina Stérilisé - Boeuf/Blé - 450g","p":2.58,"u":"5,73 €/KG","img":"https://fd1-photos.leclercdrive.fr/image.ashx?id=2681044&use=l&cat=p&typeid=i","cat":284680},{"id":7359,"n":"Gorgonzola AOP Les Croisés -150g","p":2.47,"u":"16,47 €/KG","img":"https://fd1-photos.leclercdrive.fr/image.ashx?id=2796037&use=l&cat=p&typeid=i","cat":314032},{"id":7360,"n":"Mortadelle Italienne Saint Azay 12 tranches 150g","p":2.14,"u":"14,27 €/KG","img":"https://fd1-photos.leclercdrive.fr/image.ashx?id=2704481&use=l&cat=p&typeid=i","cat":316009},{"id":7361,"n":"Fromage Edam Les Croisés En tranche x8 - 200g","p":1.97,"u":"9,85 €/KG","img":"https://fd1-photos.leclercdrive.fr/image.ashx?id=2041351&use=l&cat=p&typeid=i","cat":314028},{"id":7362,"n":"Riz Basmati Comptoir du Grain Express 2 min - 250g","p":0.99,"u":"3,96 €/KG","img":"https://fd1-photos.leclercdrive.fr/image.ashx?id=2441192&use=l&cat=p&typeid=i","cat":287600},{"id":7363,"n":"Riz Express Comptoir du Grain A la méditerranéenne - 250g","p":1.2,"u":"4,80 €/KG","img":"https://fd1-photos.leclercdrive.fr/image.ashx?id=2856474&use=l&cat=p&typeid=i","cat":287600},{"id":7364,"n":"Sauce au poivre vert Rustica 30g","p":0.6,"u":"20,00 €/KG","img":"https://fd1-photos.leclercdrive.fr/image.ashx?id=2965422&use=l&cat=p&typeid=i","cat":288381},{"id":7369,"n":"Chiffonades de rosette Saint Azay - 100g","p":2.0,"u":"20,00 €/KG","img":"https://fd1-photos.leclercdrive.fr/image.ashx?id=2401891&use=l&cat=p&typeid=i","cat":316007},{"id":7375,"n":"Lunettes de Romans NRT Fraise - 350g","p":2.75,"u":"7,86 €/KG","img":"https://fd1-photos.leclercdrive.fr/image.ashx?id=2791920&use=l&cat=p&typeid=i","cat":284489},{"id":7376,"n":"Lunettes de Romans NRT Myrtille - 350g","p":2.89,"u":"8,26 €/KG","img":"https://fd1-photos.leclercdrive.fr/image.ashx?id=2791923&use=l&cat=p&typeid=i","cat":284487},{"id":7378,"n":"Jambon d'Auvergne IGP NRT x4 - 100g","p":3.45,"u":"34,50 €/KG","img":"https://fd1-photos.leclercdrive.fr/image.ashx?id=2670419&use=l&cat=p&typeid=i","cat":316007},{"id":7379,"n":"Jambon de Savoie NRT x6 - 90g","p":2.66,"u":"29,56 €/KG","img":"https://fd1-photos.leclercdrive.fr/image.ashx?id=2670422&use=l&cat=p&typeid=i","cat":316007},{"id":7381,"n":"Sachet repas chats Gourmet 4 variétés poissons - 4x85g","p":1.81,"u":"5,32 €/KG","img":"https://fd1-photos.leclercdrive.fr/image.ashx?id=2867788&use=l&cat=p&typeid=i","cat":285286},{"id":7424,"n":"Bouillon Cubes bouquet garni Knorr - thym persil laurier -x9","p":1.28,"u":"12,93 €/KG","img":"https://fd1-photos.leclercdrive.fr/image.ashx?id=2915667&use=l&cat=p&typeid=i","cat":288379},{"id":7425,"n":"Jus de rôti Knorr 8 tablettes 72g","p":1.53,"u":"21,25 €/KG","img":"https://fd1-photos.leclercdrive.fr/image.ashx?id=2770353&use=l&cat=p&typeid=i","cat":288379},{"id":7427,"n":"Huile d'olive Puget Vierge extra - 50cl","p":6.7,"u":"13,40 €/L","img":"https://fd1-photos.leclercdrive.fr/image.ashx?id=2915877&use=l&cat=p&typeid=i","cat":284453},{"id":7431,"n":"Huile de friture Frial Lesieur 1l","p":3.28,"u":"3,28 €/L","img":"https://fd1-photos.leclercdrive.fr/image.ashx?id=2916851&use=l&cat=p&typeid=i","cat":284453},{"id":7432,"n":"Huile de friture Frial Lesieur 2L","p":5.94,"u":"2,97 €/L","img":"https://fd1-photos.leclercdrive.fr/image.ashx?id=2916857&use=l&cat=p&typeid=i","cat":284453},{"id":7436,"n":"Assortiment biscuits P'tit Déli Biscuits fins - 750g","p":7.8,"u":"10,40 €/KG","img":"https://fd1-photos.leclercdrive.fr/image.ashx?id=2535643&use=l&cat=p&typeid=i","cat":284490},{"id":7437,"n":"Pâte brisée Tablier Blanc Au beurre - 230g","p":1.17,"u":"5,09 €/KG","img":"https://fd1-photos.leclercdrive.fr/image.ashx?id=2635892&use=l&cat=p&typeid=i","cat":333681},{"id":7439,"n":"Vinaigrette Rustica Nature - 1L","p":1.76,"u":"1,76 €/L","img":"https://fd1-photos.leclercdrive.fr/image.ashx?id=1972904&use=l&cat=p&typeid=i","cat":284456},{"id":7441,"n":"Huile de friture Rustica 1L","p":2.75,"u":"2,75 €/L","img":"https://fd1-photos.leclercdrive.fr/image.ashx?id=2900331&use=l&cat=p&typeid=i","cat":284453},{"id":7443,"n":"Dessert fruitier pomme poire Douceur du Verger s/sucre 4x97g","p":1.25,"u":"3,22 €/KG","img":"https://fd1-photos.leclercdrive.fr/image.ashx?id=2956912&use=l&cat=p&typeid=i","cat":284416},{"id":7444,"n":"Dessert fruitier pomme Douceur du Verger s/sucre 4x97g","p":1.05,"u":"2,71 €/KG","img":"https://fd1-photos.leclercdrive.fr/image.ashx?id=2979340&use=l&cat=p&typeid=i","cat":284416},{"id":7448,"n":"Compote Douceur du Verger Coupelle pomme pruneau - 4x100g","p":1.36,"u":"3,40 €/KG","img":"https://fd1-photos.leclercdrive.fr/image.ashx?id=2663479&use=l&cat=p&typeid=i","cat":284508},{"id":7450,"n":"Gâteaux fourrés P'tit Déli Fraise x7 - 196g","p":2.8,"u":"14,29 €/KG","img":"https://fd1-photos.leclercdrive.fr/image.ashx?id=2659777&use=l&cat=p&typeid=i","cat":284495},{"id":7451,"n":"Biscuits P'tit Déli Goûters Fourrés au chocolat 2x300g","p":2.3,"u":"3,83 €/KG","img":"https://fd1-photos.leclercdrive.fr/image.ashx?id=2116182&use=l&cat=p&typeid=i","cat":284488},{"id":7452,"n":"Tubes Fromage blanc Délisse 3 parfums - 12 x40g","p":2.38,"u":"4,96 €/KG","img":"https://fd1-photos.leclercdrive.fr/image.ashx?id=2884231&use=l&cat=p&typeid=i","cat":284415},{"id":7455,"n":"Fromage Bleu des Causses NRT  AOP - 125g","p":2.13,"u":"17,04 €/KG","img":"https://fd1-photos.leclercdrive.fr/image.ashx?id=2771043&use=l&cat=p&typeid=i","cat":314032},{"id":7457,"n":"Yaourts de Savoie NRT  Fraise Cerise - 4x150g","p":2.35,"u":"3,92 €/KG","img":"https://fd1-photos.leclercdrive.fr/image.ashx?id=2920803&use=l&cat=p&typeid=i","cat":284410},{"id":7459,"n":"Pâtes Barilla Spaghetti n°5 - 500g","p":0.94,"u":"1,88 €/KG","img":"https://fd1-photos.leclercdrive.fr/image.ashx?id=2392200&use=l&cat=p&typeid=i","cat":284427},{"id":7466,"n":"Pain grillé Epi d'or Brioché x26 - 300g","p":2.15,"u":"7,17 €/KG","img":"https://fd1-photos.leclercdrive.fr/image.ashx?id=2532835&use=l&cat=p&typeid=i","cat":284479},{"id":7529,"n":"Fromage Comté Entremont 200g","p":3.08,"u":"15,40 €/KG","img":"https://fd1-photos.leclercdrive.fr/image.ashx?id=2983144&use=l&cat=p&typeid=i","cat":314034},{"id":7530,"n":"Crème fraîche épaisse Bridélice 15%mg 20cl","p":0.83,"u":"4,15 €/L","img":"https://fd1-photos.leclercdrive.fr/image.ashx?id=2970873&use=l&cat=p&typeid=i","cat":284381},{"id":7540,"n":"Barquette chiens Lydog Au Poulet et Rognons - 300g","p":1.35,"u":"4,50 €/KG","img":"https://fd1-photos.leclercdrive.fr/image.ashx?id=2042427&use=l&cat=p&typeid=i","cat":284673},{"id":7541,"n":"Barquette chiens Lydog Au Boeuf et Coeur - 300g","p":1.59,"u":"5,30 €/KG","img":"https://fd1-photos.leclercdrive.fr/image.ashx?id=2042430&use=l&cat=p&typeid=i","cat":284673},{"id":7548,"n":"Ail Rustica 100g","p":1.69,"u":"16,90 €/KG","img":"https://fd1-photos.leclercdrive.fr/image.ashx?id=2365451&use=l&cat=p&typeid=i","cat":319804},{"id":7549,"n":"Persil Rustica 50g","p":0.99,"u":"19,80 €/KG","img":"https://fd1-photos.leclercdrive.fr/image.ashx?id=2365454&use=l&cat=p&typeid=i","cat":319804},{"id":7557,"n":"Olives à l'ail Couleurs Vives 150g","p":1.99,"u":"13,27 €/KG","img":"https://fd1-photos.leclercdrive.fr/image.ashx?id=2518508&use=l&cat=p&typeid=i","cat":316002},{"id":7563,"n":"Coulis de tomate bio Jardin Bio 500g","p":1.68,"u":"3,36 €/KG","img":"https://fd1-photos.leclercdrive.fr/image.ashx?id=2918841&use=l&cat=p&typeid=i","cat":288384},{"id":7573,"n":"Infusion Bio Jardin Bio' Draineur - x20 sachets - 30g","p":2.7,"u":"90,00 €/KG","img":"https://fd1-photos.leclercdrive.fr/image.ashx?id=2792525&use=l&cat=p&typeid=i","cat":293234},{"id":7578,"n":"Thé vert bio orange Jardin Bio' Bergamote Max Havelaar x20 30g","p":2.55,"u":"85,00 €/KG","img":"https://fd1-photos.leclercdrive.fr/image.ashx?id=2792666&use=l&cat=p&typeid=i","cat":293233},{"id":7585,"n":"Echalote Rustica 100g","p":1.69,"u":"16,90 €/KG","img":"https://fd1-photos.leclercdrive.fr/image.ashx?id=2365457&use=l&cat=p&typeid=i","cat":319804},{"id":7586,"n":"Fond de veau Rustica 110g","p":2.11,"u":"19,18 €/KG","img":"https://fd1-photos.leclercdrive.fr/image.ashx?id=2188679&use=l&cat=p&typeid=i","cat":288379},{"id":7589,"n":"Biscuits Mikado LU Chocolat au lait - 3x39g","p":2.16,"u":"18,46 €/KG","img":"https://fd1-photos.leclercdrive.fr/image.ashx?id=3001970&use=l&cat=p&typeid=i","cat":284488},{"id":7598,"n":"Ravioli de volaille Jardin Bio' Bio - 700g","p":4.04,"u":"5,77 €/KG","img":"https://fd1-photos.leclercdrive.fr/image.ashx?id=2950183&use=l&cat=p&typeid=i","cat":284442},{"id":7599,"n":"Haricots verts Jardin Bio' Bio extra fin coupés - 360g","p":2.41,"u":"6,69 €/KG","img":"https://fd1-photos.leclercdrive.fr/image.ashx?id=2967151&use=l&cat=p&typeid=i","cat":312606},{"id":7600,"n":"Petits pois carottes JardinBio' Bio - 420g","p":2.74,"u":"6,52 €/KG","img":"https://fd1-photos.leclercdrive.fr/image.ashx?id=2947958&use=l&cat=p&typeid=i","cat":312607},{"id":7601,"n":"Dessert fruitier Jardin Bio' bio Pomme vanille bourbon 680g","p":2.69,"u":"3,96 €/KG","img":"https://fd1-photos.leclercdrive.fr/image.ashx?id=2967786&use=l&cat=p&typeid=i","cat":284508},{"id":7610,"n":"Préparation crêpes Francine 380g","p":1.72,"u":"4,53 €/KG","img":"https://fd1-photos.leclercdrive.fr/image.ashx?id=2989120&use=l&cat=p&typeid=i","cat":284505},{"id":7646,"n":"Spaghetti Jardin Bio Bio quinoa persil ail - 500g","p":2.03,"u":"4,06 €/KG","img":"https://fd1-photos.leclercdrive.fr/image.ashx?id=3014542&use=l&cat=p&typeid=i","cat":284427},{"id":7665,"n":"Camembert Lanquetot Moulé à la louche - 250g","p":2.98,"u":"11,92 €/KG","img":"https://fd1-photos.leclercdrive.fr/image.ashx?id=2945484&use=l&cat=p&typeid=i","cat":314033},{"id":7672,"n":"Cordon Bleu Le Gaulois Poulet - 200g","p":1.98,"u":"9,90 €/KG","img":"https://fd1-photos.leclercdrive.fr/image.ashx?id=2860223&use=l&cat=p&typeid=i","cat":333683},{"id":7694,"n":"Magret de canard Sud Ouest NRT Fumé - 90g","p":3.79,"u":"42,11 €/KG","img":"https://fd1-photos.leclercdrive.fr/image.ashx?id=2958380&use=l&cat=p&typeid=i","cat":316007},{"id":7750,"n":"Boulghour bio Céréal Bio  repas express 250g","p":2.01,"u":"8,04 €/KG","img":"https://fd1-photos.leclercdrive.fr/image.ashx?id=2575045&use=l&cat=p&typeid=i","cat":284429},{"id":7761,"n":"Galette Croq'Soja Céréal Bio  Bio provençale x2 200g","p":2.21,"u":"11,05 €/KG","img":"https://fd1-photos.leclercdrive.fr/image.ashx?id=2574296&use=l&cat=p&typeid=i","cat":284953},{"id":7816,"n":"Petit pois carottes D'aucy Extra-fins 3x530g","p":4.49,"u":"2,82 €/KG","img":"https://fd1-photos.leclercdrive.fr/image.ashx?id=2916767&use=l&cat=p&typeid=i","cat":312607},{"id":7857,"n":"Croquettes chiens Fido Au boeuf 1kg","p":2.85,"u":"2,85 €/KG","img":"https://fd1-photos.leclercdrive.fr/image.ashx?id=2972964&use=l&cat=p&typeid=i","cat":294526},{"id":7864,"n":"Yaourts sucrés Délisse Nature  - 4x125g","p":0.99,"u":"1,98 €/KG","img":"https://fd1-photos.leclercdrive.fr/image.ashx?id=2590415&use=l&cat=p&typeid=i","cat":284409},{"id":7887,"n":"Selles-sur-Cher NRT AOP  Fromage de chèvre - 150g","p":3.49,"u":"23,27 €/KG","img":"https://fd1-photos.leclercdrive.fr/image.ashx?id=2586031&use=l&cat=p&typeid=i","cat":314031},{"id":7889,"n":"Fromage Reblochon NRT AOP 240g","p":3.71,"u":"15,46 €/KG","img":"https://fd1-photos.leclercdrive.fr/image.ashx?id=2933337&use=l&cat=p&typeid=i","cat":314037},{"id":7972,"n":"Beurre Moulé Paysan Breton Doux - 82%MG - 250g","p":3.34,"u":"13,36 €/KG","img":"https://fd1-photos.leclercdrive.fr/image.ashx?id=2946943&use=l&cat=p&typeid=i","cat":284379},{"id":7977,"n":"Charcennay Fromagerie Milleret 160g","p":1.75,"u":"10,94 €/KG","img":"https://fd1-photos.leclercdrive.fr/image.ashx?id=2450907&use=l&cat=p&typeid=i","cat":329558},{"id":7980,"n":"Saucisse Colmett Tempé A tartiner 150g","p":1.87,"u":"12,47 €/KG","img":"https://fd1-photos.leclercdrive.fr/image.ashx?id=2106433&use=l&cat=p&typeid=i","cat":316012},{"id":7993,"n":"Beurre d'escargot Rustica Ail et persil - 250g","p":3.49,"u":"13,96 €/KG","img":"https://fd1-photos.leclercdrive.fr/image.ashx?id=1915569&use=l&cat=p&typeid=i","cat":319775},{"id":7997,"n":"Mascarpone Galbani 250g","p":2.69,"u":"10,76 €/KG","img":"https://fd1-photos.leclercdrive.fr/image.ashx?id=3009173&use=l&cat=p&typeid=i","cat":314026},{"id":8003,"n":"Fromage Enfant Kiri Goûter 5 portions barquettes - 175g","p":2.29,"u":"13,09 €/KG","img":"https://fd1-photos.leclercdrive.fr/image.ashx?id=2972883&use=l&cat=p&typeid=i","cat":314030},{"id":8008,"n":"Pizza Cuite sur pierre Turini Fruits de Mer - 400g","p":3.15,"u":"7,88 €/KG","img":"https://fd1-photos.leclercdrive.fr/image.ashx?id=2815202&use=l&cat=p&typeid=i","cat":284256},{"id":8012,"n":"Friandises pour chien Lydog Biscuits fourrés Viande - 500g","p":1.29,"u":"2,58 €/KG","img":"https://fd1-photos.leclercdrive.fr/image.ashx?id=2191114&use=l&cat=p&typeid=i","cat":294527},{"id":8013,"n":"Friandises pour chien Lydog Biscuits croquants - 500g","p":1.29,"u":"2,58 €/KG","img":"https://fd1-photos.leclercdrive.fr/image.ashx?id=1954353&use=l&cat=p&typeid=i","cat":294527},{"id":8017,"n":"Pâtes Penne Regate Turini 500g","p":0.59,"u":"1,18 €/KG","img":"https://fd1-photos.leclercdrive.fr/image.ashx?id=2980773&use=l&cat=p&typeid=i","cat":284427},{"id":8024,"n":"Barquette chiens Lydog 3 saveurs - 3x300g","p":3.78,"u":"4,20 €/KG","img":"https://fd1-photos.leclercdrive.fr/image.ashx?id=2050639&use=l&cat=p&typeid=i","cat":284673},{"id":8025,"n":"Barquette chiens Lydog 3 saveurs - 3x300g","p":3.79,"u":"4,21 €/KG","img":"https://fd1-photos.leclercdrive.fr/image.ashx?id=2050642&use=l&cat=p&typeid=i","cat":284673},{"id":8026,"n":"Soupe Velouté Régal Soupe Poireaux Pommes de terre 2x30cl","p":1.07,"u":"1,78 €/L","img":"https://fd1-photos.leclercdrive.fr/image.ashx?id=2607440&use=l&cat=p&typeid=i","cat":284462},{"id":8027,"n":"Soupe Velouté Régal Soupe 10 légumes - 2x30cl","p":1.19,"u":"1,98 €/L","img":"https://fd1-photos.leclercdrive.fr/image.ashx?id=2607443&use=l&cat=p&typeid=i","cat":284462},{"id":8032,"n":"Nougat tendre de Montélimar NRT Barre 200g","p":3.99,"u":"19,95 €/KG","img":"https://fd1-photos.leclercdrive.fr/image.ashx?id=2991151&use=l&cat=p&typeid=i","cat":304249},{"id":8120,"n":"Cassoulet Saucisse de Toulouse Côté Table - 840g","p":3.63,"u":"4,32 €/KG","img":"https://fd1-photos.leclercdrive.fr/image.ashx?id=2977129&use=l&cat=p&typeid=i","cat":284440},{"id":8121,"n":"Glace Cône Mini Smicy Vanille Chocolat x10 - 175g","p":2.48,"u":"14,17 €/KG","img":"https://fd1-photos.leclercdrive.fr/image.ashx?id=2698168&use=l&cat=p&typeid=i","cat":285250},{"id":8125,"n":"Spaghetti Frais Turini 350g","p":1.49,"u":"4,26 €/KG","img":"https://fd1-photos.leclercdrive.fr/image.ashx?id=2840470&use=l&cat=p&typeid=i","cat":333682},{"id":8129,"n":"Soupe Mouliné Régal Soupe 10 légumes variés - 2x30cl","p":1.45,"u":"2,42 €/L","img":"https://fd1-photos.leclercdrive.fr/image.ashx?id=2607476&use=l&cat=p&typeid=i","cat":284462},{"id":8136,"n":"Biscuits raisin GERBLE  - 4x5, 360g","p":1.56,"u":"4,33 €/KG","img":"https://fd1-photos.leclercdrive.fr/image.ashx?id=2578726&use=l&cat=p&typeid=i","cat":318651},{"id":8178,"n":"Infusion Tisea Douce soirée 25 sachets","p":0.99,"u":"28,29 €/KG","img":"https://fd1-photos.leclercdrive.fr/image.ashx?id=2553902&use=l&cat=p&typeid=i","cat":293234},{"id":8181,"n":"Mini Paniers Côté Table x20 - 280g","p":6.12,"u":"21,86 €/KG","img":"https://fd1-photos.leclercdrive.fr/image.ashx?id=2228280&use=l&cat=p&typeid=i","cat":319774},{"id":8182,"n":"Mini Feuilletés Côté Table Saucisse x20 - 350g","p":4.19,"u":"11,97 €/KG","img":"https://fd1-photos.leclercdrive.fr/image.ashx?id=2622016&use=l&cat=p&typeid=i","cat":319774},{"id":8210,"n":"Barquettes chats Tous mes amis Mousselines 4 variétés - 12x85g","p":4.79,"u":"4,70 €/KG","img":"https://fd1-photos.leclercdrive.fr/image.ashx?id=2860727&use=l&cat=p&typeid=i","cat":285286},{"id":8232,"n":"Pâtes fraîches Schneider Spaetzle aux oeufs frais - 400g","p":2.99,"u":"7,48 €/KG","img":"https://fd1-photos.leclercdrive.fr/image.ashx?id=1933236&use=l&cat=p&typeid=i","cat":333682},{"id":8322,"n":"Coeurs artichauts Florelli Grillés - 170g","p":4.12,"u":"24,24 €/KG","img":"https://fd1-photos.leclercdrive.fr/image.ashx?id=2690003&use=l&cat=p&typeid=i","cat":289010},{"id":8329,"n":"Crème de vinaigre de Modène Toscoro - 250ml","p":3.59,"u":"14,36 €/L","img":"https://fd1-photos.leclercdrive.fr/image.ashx?id=2767401&use=l&cat=p&typeid=i","cat":289010},{"id":8335,"n":"Sauce pâtes artichaut Florelli Tomate mascarpone - 190g","p":2.42,"u":"12,74 €/KG","img":"https://fd1-photos.leclercdrive.fr/image.ashx?id=3011668&use=l&cat=p&typeid=i","cat":289010},{"id":8337,"n":"Tapenade d'Olives noires  Les Tartinables Florelli 190g","p":2.76,"u":"14,53 €/KG","img":"https://fd1-photos.leclercdrive.fr/image.ashx?id=2884690&use=l&cat=p&typeid=i","cat":289010},{"id":8348,"n":"Sucre Erstein n°4 En morceaux - 1kg","p":1.78,"u":"1,78 €/KG","img":"https://fd1-photos.leclercdrive.fr/image.ashx?id=2018934&use=l&cat=p&typeid=i","cat":284502},{"id":8375,"n":"Sauce Déshydratée KNORR Aux Trois Poivres - 32g","p":0.7,"u":"25,00 €/KG","img":"https://fd1-photos.leclercdrive.fr/image.ashx?id=2875933&use=l&cat=p&typeid=i","cat":288381},{"id":8382,"n":"Pâtes spaghetti plat Panzani 500g","p":1.05,"u":"2,10 €/KG","img":"https://fd1-photos.leclercdrive.fr/image.ashx?id=2876041&use=l&cat=p&typeid=i","cat":284427},{"id":8383,"n":"Pâtes Coquillettes Panzani 3 Minutes - 500G","p":1.17,"u":"2,34 €/KG","img":"https://fd1-photos.leclercdrive.fr/image.ashx?id=2867945&use=l&cat=p&typeid=i","cat":284427},{"id":8388,"n":"Pâtes Lustucru macaroni Aux oeufs - 250g","p":0.94,"u":"3,76 €/KG","img":"https://fd1-photos.leclercdrive.fr/image.ashx?id=2519471&use=l&cat=p&typeid=i","cat":284427},{"id":8397,"n":"Madeleine Bonne Maman Pur beurre tradition 300g","p":2.79,"u":"9,30 €/KG","img":"https://fd1-photos.leclercdrive.fr/image.ashx?id=2936137&use=l&cat=p&typeid=i","cat":284492},{"id":8413,"n":"Biscuits Crackers Tokapi  Nature - 3x100g","p":1.38,"u":"4,60 €/KG","img":"https://fd1-photos.leclercdrive.fr/image.ashx?id=2660550&use=l&cat=p&typeid=i","cat":297000},{"id":8414,"n":"Chocolat au lait Equador Doux et fondant - 100g","p":1.65,"u":"16,50 €/KG","img":"https://fd1-photos.leclercdrive.fr/image.ashx?id=2758344&use=l&cat=p&typeid=i","cat":284497},{"id":8415,"n":"Pâtes coquillettes Turini Les 3 min - 500g","p":0.72,"u":"1,44 €/KG","img":"https://fd1-photos.leclercdrive.fr/image.ashx?id=2607461&use=l&cat=p&typeid=i","cat":284427},{"id":8419,"n":"Biscuits Crackers Tokapi Emmental - 100g","p":0.69,"u":"6,90 €/KG","img":"https://fd1-photos.leclercdrive.fr/image.ashx?id=2351226&use=l&cat=p&typeid=i","cat":297000},{"id":8420,"n":"Chocolat blanc Tablette D'Or Noix de coco - 200g","p":2.69,"u":"13,45 €/KG","img":"https://fd1-photos.leclercdrive.fr/image.ashx?id=2678791&use=l&cat=p&typeid=i","cat":284957},{"id":8424,"n":"Biscottes Heudebert  Fibres plus - 280g","p":2.01,"u":"7,18 €/KG","img":"https://fd1-photos.leclercdrive.fr/image.ashx?id=2679503&use=l&cat=p&typeid=i","cat":284479},{"id":8428,"n":"Biscuits sablés Granola Chocolat au lait - 225g","p":1.62,"u":"7,20 €/KG","img":"https://fd1-photos.leclercdrive.fr/image.ashx?id=2346675&use=l&cat=p&typeid=i","cat":284488},{"id":8433,"n":"Pâtes Coquillettes Panzani Prêt en 3 min - 1kg","p":2.23,"u":"2,23 €/KG","img":"https://fd1-photos.leclercdrive.fr/image.ashx?id=2896093&use=l&cat=p&typeid=i","cat":284427},{"id":8471,"n":"Lait en poudre Délisse Ecrémé - 750g","p":4.99,"u":"6,65 €/KG","img":"https://fd1-photos.leclercdrive.fr/image.ashx?id=2590698&use=l&cat=p&typeid=i","cat":299162},{"id":8475,"n":"Serviette hygiénique Doulys Maxi confort - Normal - x18","p":0.99,"u":"0,06 €/P","img":"https://fd1-photos.leclercdrive.fr/image.ashx?id=2838909&use=l&cat=p&typeid=i","cat":284624},{"id":8494,"n":"Biscuits déli matin P'tit Déli Chocolat/pépites - 600g","p":3.18,"u":"5,30 €/KG","img":"https://fd1-photos.leclercdrive.fr/image.ashx?id=2999496&use=l&cat=p&typeid=i","cat":284491},{"id":8504,"n":"Biscottes bio Bio Village Complètes x36 - 300g","p":2.2,"u":"7,33 €/KG","img":"https://fd1-photos.leclercdrive.fr/image.ashx?id=2590460&use=l&cat=p&typeid=i","cat":284479},{"id":8511,"n":"Haricots verts éboutés  500g","p":4.58,"u":"9,16 €/KG","img":"https://fd1-photos.leclercdrive.fr/image.ashx?id=752804&use=l&cat=p&typeid=i","cat":284352},{"id":8515,"n":"Bâtonnets Dentastix Pedigree Moyen chien x28 - 720g","p":7.05,"u":"9,79 €/KG","img":"https://fd1-photos.leclercdrive.fr/image.ashx?id=2980094&use=l&cat=p&typeid=i","cat":294527},{"id":8528,"n":"Sel fin La Baleine Iodé et fluoré - 750g","p":0.74,"u":"0,99 €/KG","img":"https://fd1-photos.leclercdrive.fr/image.ashx?id=2790612&use=l&cat=p&typeid=i","cat":284457},{"id":8533,"n":"Flageolets verts Notre Jardin Extra Fins - 420g","p":1.72,"u":"4,10 €/KG","img":"https://fd1-photos.leclercdrive.fr/image.ashx?id=2371536&use=l&cat=p&typeid=i","cat":312606},{"id":8535,"n":"Olives noires Rustica Entières - 225g","p":0.99,"u":"4,40 €/KG","img":"https://fd1-photos.leclercdrive.fr/image.ashx?id=2499076&use=l&cat=p&typeid=i","cat":284458},{"id":8536,"n":"Savon mains en crème Manava Perles d'oranger - 300ml","p":1.25,"u":"4,17 €/L","img":"https://fd1-photos.leclercdrive.fr/image.ashx?id=2935480&use=l&cat=p&typeid=i","cat":284597},{"id":8538,"n":"100% Pur jus d'orange Jafaden  Avec pulpe - 1L","p":1.99,"u":"1,99 €/L","img":"https://fd1-photos.leclercdrive.fr/image.ashx?id=2796043&use=l&cat=p&typeid=i","cat":284521},{"id":8539,"n":"Nectar Jafaden Pêche - 1L","p":1.99,"u":"1,99 €/L","img":"https://fd1-photos.leclercdrive.fr/image.ashx?id=2919607&use=l&cat=p&typeid=i","cat":284915},{"id":8540,"n":"Nectar Jafaden Fraise - 1L","p":2.63,"u":"2,63 €/L","img":"https://fd1-photos.leclercdrive.fr/image.ashx?id=2895768&use=l&cat=p&typeid=i","cat":284915},{"id":8541,"n":"Nectar Jafaden Mangue - 1L","p":2.15,"u":"2,15 €/L","img":"https://fd1-photos.leclercdrive.fr/image.ashx?id=2955710&use=l&cat=p&typeid=i","cat":284916},{"id":8553,"n":"Sauce Barbecue AMORA 490g","p":1.94,"u":"3,96 €/KG","img":"https://fd1-photos.leclercdrive.fr/image.ashx?id=2877298&use=l&cat=p&typeid=i","cat":318431},{"id":8558,"n":"Savon L'Authentique Monsavon Lavant Antibactérien - 6x100g","p":3.87,"u":"6,45 €/KG","img":"https://fd1-photos.leclercdrive.fr/image.ashx?id=2881332&use=l&cat=p&typeid=i","cat":284597},{"id":8559,"n":"Biscuits Bjorg Fourrés Chocolat noir bio 225g","p":2.94,"u":"13,07 €/KG","img":"https://fd1-photos.leclercdrive.fr/image.ashx?id=2970912&use=l&cat=p&typeid=i","cat":284488},{"id":8564,"n":"Pâtes Barilla  Linguine - 500g","p":1.13,"u":"2,26 €/KG","img":"https://fd1-photos.leclercdrive.fr/image.ashx?id=3004444&use=l&cat=p&typeid=i","cat":284427},{"id":8566,"n":"Chocolat noir Bio Village Bio -Dégustation 74% cacao 100g","p":1.59,"u":"15,90 €/KG","img":"https://fd1-photos.leclercdrive.fr/image.ashx?id=2045623&use=l&cat=p&typeid=i","cat":284956},{"id":8572,"n":"Tablette chocolat Côte d'Or Chocolat au lait - 200g","p":3.06,"u":"15,30 €/KG","img":"https://fd1-photos.leclercdrive.fr/image.ashx?id=2944362&use=l&cat=p&typeid=i","cat":284497},{"id":8576,"n":"Pâtes Barilla Torsades - 500g","p":0.97,"u":"1,94 €/KG","img":"https://fd1-photos.leclercdrive.fr/image.ashx?id=2392224&use=l&cat=p&typeid=i","cat":284427},{"id":8603,"n":"Cocktail Punch Old Nick Planteur 16%vol - 70cl","p":5.59,"u":"7,99 €/L","img":"https://fd1-photos.leclercdrive.fr/image.ashx?id=2999207&use=l&cat=p&typeid=i","cat":284551},{"id":8605,"n":"Liqueur Cointreau 40%vol. - 70cl","p":18.94,"u":"27,06 €/L","img":"https://fd1-photos.leclercdrive.fr/image.ashx?id=2998904&use=l&cat=p&typeid=i","cat":286032},{"id":8640,"n":"Croque Baby Fromage Cité Marine MSC - 200g","p":2.54,"u":"12,70 €/KG","img":"https://fd1-photos.leclercdrive.fr/image.ashx?id=2844145&use=l&cat=p&typeid=i","cat":284344},{"id":8642,"n":"Dentifrice Dentamyl Anti-tartre 75ml","p":0.74,"u":"9,87 €/L","img":"https://fd1-photos.leclercdrive.fr/image.ashx?id=2489098&use=l&cat=p&typeid=i","cat":284612},{"id":8643,"n":"Amandes en poudre Tablier Blanc 125g","p":1.49,"u":"11,92 €/KG","img":"https://fd1-photos.leclercdrive.fr/image.ashx?id=2460577&use=l&cat=p&typeid=i","cat":284504},{"id":8645,"n":"Pepites de chocolat Tablier Blanc - 100g","p":1.43,"u":"14,30 €/KG","img":"https://fd1-photos.leclercdrive.fr/image.ashx?id=2723138&use=l&cat=p&typeid=i","cat":284504},{"id":8646,"n":"Noix de Coco Râpée  Tablier Blanc - 125g","p":1.41,"u":"11,28 €/KG","img":"https://fd1-photos.leclercdrive.fr/image.ashx?id=2460583&use=l&cat=p&typeid=i","cat":284504},{"id":8648,"n":"Amandes effilées Tablier Blanc 125g","p":1.59,"u":"12,72 €/KG","img":"https://fd1-photos.leclercdrive.fr/image.ashx?id=2460586&use=l&cat=p&typeid=i","cat":284504},{"id":8649,"n":"Raisins Secs Tablier Blanc 250g","p":1.98,"u":"7,92 €/KG","img":"https://fd1-photos.leclercdrive.fr/image.ashx?id=2460589&use=l&cat=p&typeid=i","cat":284504},{"id":8650,"n":"Arôme fleur d'Oranger Tablier Blanc - 200ml","p":1.24,"u":"6,20 €/L","img":"https://fd1-photos.leclercdrive.fr/image.ashx?id=2487449&use=l&cat=p&typeid=i","cat":284504},{"id":8651,"n":"Arôme naturel de vanille Tablier Blanc 20ml","p":1.15,"u":"57,50 €/L","img":"https://fd1-photos.leclercdrive.fr/image.ashx?id=2487452&use=l&cat=p&typeid=i","cat":284504},{"id":8672,"n":"Nappage Tablier Blanc Caramel - 210g","p":1.25,"u":"5,95 €/KG","img":"https://fd1-photos.leclercdrive.fr/image.ashx?id=2487455&use=l&cat=p&typeid=i","cat":284504},{"id":8674,"n":"Sucre Tablier Blanc Spécial confiture - 1kg","p":1.92,"u":"1,92 €/KG","img":"https://fd1-photos.leclercdrive.fr/image.ashx?id=3010416&use=l&cat=p&typeid=i","cat":284502},{"id":8675,"n":"Sucre Tablier Blanc 100 dosettes - 500g","p":2.31,"u":"4,62 €/KG","img":"https://fd1-photos.leclercdrive.fr/image.ashx?id=3010419&use=l&cat=p&typeid=i","cat":284502},{"id":8683,"n":"Saucisson sec d'Ardèche IGP NRT - 280g","p":5.0,"u":"17,86 €/KG","img":"https://fd1-photos.leclercdrive.fr/image.ashx?id=2753502&use=l&cat=p&typeid=i","cat":316006},{"id":8687,"n":"Fromage Emmental râpé NRT IGP Est-Central - 200g","p":3.49,"u":"17,45 €/KG","img":"https://fd1-photos.leclercdrive.fr/image.ashx?id=2771067&use=l&cat=p&typeid=i","cat":314035},{"id":8698,"n":"Assiette soir bébé bio Babybio Légumes riz - 12 mois - 230g","p":2.23,"u":"9,70 €/KG","img":"https://fd1-photos.leclercdrive.fr/image.ashx?id=2859356&use=l&cat=p&typeid=i","cat":312239},{"id":8734,"n":"AOC Champagne brut blanc  Premier cru Pol Carson - 75cl","p":22.99,"u":"30,65 €/L","img":"https://fd1-photos.leclercdrive.fr/image.ashx?id=2909861&use=l&cat=p&typeid=i","cat":284542},{"id":8748,"n":"Lait vitaminé Viva Candia  1% MG - 6x50cl","p":6.06,"u":"2,02 €/L","img":"https://fd1-photos.leclercdrive.fr/image.ashx?id=2891508&use=l&cat=p&typeid=i","cat":317169},{"id":8754,"n":"Sacs congélation Elembal Moyen Zip 20 Sacs","p":1.49,"u":"0,07 €/P","img":"https://fd1-photos.leclercdrive.fr/image.ashx?id=2751886&use=l&cat=p&typeid=i","cat":334134},{"id":8784,"n":"Plat bébé Blédina 8 mois  Riz carotte jambon - 2x200g","p":2.6,"u":"6,50 €/KG","img":"https://fd1-photos.leclercdrive.fr/image.ashx?id=2975065&use=l&cat=p&typeid=i","cat":312236},{"id":8795,"n":"Eau minérale Wattwiller 6x1.5L","p":3.65,"u":"0,41 €/L","img":"https://fd1-photos.leclercdrive.fr/image.ashx?id=2582846&use=l&cat=p&typeid=i","cat":284535},{"id":8796,"n":"Saucisse fine de Lyon NRT 120g","p":1.85,"u":"15,42 €/KG","img":"https://fd1-photos.leclercdrive.fr/image.ashx?id=2743870&use=l&cat=p&typeid=i","cat":316012},{"id":8804,"n":"Brownie P'tit Déli Chocolat pépites 285g","p":1.86,"u":"6,53 €/KG","img":"https://fd1-photos.leclercdrive.fr/image.ashx?id=2663365&use=l&cat=p&typeid=i","cat":294776},{"id":8815,"n":"Crêpes dentelle Gavottes Chocolat au lait - 90g","p":1.96,"u":"21,78 €/KG","img":"https://fd1-photos.leclercdrive.fr/image.ashx?id=2582843&use=l&cat=p&typeid=i","cat":284490},{"id":8825,"n":"Barres de céréales Coco Pops Kellogg's - 6x20g","p":1.89,"u":"15,75 €/KG","img":"https://fd1-photos.leclercdrive.fr/image.ashx?id=2677291&use=l&cat=p&typeid=i","cat":285869},{"id":8831,"n":"Nouille Alsacienne Lustucru 250g","p":0.93,"u":"3,72 €/KG","img":"https://fd1-photos.leclercdrive.fr/image.ashx?id=2503942&use=l&cat=p&typeid=i","cat":284427},{"id":8842,"n":"Couscous poulet bœuf Garbit - 980g","p":4.48,"u":"4,57 €/KG","img":"https://fd1-photos.leclercdrive.fr/image.ashx?id=2677930&use=l&cat=p&typeid=i","cat":325094},{"id":8846,"n":"Jardinière Notre Jardin  De 3 légumes - 420g","p":3.39,"u":"8,07 €/KG","img":"https://fd1-photos.leclercdrive.fr/image.ashx?id=2190005&use=l&cat=p&typeid=i","cat":312607},{"id":8853,"n":"Cappuccino soluble Plantation Chocolat - x8 - 144g","p":2.49,"u":"17,29 €/KG","img":"https://fd1-photos.leclercdrive.fr/image.ashx?id=2460574&use=l&cat=p&typeid=i","cat":284843},{"id":8855,"n":"Sauce Champignons Turini 420g","p":1.15,"u":"2,74 €/KG","img":"https://fd1-photos.leclercdrive.fr/image.ashx?id=2494189&use=l&cat=p&typeid=i","cat":287599},{"id":8857,"n":"Café soluble Plantation Qualité filtre - x25 - 50g","p":2.09,"u":"41,80 €/KG","img":"https://fd1-photos.leclercdrive.fr/image.ashx?id=2834278&use=l&cat=p&typeid=i","cat":284843},{"id":8859,"n":"Café soluble Plantation Chicorée - 100g","p":2.35,"u":"23,50 €/KG","img":"https://fd1-photos.leclercdrive.fr/image.ashx?id=2635904&use=l&cat=p&typeid=i","cat":284843},{"id":8861,"n":"Café soluble Plantation Expresso - x25 - 45g","p":2.29,"u":"50,89 €/KG","img":"https://fd1-photos.leclercdrive.fr/image.ashx?id=2834287&use=l&cat=p&typeid=i","cat":284843},{"id":8864,"n":"Pain de Mie Epi d'or - Nature Longue Conservation - 280g","p":0.76,"u":"2,71 €/KG","img":"https://fd1-photos.leclercdrive.fr/image.ashx?id=1913643&use=l&cat=p&typeid=i","cat":284477},{"id":8865,"n":"Toasts Brioches Epi D'Or x13 - 125g","p":0.94,"u":"7,52 €/KG","img":"https://fd1-photos.leclercdrive.fr/image.ashx?id=2896018&use=l&cat=p&typeid=i","cat":284479},{"id":8869,"n":"Riz complet Comptoir du Grain 10min - 500g","p":1.49,"u":"2,98 €/KG","img":"https://fd1-photos.leclercdrive.fr/image.ashx?id=2909386&use=l&cat=p&typeid=i","cat":284428},{"id":8870,"n":"Dés fromage Herbes de Provence Poivrons Les Croisés - 300g","p":2.1,"u":"7,00 €/KG","img":"https://fd1-photos.leclercdrive.fr/image.ashx?id=776166&use=l&cat=p&typeid=i","cat":314027},{"id":8910,"n":"Jus 3 agrumes Jafaden Pur jus - 1L","p":2.42,"u":"2,42 €/L","img":"https://fd1-photos.leclercdrive.fr/image.ashx?id=2956047&use=l&cat=p&typeid=i","cat":284917},{"id":8912,"n":"Préparation fraises NRT Sud-Ouest - 315g","p":2.64,"u":"8,38 €/KG","img":"https://fd1-photos.leclercdrive.fr/image.ashx?id=2590472&use=l&cat=p&typeid=i","cat":284480},{"id":8932,"n":"Gin Gibson's 37.5%vol - 1L","p":16.68,"u":"16,68 €/L","img":"https://fd1-photos.leclercdrive.fr/image.ashx?id=2766244&use=l&cat=p&typeid=i","cat":284550},{"id":8963,"n":"Fromage à tartiner Madame Loïk Fouetté Ech. Ciboulette - 150g","p":1.72,"u":"11,47 €/KG","img":"https://fd1-photos.leclercdrive.fr/image.ashx?id=2986356&use=l&cat=p&typeid=i","cat":314029},{"id":8966,"n":"Biscuits chien Pedigree Biscrok - 500g","p":1.64,"u":"3,28 €/KG","img":"https://fd1-photos.leclercdrive.fr/image.ashx?id=2983456&use=l&cat=p&typeid=i","cat":294527},{"id":8968,"n":"Chocolat poudre Banania 400g","p":2.79,"u":"6,98 €/KG","img":"https://fd1-photos.leclercdrive.fr/image.ashx?id=2225276&use=l&cat=p&typeid=i","cat":293235},{"id":8970,"n":"Riz long blanc de Camargue NRT 500g","p":1.59,"u":"3,18 €/KG","img":"https://fd1-photos.leclercdrive.fr/image.ashx?id=2663803&use=l&cat=p&typeid=i","cat":284428},{"id":8972,"n":"Levure boulangère Tablier Blanc x6 - 30g","p":0.69,"u":"23,00 €/KG","img":"https://fd1-photos.leclercdrive.fr/image.ashx?id=2867904&use=l&cat=p&typeid=i","cat":294686},{"id":8977,"n":"Cacahuètes  Benenuts Grillées à sec - 200g","p":1.62,"u":"8,10 €/KG","img":"https://fd1-photos.leclercdrive.fr/image.ashx?id=2389616&use=l&cat=p&typeid=i","cat":284448},{"id":8985,"n":"Soupe Poule au Pot Knorr Déshydratée - 1L","p":1.02,"u":"1,02 €/L","img":"https://fd1-photos.leclercdrive.fr/image.ashx?id=2826471&use=l&cat=p&typeid=i","cat":284463},{"id":8987,"n":"Pâté Hénaff 156g","p":2.38,"u":"15,26 €/KG","img":"https://fd1-photos.leclercdrive.fr/image.ashx?id=2298361&use=l&cat=p&typeid=i","cat":305149},{"id":9055,"n":"Fondue 3 fromages Président  450g","p":5.34,"u":"11,87 €/KG","img":"https://fd1-photos.leclercdrive.fr/image.ashx?id=2632990&use=l&cat=p&typeid=i","cat":314037},{"id":9065,"n":"Fromage tartiflette Ermitage 27%mg - 500g","p":6.27,"u":"12,54 €/KG","img":"https://fd1-photos.leclercdrive.fr/image.ashx?id=2966011&use=l&cat=p&typeid=i","cat":314037},{"id":9072,"n":"Crème fraîche Petite France Fluide 30%mg - 50cl","p":2.6,"u":"5,20 €/L","img":"https://fd1-photos.leclercdrive.fr/image.ashx?id=2894836&use=l&cat=p&typeid=i","cat":284381},{"id":9080,"n":"Fromage à Tartiner St Môret  Nature 9 Portions - 180g","p":2.02,"u":"11,22 €/KG","img":"https://fd1-photos.leclercdrive.fr/image.ashx?id=2763319&use=l&cat=p&typeid=i","cat":314029},{"id":9105,"n":"Pate Brisée Eco+ A dérouler - 230g","p":0.53,"u":"2,30 €/KG","img":"https://fd1-photos.leclercdrive.fr/image.ashx?id=2249411&use=l&cat=p&typeid=i","cat":333681},{"id":9123,"n":"Café soluble Plantation Café Au Lait Chicorée - 400g","p":3.59,"u":"8,98 €/KG","img":"https://fd1-photos.leclercdrive.fr/image.ashx?id=2834232&use=l&cat=p&typeid=i","cat":284843},{"id":9124,"n":"Croquettes chiens Lydog Senior - 3kg","p":5.09,"u":"1,70 €/KG","img":"https://fd1-photos.leclercdrive.fr/image.ashx?id=2047025&use=l&cat=p&typeid=i","cat":284672},{"id":9130,"n":"Mouchoirs blancs 2 plis Caresse Boîte mouchoirs en papier -x110","p":1.33,"u":"0,01 €/P","img":"https://fd1-photos.leclercdrive.fr/image.ashx?id=2390416&use=l&cat=p&typeid=i","cat":284638},{"id":9131,"n":"Gel douche et shampooing Carré Homme Tonifiante - 250ml","p":1.27,"u":"5,08 €/L","img":"https://fd1-photos.leclercdrive.fr/image.ashx?id=1544661&use=l&cat=p&typeid=i","cat":284619},{"id":9132,"n":"Soda Pulp'Orange Canette - 6x33cl","p":3.19,"u":"1,61 €/L","img":"https://fd1-photos.leclercdrive.fr/image.ashx?id=2922406&use=l&cat=p&typeid=i","cat":284532},{"id":9144,"n":"Vinaigre de Vin blanc Rustica Aromatisé à la noix - 50cl","p":1.64,"u":"3,28 €/L","img":"https://fd1-photos.leclercdrive.fr/image.ashx?id=1670491&use=l&cat=p&typeid=i","cat":298543},{"id":9155,"n":"Moussaka Boeuf Côté Table 300g","p":3.24,"u":"10,80 €/KG","img":"https://fd1-photos.leclercdrive.fr/image.ashx?id=2607906&use=l&cat=p&typeid=i","cat":333665},{"id":9161,"n":"Tarte aux poireaux Côté Table 2x130g","p":2.54,"u":"9,77 €/KG","img":"https://fd1-photos.leclercdrive.fr/image.ashx?id=2354707&use=l&cat=p&typeid=i","cat":333680},{"id":9164,"n":"Crevettes natures Pêche Océan 125g","p":3.99,"u":"31,92 €/KG","img":"https://fd1-photos.leclercdrive.fr/image.ashx?id=3015242&use=l&cat=p&typeid=i","cat":284343},{"id":9167,"n":"Fromage Edam Mimolette Les Croisés dés 150g","p":1.85,"u":"12,33 €/KG","img":"https://fd1-photos.leclercdrive.fr/image.ashx?id=2365472&use=l&cat=p&typeid=i","cat":314027},{"id":9170,"n":"Spaetzles d'Alsace NRT 250g","p":1.39,"u":"5,56 €/KG","img":"https://fd1-photos.leclercdrive.fr/image.ashx?id=2839962&use=l&cat=p&typeid=i","cat":284427},{"id":9171,"n":"Sablés aux Pommes NRT - 150g","p":1.99,"u":"13,27 €/KG","img":"https://fd1-photos.leclercdrive.fr/image.ashx?id=2856615&use=l&cat=p&typeid=i","cat":284487},{"id":9173,"n":"Ravioles Label Rouge NRT Dauphiné - 240g","p":2.99,"u":"12,46 €/KG","img":"https://fd1-photos.leclercdrive.fr/image.ashx?id=2704894&use=l&cat=p&typeid=i","cat":333682},{"id":9181,"n":"Chinois La Fournée Dorée Crème pâtissière - 600g","p":2.88,"u":"4,80 €/KG","img":"https://fd1-photos.leclercdrive.fr/image.ashx?id=2342090&use=l&cat=p&typeid=i","cat":293600},{"id":9182,"n":"Chinois La Fournée Dorée Crème patissière, Chocolat 500g","p":3.14,"u":"6,28 €/KG","img":"https://fd1-photos.leclercdrive.fr/image.ashx?id=2342093&use=l&cat=p&typeid=i","cat":293600},{"id":9183,"n":"Boules soufflées Tokapi Tomate - 42g","p":0.57,"u":"13,57 €/KG","img":"https://fd1-photos.leclercdrive.fr/image.ashx?id=2898832&use=l&cat=p&typeid=i","cat":284449},{"id":9223,"n":"Pâtes Capellini Turini 500g","p":0.85,"u":"1,70 €/KG","img":"https://fd1-photos.leclercdrive.fr/image.ashx?id=2607482&use=l&cat=p&typeid=i","cat":284427},{"id":9262,"n":"Matière grasse Rustica Tournesol -60%MG -Doux -500G","p":1.53,"u":"3,06 €/KG","img":"https://fd1-photos.leclercdrive.fr/image.ashx?id=1071108&use=l&cat=p&typeid=i","cat":315229},{"id":9265,"n":"Pêche poire ananas  Douceur du verger - 4x70g","p":2.59,"u":"9,25 €/KG","img":"https://fd1-photos.leclercdrive.fr/image.ashx?id=2349100&use=l&cat=p&typeid=i","cat":284507},{"id":9266,"n":"Ananas papaye mangue DDV Sirop léger - 4x70g","p":2.74,"u":"9,79 €/KG","img":"https://fd1-photos.leclercdrive.fr/image.ashx?id=2100775&use=l&cat=p&typeid=i","cat":284507},{"id":9276,"n":"Biscuits Sprits P'tit Déli Chocolat au lait - 150g","p":1.09,"u":"7,27 €/KG","img":"https://fd1-photos.leclercdrive.fr/image.ashx?id=2081053&use=l&cat=p&typeid=i","cat":284488},{"id":9435,"n":"AOP Champagne Mercier  Brut - 75cl","p":24.9,"u":"33,20 €/L","img":"https://fd1-photos.leclercdrive.fr/image.ashx?id=1867174&use=l&cat=p&typeid=i","cat":284542},{"id":9587,"n":"Tube de peinture Esquisse Gouache - 5x10ml","p":1.5,"u":"30,00 €/L","img":"https://fd1-photos.leclercdrive.fr/image.ashx?id=2131185&use=l&cat=p&typeid=i","cat":334133},{"id":9589,"n":"Pinceaux Esquisse Taille 6-10 et 14 - x3","p":0.99,"u":"0,33 €/P","img":"https://fd1-photos.leclercdrive.fr/image.ashx?id=1928716&use=l&cat=p&typeid=i","cat":334133},{"id":9593,"n":"AOP Côtes du Rhône vin rouge Combes Saint Sauveur 75cl","p":4.16,"u":"5,55 €/L","img":"https://fd1-photos.leclercdrive.fr/image.ashx?id=2755414&use=l&cat=p&typeid=i","cat":289556},{"id":9597,"n":"AOP Côtes de Provence rosé Jean Valestrel - 75cl","p":6.85,"u":"9,13 €/L","img":"https://fd1-photos.leclercdrive.fr/image.ashx?id=2236698&use=l&cat=p&typeid=i","cat":289558},{"id":9598,"n":"Nuggets Le Gaulois Extra croustillant x10 - 200g","p":2.16,"u":"10,80 €/KG","img":"https://fd1-photos.leclercdrive.fr/image.ashx?id=2645531&use=l&cat=p&typeid=i","cat":333684},{"id":9602,"n":"Copies doubles Esquisse - x300 21x29.7cm","p":2.49,"img":"https://fd1-photos.leclercdrive.fr/image.ashx?id=1698667&use=l&cat=p&typeid=i","cat":284697},{"id":9603,"n":"Feuilles simples Esquisse Petits carreaux 21x29.7 200+100","p":2.49,"img":"https://fd1-photos.leclercdrive.fr/image.ashx?id=2131209&use=l&cat=p&typeid=i","cat":284697},{"id":9608,"n":"Intercalaires Esquisse Touch A4 2 jeux de 6 touches","p":1.39,"img":"https://fd1-photos.leclercdrive.fr/image.ashx?id=1678700&use=l&cat=p&typeid=i","cat":284745},{"id":9614,"n":"Compas mine Esquisse La pièce","p":1.49,"img":"https://fd1-photos.leclercdrive.fr/image.ashx?id=1678712&use=l&cat=p&typeid=i","cat":334133},{"id":9632,"n":"IGP Pays d'Oc rouge Les Ormes De Cambras 12.5% vol - 75cl","p":2.87,"u":"3,83 €/L","img":"https://fd1-photos.leclercdrive.fr/image.ashx?id=2445121&use=l&cat=p&typeid=i","cat":289556},{"id":9634,"n":"Scotch Whisky Baird's 40%vol - 1L","p":15.49,"u":"15,49 €/L","img":"https://fd1-photos.leclercdrive.fr/image.ashx?id=2907168&use=l&cat=p&typeid=i","cat":284547},{"id":9635,"n":"Rhum blanc Charrette 49%vol - 1L","p":16.32,"u":"16,32 €/L","img":"https://fd1-photos.leclercdrive.fr/image.ashx?id=1946417&use=l&cat=p&typeid=i","cat":284550},{"id":9638,"n":"AOC Rhum agricole blanc Dillon Martinique 55%vol - 1L","p":19.09,"u":"19,09 €/L","img":"https://fd1-photos.leclercdrive.fr/image.ashx?id=2650946&use=l&cat=p&typeid=i","cat":284550},{"id":9641,"n":"Whisky Ballantine's Finest Blended Scotch 40% vol - 1L","p":20.95,"pp":19.45,"u":"19,45 €/L","img":"https://fd1-photos.leclercdrive.fr/image.ashx?id=2816964&use=l&cat=p&typeid=i","cat":284547},{"id":9676,"n":"Bâton de colle Uhu stic 2x8.2g","p":2.55,"u":"159,38 €/KG","img":"https://fd1-photos.leclercdrive.fr/image.ashx?id=2901058&use=l&cat=p&typeid=i","cat":334133},{"id":9689,"n":"Muffin complet Epi d'Or x4 - 250g","p":1.7,"u":"6,80 €/KG","img":"https://fd1-photos.leclercdrive.fr/image.ashx?id=2939058&use=l&cat=p&typeid=i","cat":284985},{"id":9690,"n":"Carré à Langer Mots d'Enfants Jetables x10","p":4.1,"u":"0,41 €/P","img":"https://fd1-photos.leclercdrive.fr/image.ashx?id=3014191&use=l&cat=p&typeid=i","cat":284737},{"id":9700,"n":"Serviette incontinence Chorys Extra plus - x16","p":4.99,"u":"0,31 €/P","img":"https://fd1-photos.leclercdrive.fr/image.ashx?id=2691171&use=l&cat=p&typeid=i","cat":284628},{"id":9708,"n":"Crème aux oeufs Délisse Vanille - 4x100g","p":1.49,"u":"3,73 €/KG","img":"https://fd1-photos.leclercdrive.fr/image.ashx?id=1956631&use=l&cat=p&typeid=i","cat":284419},{"id":9709,"n":"Mini brownies P'tit Déli Chocolat pépites x8 - 240g","p":1.49,"u":"6,21 €/KG","img":"https://fd1-photos.leclercdrive.fr/image.ashx?id=2888938&use=l&cat=p&typeid=i","cat":294776},{"id":9898,"n":"Culotte absorbante Chorys Taille L - x10","p":6.99,"u":"0,70 €/P","img":"https://fd1-photos.leclercdrive.fr/image.ashx?id=2623004&use=l&cat=p&typeid=i","cat":284628},{"id":9899,"n":"Culotte absorbante Chorys Taille M - Plus - x12","p":7.99,"u":"0,67 €/P","img":"https://fd1-photos.leclercdrive.fr/image.ashx?id=2623001&use=l&cat=p&typeid=i","cat":284628},{"id":9916,"n":"Epinards Notre Jardin Feuilles à cuire - 600g","p":1.35,"u":"2,25 €/KG","img":"https://fd1-photos.leclercdrive.fr/image.ashx?id=2916677&use=l&cat=p&typeid=i","cat":319805},{"id":9917,"n":"Whisky J&B Rare 40%vol - 1L","p":21.89,"u":"21,89 €/L","img":"https://fd1-photos.leclercdrive.fr/image.ashx?id=2497638&use=l&cat=p&typeid=i","cat":284547},{"id":9920,"n":"Riz rond blanc de Camargue NRT 500g","p":1.79,"u":"3,58 €/KG","img":"https://fd1-photos.leclercdrive.fr/image.ashx?id=2663839&use=l&cat=p&typeid=i","cat":284428},{"id":9933,"n":"Mouchoirs blancs 4 plis Caresse Mouchoirs papier - 24 étuis","p":2.51,"u":"0,10 €/P","img":"https://fd1-photos.leclercdrive.fr/image.ashx?id=2870017&use=l&cat=p&typeid=i","cat":284638},{"id":9937,"n":"Eau de source de Montagne Bouchon sport - 12x33cl","p":2.89,"u":"0,73 €/L","img":"https://fd1-photos.leclercdrive.fr/image.ashx?id=2909879&use=l&cat=p&typeid=i","cat":284535},{"id":10069,"n":"Gâteaux moelleux Pépito  Pépites de chocolat - 150g","p":1.21,"u":"8,07 €/KG","img":"https://fd1-photos.leclercdrive.fr/image.ashx?id=2374396&use=l&cat=p&typeid=i","cat":284495},{"id":10073,"n":"Tablette chocolat Bio Village Bio Chocolat au lait - 100g","p":1.89,"u":"18,90 €/KG","img":"https://fd1-photos.leclercdrive.fr/image.ashx?id=2861899&use=l&cat=p&typeid=i","cat":284497},{"id":10074,"n":"Tablette de chocolat Equador Noir et menthe 100g","p":1.19,"u":"11,90 €/KG","img":"https://fd1-photos.leclercdrive.fr/image.ashx?id=2834296&use=l&cat=p&typeid=i","cat":284956},{"id":10076,"n":"Tablette chocolat Equador Noir framboise 100g","p":1.82,"u":"18,20 €/KG","img":"https://fd1-photos.leclercdrive.fr/image.ashx?id=2834290&use=l&cat=p&typeid=i","cat":284956},{"id":10086,"n":"Fondants Autour du Dessert Chocolat x2 - 180g","p":1.99,"u":"11,06 €/KG","img":"https://fd1-photos.leclercdrive.fr/image.ashx?id=2886540&use=l&cat=p&typeid=i","cat":284267},{"id":10091,"n":"Filets maquereaux Pêche Océan Tomate basilic - 169g","p":1.46,"u":"8,64 €/KG","img":"https://fd1-photos.leclercdrive.fr/image.ashx?id=2394657&use=l&cat=p&typeid=i","cat":303868},{"id":10114,"n":"Essuie-tout Uni Vert Compact Ecologique - x2","p":2.7,"u":"1,35 €/P","img":"https://fd1-photos.leclercdrive.fr/image.ashx?id=2571929&use=l&cat=p&typeid=i","cat":284635},{"id":10122,"n":"Mini gratins Côté Table Aux 3 légumes - x4 480g","p":3.12,"u":"6,50 €/KG","img":"https://fd1-photos.leclercdrive.fr/image.ashx?id=2074419&use=l&cat=p&typeid=i","cat":319802},{"id":10125,"n":"Rösti Pom'Lisse 600g","p":1.39,"u":"2,32 €/KG","img":"https://fd1-photos.leclercdrive.fr/image.ashx?id=2704648&use=l&cat=p&typeid=i","cat":319792},{"id":10163,"n":"Palets légumes Notre Jardin Choux-fleurs Brocolis - x8 300g","p":2.19,"u":"7,30 €/KG","img":"https://fd1-photos.leclercdrive.fr/image.ashx?id=2878714&use=l&cat=p&typeid=i","cat":319802},{"id":10192,"n":"Olives Vertes Tramier  Dénoyautées 160g","p":1.82,"u":"11,38 €/KG","img":"https://fd1-photos.leclercdrive.fr/image.ashx?id=2363829&use=l&cat=p&typeid=i","cat":284458},{"id":10212,"n":"Rubans anti-mouches Insectivor x4","p":0.85,"u":"0,21 €/P","img":"https://fd1-photos.leclercdrive.fr/image.ashx?id=2555077&use=l&cat=p&typeid=i","cat":298368},{"id":10215,"n":"Sauce Basquaise Rustica Aux 2 poivrons - 400g","p":1.29,"u":"3,23 €/KG","img":"https://fd1-photos.leclercdrive.fr/image.ashx?id=2887398&use=l&cat=p&typeid=i","cat":287599},{"id":10217,"n":"Sauce Curry Rustica Légumes et lait de coco - 400g","p":1.31,"u":"3,28 €/KG","img":"https://fd1-photos.leclercdrive.fr/image.ashx?id=2887404&use=l&cat=p&typeid=i","cat":287599},{"id":10220,"n":"Tampons Doulys Compact Normal - x20","p":2.24,"u":"0,11 €/P","img":"https://fd1-photos.leclercdrive.fr/image.ashx?id=2965464&use=l&cat=p&typeid=i","cat":284626},{"id":10223,"n":"Framboises entières  Douceur du Verger 1kg","p":9.61,"u":"9,61 €/KG","img":"https://fd1-photos.leclercdrive.fr/image.ashx?id=2072614&use=l&cat=p&typeid=i","cat":284268},{"id":10227,"n":"Mini gratins Côté Table Dauphinois - x4 480g","p":2.99,"u":"6,23 €/KG","img":"https://fd1-photos.leclercdrive.fr/image.ashx?id=2627640&use=l&cat=p&typeid=i","cat":319802},{"id":10231,"n":"Confiture Douceur du verger Framboises - Allégée - 340g","p":1.24,"u":"3,65 €/KG","img":"https://fd1-photos.leclercdrive.fr/image.ashx?id=2965473&use=l&cat=p&typeid=i","cat":284480},{"id":10244,"n":"Thon entier Pêche Océan Naturel - 280g","p":3.69,"u":"13,18 €/KG","img":"https://fd1-photos.leclercdrive.fr/image.ashx?id=2436314&use=l&cat=p&typeid=i","cat":303867},{"id":10344,"n":"Petit Beurre Pocket P'ti Déli 3x12 sachets 300g","p":1.68,"u":"5,60 €/KG","img":"https://fd1-photos.leclercdrive.fr/image.ashx?id=1965518&use=l&cat=p&typeid=i","cat":284487},{"id":10346,"n":"Vinaigrette allégée Rustica Balsamique huile d'olive - 50cl","p":2.49,"u":"4,98 €/L","img":"https://fd1-photos.leclercdrive.fr/image.ashx?id=1972913&use=l&cat=p&typeid=i","cat":284456},{"id":10348,"n":"Huile de noix Rustica 50cl","p":4.68,"u":"9,36 €/L","img":"https://fd1-photos.leclercdrive.fr/image.ashx?id=2523703&use=l&cat=p&typeid=i","cat":284453},{"id":10351,"n":"Sacs à couche Mots d'Enfant Parfumés - x50","p":1.6,"u":"0,03 €/P","img":"https://fd1-photos.leclercdrive.fr/image.ashx?id=1886564&use=l&cat=p&typeid=i","cat":284737},{"id":10356,"n":"Bloc bureau Esquisse - 80 pages Seyes - 21x31.5cm","p":2.79,"img":"https://fd1-photos.leclercdrive.fr/image.ashx?id=2943187&use=l&cat=p&typeid=i","cat":284697},{"id":10361,"n":"Feuilles simples Esquisse Seyes- 4 couleurs x100","p":3.89,"img":"https://fd1-photos.leclercdrive.fr/image.ashx?id=2131215&use=l&cat=p&typeid=i","cat":284697},{"id":10362,"n":"Crayons de couleur Esquisse Boîte métal - x18","p":2.2,"img":"https://fd1-photos.leclercdrive.fr/image.ashx?id=1698676&use=l&cat=p&typeid=i","cat":284696},{"id":10379,"n":"Riz long blanc parfumé Dragon 2kg","p":4.5,"u":"2,25 €/KG","img":"https://fd1-photos.leclercdrive.fr/image.ashx?id=2594926&use=l&cat=p&typeid=i","cat":288993},{"id":10382,"n":"Choucroute Royale Côté Table 400g","p":1.99,"u":"4,98 €/KG","img":"https://fd1-photos.leclercdrive.fr/image.ashx?id=2977147&use=l&cat=p&typeid=i","cat":284441},{"id":10384,"n":"Sauce Chasseur Knorr 23g","p":0.79,"u":"34,35 €/KG","img":"https://fd1-photos.leclercdrive.fr/image.ashx?id=1936770&use=l&cat=p&typeid=i","cat":288381},{"id":10386,"n":"Recharge Aromat Knorr 90g","p":1.18,"u":"13,11 €/KG","img":"https://fd1-photos.leclercdrive.fr/image.ashx?id=2875942&use=l&cat=p&typeid=i","cat":298297},{"id":10388,"n":"Amer Cuisener 1L","p":6.2,"pp":5.2,"u":"5,20 €/L","img":"https://fd1-photos.leclercdrive.fr/image.ashx?id=2396066&use=l&cat=p&typeid=i","cat":284913},{"id":10390,"n":"Pâtes fraîches Schneider Spaetzle aux oeufs frais - 1kg","p":6.19,"u":"6,19 €/KG","img":"https://fd1-photos.leclercdrive.fr/image.ashx?id=2845928&use=l&cat=p&typeid=i","cat":333682},{"id":10395,"n":"Cornichons Hartherz Aigre doux - 380g","p":1.95,"u":"5,13 €/KG","img":"https://fd1-photos.leclercdrive.fr/image.ashx?id=1604447&use=l&cat=p&typeid=i","cat":284458},{"id":10397,"n":"Pâtes Grand'Mère Spaetzles - 500g","p":2.48,"u":"4,96 €/KG","img":"https://fd1-photos.leclercdrive.fr/image.ashx?id=2018865&use=l&cat=p&typeid=i","cat":284427},{"id":10398,"n":"Biscuit apéritif ancel Bretzels Maxi - 200g","p":0.86,"u":"4,30 €/KG","img":"https://fd1-photos.leclercdrive.fr/image.ashx?id=2991813&use=l&cat=p&typeid=i","cat":297000},{"id":10401,"n":"IGP Pâtes Grand'Mère Nids n°2 - 250g","p":1.28,"u":"5,12 €/KG","img":"https://fd1-photos.leclercdrive.fr/image.ashx?id=2191978&use=l&cat=p&typeid=i","cat":284427},{"id":10402,"n":"Boules de pâtes Leimer croustillant et parfumé - 200g","p":1.49,"u":"7,45 €/KG","img":"https://fd1-photos.leclercdrive.fr/image.ashx?id=2859695&use=l&cat=p&typeid=i","cat":284464},{"id":10406,"n":"Vinaigre d'alcool doux Melfor Miel et infusion plantes - 1L","p":1.46,"u":"1,46 €/L","img":"https://fd1-photos.leclercdrive.fr/image.ashx?id=2289909&use=l&cat=p&typeid=i","cat":298543},{"id":10408,"n":"Boisson végétale Riz nature Bjorg Bio - 1L","p":1.94,"u":"1,94 €/L","img":"https://fd1-photos.leclercdrive.fr/image.ashx?id=2970915&use=l&cat=p&typeid=i","cat":316067},{"id":10417,"n":"AOP Fitou rouge Réserve Saint Esteve - 75cl","p":3.99,"pp":2.79,"u":"3,72 €/L","img":"https://fd1-photos.leclercdrive.fr/image.ashx?id=2407295&use=l&cat=p&typeid=i","cat":289556},{"id":10465,"n":"Adoucissant Hyperdou Pure caresse - 3x250ml","p":1.19,"u":"1,59 €/L","img":"https://fd1-photos.leclercdrive.fr/image.ashx?id=2809078&use=l&cat=p&typeid=i","cat":284650},{"id":10519,"n":"Concombre Découpe fraîche   250g","p":2.13,"u":"8,52 €/KG","img":"https://fd1-photos.leclercdrive.fr/image.ashx?id=715141&use=l&cat=p&typeid=i","cat":290299},{"id":10527,"n":"Pommes Rissolées McCain  1kg","p":2.64,"u":"2,64 €/KG","img":"https://fd1-photos.leclercdrive.fr/image.ashx?id=2911309&use=l&cat=p&typeid=i","cat":319792},{"id":10555,"n":"Bloc notes Esquisse Repositionnables 76x76mm - x500","p":2.5,"img":"https://fd1-photos.leclercdrive.fr/image.ashx?id=1698628&use=l&cat=p&typeid=i","cat":334133},{"id":10577,"n":"Flammekueche Kauffer's Noix de St Jacques - 2x250g","p":6.49,"u":"12,98 €/KG","img":"https://fd1-photos.leclercdrive.fr/image.ashx?id=1563079&use=l&cat=p&typeid=i","cat":284257},{"id":10578,"n":"Oeufs Matines Poules élevées en plein air x6","p":2.09,"u":"6,01 €/KG","img":"https://fd1-photos.leclercdrive.fr/image.ashx?id=2795743&use=l&cat=p&typeid=i","cat":284378},{"id":10580,"n":"Saucisse de viande Courbe Tempé Supérieure 300g","p":3.69,"u":"12,30 €/KG","img":"https://fd1-photos.leclercdrive.fr/image.ashx?id=2148155&use=l&cat=p&typeid=i","cat":316012},{"id":10584,"n":"Saucisse de foie d'Alsace Tempé 250g","p":2.98,"u":"11,92 €/KG","img":"https://fd1-photos.leclercdrive.fr/image.ashx?id=2214900&use=l&cat=p&typeid=i","cat":316012},{"id":10585,"n":"Saucisse de Lyon Tempé Supérieure 250g","p":3.34,"u":"13,36 €/KG","img":"https://fd1-photos.leclercdrive.fr/image.ashx?id=2106439&use=l&cat=p&typeid=i","cat":316012},{"id":10589,"n":"Saucisses Gendarmes 120g","p":3.17,"u":"26,42 €/KG","img":"https://fd1-photos.leclercdrive.fr/image.ashx?id=2106448&use=l&cat=p&typeid=i","cat":316006},{"id":10591,"n":"Spray vitrocéramique Clair 500ml","p":3.42,"u":"6,84 €/L","img":"https://fd1-photos.leclercdrive.fr/image.ashx?id=2860073&use=l&cat=p&typeid=i","cat":325363},{"id":10637,"n":"Crème entière Délisse Fluide - 30% MG - 2x25cl","p":2.71,"u":"5,42 €/L","img":"https://fd1-photos.leclercdrive.fr/image.ashx?id=3002560&use=l&cat=p&typeid=i","cat":284381},{"id":10638,"n":"Crème légère fluide UHT Délisse 12%mg - 2x25cl","p":2.36,"u":"4,72 €/L","img":"https://fd1-photos.leclercdrive.fr/image.ashx?id=3002563&use=l&cat=p&typeid=i","cat":284381},{"id":10641,"n":"Yaourts lait entier nature Bio Bio village - 4x125g","p":0.95,"u":"1,90 €/KG","img":"https://fd1-photos.leclercdrive.fr/image.ashx?id=2743831&use=l&cat=p&typeid=i","cat":284409},{"id":10646,"n":"Knoepfle aux oeufs Alb Gold 400g","p":3.54,"u":"8,85 €/KG","img":"https://fd1-photos.leclercdrive.fr/image.ashx?id=1738183&use=l&cat=p&typeid=i","cat":333682},{"id":10648,"n":"Soda Rivella Rouge Bouteille - 1L","p":1.7,"u":"1,70 €/L","img":"https://fd1-photos.leclercdrive.fr/image.ashx?id=1554799&use=l&cat=p&typeid=i","cat":284532},{"id":10651,"n":"Cynar 16.5%vol. - 1L","p":14.69,"u":"14,69 €/L","img":"https://fd1-photos.leclercdrive.fr/image.ashx?id=2580855&use=l&cat=p&typeid=i","cat":286032},{"id":10655,"n":"IGP Pays d'Oc rouge Cabernet Sauvignon 12.5% vol - 75cl","p":2.87,"u":"3,83 €/L","img":"https://fd1-photos.leclercdrive.fr/image.ashx?id=2189904&use=l&cat=p&typeid=i","cat":289556},{"id":10660,"n":"Eau gazeuse Lisbeth Légère - 6x1,25L","p":3.66,"u":"0,49 €/L","img":"https://fd1-photos.leclercdrive.fr/image.ashx?id=2838646&use=l&cat=p&typeid=i","cat":284536},{"id":10663,"n":"Fromage blanc Bibeleskaes Nature - 8%mg - 500g","p":1.89,"u":"3,78 €/KG","img":"https://fd1-photos.leclercdrive.fr/image.ashx?id=2839725&use=l&cat=p&typeid=i","cat":284409},{"id":10664,"n":"Fromage blanc Alsace Lait Nature - 2.8%mg - 500g","p":1.84,"u":"3,68 €/KG","img":"https://fd1-photos.leclercdrive.fr/image.ashx?id=2848815&use=l&cat=p&typeid=i","cat":284409},{"id":10665,"n":"Fromage blanc Bibeleskaes Myrtille - 40%mg - 4x125g","p":2.87,"u":"5,74 €/KG","img":"https://fd1-photos.leclercdrive.fr/image.ashx?id=2578975&use=l&cat=p&typeid=i","cat":284409},{"id":10667,"n":"Eau gazeuse Carola rouge Pétillante - 6x50cl","p":2.29,"u":"0,76 €/L","img":"https://fd1-photos.leclercdrive.fr/image.ashx?id=2450877&use=l&cat=p&typeid=i","cat":284536},{"id":10668,"n":"Eau gazeuse Carola rouge Pétillante - 6x1,25L","p":3.32,"u":"0,44 €/L","img":"https://fd1-photos.leclercdrive.fr/image.ashx?id=2665298&use=l&cat=p&typeid=i","cat":284536},{"id":10669,"n":"Eau gazeuse Carola verte Finement pétillante - 6x50cl","p":2.29,"u":"0,76 €/L","img":"https://fd1-photos.leclercdrive.fr/image.ashx?id=2450883&use=l&cat=p&typeid=i","cat":284536},{"id":10670,"n":"Eau gazeuse Carola verte Finement pétillante - 6x1,25L","p":3.4,"u":"0,45 €/L","img":"https://fd1-photos.leclercdrive.fr/image.ashx?id=2665301&use=l&cat=p&typeid=i","cat":284536},{"id":10671,"n":"Eau de source Bleue Carola 6x1.5L","p":2.58,"u":"0,29 €/L","img":"https://fd1-photos.leclercdrive.fr/image.ashx?id=2928597&use=l&cat=p&typeid=i","cat":284535},{"id":10677,"n":"Levure boulangère Fala 42g","p":0.38,"u":"9,05 €/KG","img":"https://fd1-photos.leclercdrive.fr/image.ashx?id=587584&use=l&cat=p&typeid=i","cat":294686},{"id":10680,"n":"Moricettes x5 - 325g","p":2.99,"u":"9,20 €/KG","img":"https://fd1-photos.leclercdrive.fr/image.ashx?id=1617962&use=l&cat=p&typeid=i","cat":284359},{"id":10697,"n":"Sardines huile olive Connétable Sans arrêtes 115g","p":2.84,"u":"24,70 €/KG","img":"https://fd1-photos.leclercdrive.fr/image.ashx?id=2139046&use=l&cat=p&typeid=i","cat":305146},{"id":10703,"n":"Thon blanc entier Connétable Huile d'olive - 160g","p":3.25,"u":"20,31 €/KG","img":"https://fd1-photos.leclercdrive.fr/image.ashx?id=2910127&use=l&cat=p&typeid=i","cat":303867},{"id":10720,"n":"Vin mousseux Charles Volner Demi-sec - 11%vol. - 75cl","p":4.28,"u":"5,71 €/L","img":"https://fd1-photos.leclercdrive.fr/image.ashx?id=1592055&use=l&cat=p&typeid=i","cat":284544},{"id":10727,"n":"IGP Pays d'oc blanc Roche Mazet Sauvignon 12% vol - 75 cl","p":3.07,"u":"4,09 €/L","img":"https://fd1-photos.leclercdrive.fr/image.ashx?id=2342024&use=l&cat=p&typeid=i","cat":289557},{"id":10729,"n":"Crème fraîche Le Gall Fleurette - 25cl","p":1.75,"u":"7,00 €/L","img":"https://fd1-photos.leclercdrive.fr/image.ashx?id=2534731&use=l&cat=p&typeid=i","cat":284381},{"id":10766,"n":"Pain d'épices P'tit Déli 350g","p":1.8,"u":"5,14 €/KG","img":"https://fd1-photos.leclercdrive.fr/image.ashx?id=2975542&use=l&cat=p&typeid=i","cat":284493},{"id":10767,"n":"Riz cantonais Comptoir du Grain Express 2 min - 250g","p":1.19,"u":"4,76 €/KG","img":"https://fd1-photos.leclercdrive.fr/image.ashx?id=2441198&use=l&cat=p&typeid=i","cat":287600},{"id":10781,"n":"Chair de tomate Notre Jardin Nature - 400g","p":1.99,"u":"4,98 €/KG","img":"https://fd1-photos.leclercdrive.fr/image.ashx?id=2590436&use=l&cat=p&typeid=i","cat":312608},{"id":10785,"n":"Mogette cuisinée NRT De Vendée - 820g","p":3.15,"u":"3,84 €/KG","img":"https://fd1-photos.leclercdrive.fr/image.ashx?id=2771384&use=l&cat=p&typeid=i","cat":312606},{"id":10787,"n":"Huile de colza Bio Village Bio - 75cl","p":3.79,"u":"5,05 €/L","img":"https://fd1-photos.leclercdrive.fr/image.ashx?id=2989715&use=l&cat=p&typeid=i","cat":284453},{"id":10788,"n":"Moutarde de Dijon Bio Village Bio - 200g","p":1.54,"u":"7,70 €/KG","img":"https://fd1-photos.leclercdrive.fr/image.ashx?id=2607954&use=l&cat=p&typeid=i","cat":288850},{"id":10796,"n":"Terrine Côté Table Sanglier cognac - 180g","p":3.13,"u":"17,39 €/KG","img":"https://fd1-photos.leclercdrive.fr/image.ashx?id=2519423&use=l&cat=p&typeid=i","cat":305149},{"id":10930,"n":"Chocolat pâtissier Eco+ Spécial dessert 200g","p":1.59,"u":"7,95 €/KG","img":"https://fd1-photos.leclercdrive.fr/image.ashx?id=2793140&use=l&cat=p&typeid=i","cat":285562},{"id":10932,"n":"Sauce tomate cuisinée Eco+ 420g","p":0.8,"u":"1,90 €/KG","img":"https://fd1-photos.leclercdrive.fr/image.ashx?id=2739715&use=l&cat=p&typeid=i","cat":288384},{"id":10933,"n":"Huile olive Eco+ Extra vierge - 1L","p":6.71,"u":"6,71 €/L","img":"https://fd1-photos.leclercdrive.fr/image.ashx?id=3002500&use=l&cat=p&typeid=i","cat":284453},{"id":10938,"n":"Barquette chien Eco+ Au boeuf - 300g","p":0.52,"u":"1,73 €/KG","img":"https://fd1-photos.leclercdrive.fr/image.ashx?id=2957545&use=l&cat=p&typeid=i","cat":284673},{"id":10945,"n":"Boules de graisse Eco+ x6 - 540g","p":0.79,"u":"1,46 €/KG","img":"https://fd1-photos.leclercdrive.fr/image.ashx?id=2220275&use=l&cat=p&typeid=i","cat":284678},{"id":10955,"n":"Blocs WC Eco+ Eau bleue - x2","p":0.65,"u":"0,33 €/P","img":"https://fd1-photos.leclercdrive.fr/image.ashx?id=2856115&use=l&cat=p&typeid=i","cat":284662},{"id":10979,"n":"Haricots Verts Bonduelle Extra-fins 1kg","p":2.78,"u":"2,78 €/KG","img":"https://fd1-photos.leclercdrive.fr/image.ashx?id=2876152&use=l&cat=p&typeid=i","cat":319805},{"id":10994,"n":"Gâteaux P'tit Déli Pépites de chocolat 10x30g","p":1.89,"u":"6,30 €/KG","img":"https://fd1-photos.leclercdrive.fr/image.ashx?id=1947354&use=l&cat=p&typeid=i","cat":284495},{"id":11002,"n":"AOC Champagne brut blanc  Grande cuvée Pol Carson - 75cl","p":22.49,"u":"29,99 €/L","img":"https://fd1-photos.leclercdrive.fr/image.ashx?id=2909885&use=l&cat=p&typeid=i","cat":284542},{"id":11003,"n":"Compote Douceur du Verger Coupelle pomme poire - 4x100g","p":1.34,"u":"3,35 €/KG","img":"https://fd1-photos.leclercdrive.fr/image.ashx?id=2663488&use=l&cat=p&typeid=i","cat":284508},{"id":11007,"n":"Barquettes chats Tous mes amis Les Menus 4 variétés - 8x100g","p":4.49,"u":"5,61 €/KG","img":"https://fd1-photos.leclercdrive.fr/image.ashx?id=2050645&use=l&cat=p&typeid=i","cat":285286},{"id":11024,"n":"Mayonnaise Rustica A la moutarde de Dijon - 175g","p":0.66,"u":"3,77 €/KG","img":"https://fd1-photos.leclercdrive.fr/image.ashx?id=2954349&use=l&cat=p&typeid=i","cat":298295},{"id":11034,"n":"Terrine de campagne Côté Table Porc confit - 2x180g","p":2.79,"u":"7,75 €/KG","img":"https://fd1-photos.leclercdrive.fr/image.ashx?id=2519426&use=l&cat=p&typeid=i","cat":305149},{"id":11037,"n":"Sauce tomate Italienne Zapetti - 3x190g","p":3.11,"u":"5,46 €/KG","img":"https://fd1-photos.leclercdrive.fr/image.ashx?id=2579975&use=l&cat=p&typeid=i","cat":288384},{"id":11042,"n":"Crêpes Côté Table Fromage fondu x20 1kg","p":3.29,"u":"3,29 €/KG","img":"https://fd1-photos.leclercdrive.fr/image.ashx?id=2756849&use=l&cat=p&typeid=i","cat":319776},{"id":11046,"n":"Duo de riz Camargue Bio village Bio  - 500g","p":3.9,"u":"7,80 €/KG","img":"https://fd1-photos.leclercdrive.fr/image.ashx?id=2477008&use=l&cat=p&typeid=i","cat":284428},{"id":11089,"n":"Lingettes Demak'up Peaux sensibles 2x25","p":4.97,"img":"https://fd1-photos.leclercdrive.fr/image.ashx?id=2999883&use=l&cat=p&typeid=i","cat":285593},{"id":11153,"n":"Truite fumée Ovive Pyrénées 4 tranches - 120g","p":6.07,"u":"50,58 €/KG","img":"https://fd1-photos.leclercdrive.fr/image.ashx?id=2887848&use=l&cat=p&typeid=i","cat":285188},{"id":11175,"n":"Plat bébé soir Blédiner 8 mois Risotto courgette - 2x200g","p":2.24,"u":"5,60 €/KG","img":"https://fd1-photos.leclercdrive.fr/image.ashx?id=2921043&use=l&cat=p&typeid=i","cat":312239},{"id":11176,"n":"Lait céréales bébé Blédiner 6m Courgette soir - 2x250ml","p":1.79,"u":"3,58 €/L","img":"https://fd1-photos.leclercdrive.fr/image.ashx?id=2960147&use=l&cat=p&typeid=i","cat":312239},{"id":11178,"n":"Plat bébé soir Blédiner 12 mois Pâtes tomate courgette - 2x200g","p":2.36,"u":"5,90 €/KG","img":"https://fd1-photos.leclercdrive.fr/image.ashx?id=2902966&use=l&cat=p&typeid=i","cat":312239},{"id":11225,"n":"AOP Blaye Côtes de Bordeaux vin rouge Chantet Blanet - BIB 3L","p":11.99,"u":"4,00 €/L","img":"https://fd1-photos.leclercdrive.fr/image.ashx?id=2780719&use=l&cat=p&typeid=i","cat":289560},{"id":11292,"n":"AOC Clairette de Die Jaillance Esprit de terroirTradition 75cl","p":5.95,"u":"7,93 €/L","img":"https://fd1-photos.leclercdrive.fr/image.ashx?id=2453499&use=l&cat=p&typeid=i","cat":284545},{"id":11306,"n":"IGP Saucisse de Montbéliard Cuite - 5x90g","p":5.98,"u":"13,29 €/KG","img":"https://fd1-photos.leclercdrive.fr/image.ashx?id=2603279&use=l&cat=p&typeid=i","cat":316012},{"id":11308,"n":"Couscous Tipiak - Grain moyen Prêt en 4 min - 1kg","p":1.83,"u":"1,83 €/KG","img":"https://fd1-photos.leclercdrive.fr/image.ashx?id=2947826&use=l&cat=p&typeid=i","cat":284429},{"id":11309,"n":"Fromage de Brebis Le Brebiou  Des Pyrénées - 180g","p":3.27,"u":"18,17 €/KG","img":"https://fd1-photos.leclercdrive.fr/image.ashx?id=2472855&use=l&cat=p&typeid=i","cat":314031},{"id":11319,"n":"Cancoillotte IGP Maison Raguin Nature - 250g","p":2.68,"u":"10,72 €/KG","img":"https://fd1-photos.leclercdrive.fr/image.ashx?id=2527227&use=l&cat=p&typeid=i","cat":314037},{"id":11321,"n":"Cancoillotte IGP Maison Raguin Ail - 250g","p":2.74,"u":"10,96 €/KG","img":"https://fd1-photos.leclercdrive.fr/image.ashx?id=2527230&use=l&cat=p&typeid=i","cat":314037},{"id":11322,"n":"Limonade la Mortuacienne 1L","p":2.21,"u":"2,21 €/L","img":"https://fd1-photos.leclercdrive.fr/image.ashx?id=1654203&use=l&cat=p&typeid=i","cat":284531},{"id":11365,"n":"Crème aux oeufs La Laitière Vanille - 4x100g","p":1.77,"u":"4,43 €/KG","img":"https://fd1-photos.leclercdrive.fr/image.ashx?id=3007987&use=l&cat=p&typeid=i","cat":284419},{"id":11367,"n":"Yaourt à la grecque YAOS Nature - 4x150g","p":2.11,"u":"3,52 €/KG","img":"https://fd1-photos.leclercdrive.fr/image.ashx?id=2365006&use=l&cat=p&typeid=i","cat":314999},{"id":11391,"n":"Crème caramel Bonne Maman Aux oeufs frais - 4x100g","p":2.14,"u":"5,35 €/KG","img":"https://fd1-photos.leclercdrive.fr/image.ashx?id=1987563&use=l&cat=p&typeid=i","cat":284419},{"id":11455,"n":"Pasta Box Sodebo Tortellini Ricotta Épinards - 280g","p":2.85,"u":"10,18 €/KG","img":"https://fd1-photos.leclercdrive.fr/image.ashx?id=2919778&use=l&cat=p&typeid=i","cat":334983},{"id":11464,"n":"Pointe de brie Président Crémeux - 200g","p":2.05,"u":"10,25 €/KG","img":"https://fd1-photos.leclercdrive.fr/image.ashx?id=2029841&use=l&cat=p&typeid=i","cat":314033},{"id":11465,"n":"Beurre La Motte Président Demi-sel - 80%MG - 250g","p":3.19,"u":"12,76 €/KG","img":"https://fd1-photos.leclercdrive.fr/image.ashx?id=2896970&use=l&cat=p&typeid=i","cat":284379},{"id":11481,"n":"Salade Coleslaw Pierre Martinet Chou et carottes rapées - 500g","p":2.27,"u":"4,54 €/KG","img":"https://fd1-photos.leclercdrive.fr/image.ashx?id=2733076&use=l&cat=p&typeid=i","cat":333657},{"id":11498,"n":"Lait Bio écrémé Lactel UHT Bouteille - 6x1l","p":10.08,"u":"1,68 €/L","img":"https://fd1-photos.leclercdrive.fr/image.ashx?id=2890986&use=l&cat=p&typeid=i","cat":284949},{"id":11499,"n":"Lait Bio entier Lactel UHT Bouteille - 6x1l","p":12.0,"u":"2,00 €/L","img":"https://fd1-photos.leclercdrive.fr/image.ashx?id=2892775&use=l&cat=p&typeid=i","cat":285610},{"id":11508,"n":"Lait céréales Blédidej 6 mois Biscuit  - 4x250ml","p":3.49,"u":"3,49 €/L","img":"https://fd1-photos.leclercdrive.fr/image.ashx?id=2921040&use=l&cat=p&typeid=i","cat":312226},{"id":11509,"n":"Feuille de brick Tablier Blanc 8 feuilles - 136g","p":0.77,"u":"5,66 €/KG","img":"https://fd1-photos.leclercdrive.fr/image.ashx?id=1938558&use=l&cat=p&typeid=i","cat":333681},{"id":11518,"n":"Mi-bas voile Tissaia Noir - Taille unique - x3","p":2.3,"u":"0,77 €/P","img":"https://fd1-photos.leclercdrive.fr/image.ashx?id=2193338&use=l&cat=p&typeid=i","cat":334130},{"id":11523,"n":"Socquettes voile Tissaia Résistant Noir Taille Unique-x3","p":2.95,"u":"0,98 €/P","img":"https://fd1-photos.leclercdrive.fr/image.ashx?id=2193362&use=l&cat=p&typeid=i","cat":334130},{"id":11524,"n":"Socquettes voile Tissaia Résistant beige moyen TU - x3","p":2.95,"u":"0,98 €/P","img":"https://fd1-photos.leclercdrive.fr/image.ashx?id=2193365&use=l&cat=p&typeid=i","cat":334130},{"id":11525,"n":"Socquettes voile Tissaia Beige clair taille U - x3","p":2.95,"u":"0,98 €/P","img":"https://fd1-photos.leclercdrive.fr/image.ashx?id=2193368&use=l&cat=p&typeid=i","cat":334130},{"id":11527,"n":"Essuie-tout blanc Mimosa Super absorbant - x6","p":3.7,"u":"0,62 €/P","img":"https://fd1-photos.leclercdrive.fr/image.ashx?id=2691129&use=l&cat=p&typeid=i","cat":284635},{"id":11562,"n":"Boisson sans alcool D'Artigny Pêche - 75cl","p":3.31,"u":"4,41 €/L","img":"https://fd1-photos.leclercdrive.fr/image.ashx?id=2854393&use=l&cat=p&typeid=i","cat":289460},{"id":11577,"n":"IGP Pays d'Oc rouge Bio Sauvignon Autrement - 75cl","p":5.5,"u":"7,33 €/L","img":"https://fd1-photos.leclercdrive.fr/image.ashx?id=2571470&use=l&cat=p&typeid=i","cat":289556},{"id":11578,"n":"Thermomètre Mercurochrome Electronique - 1 pièce","p":8.4,"img":"https://fd1-photos.leclercdrive.fr/image.ashx?id=2923660&use=l&cat=p&typeid=i","cat":284630},{"id":11646,"n":"Mi-bas Well Actiwell Circulation noir T36/38 x1","p":3.7,"img":"https://fd1-photos.leclercdrive.fr/image.ashx?id=2587542&use=l&cat=p&typeid=i","cat":334130},{"id":11650,"n":"Collant voile Tissaia Transparent beige clair T2 - x2","p":2.15,"u":"1,08 €/P","img":"https://fd1-photos.leclercdrive.fr/image.ashx?id=2193030&use=l&cat=p&typeid=i","cat":334130},{"id":11658,"n":"Collant voile Tissaia Transparent beige clair T4 - x2","p":2.15,"u":"1,08 €/P","img":"https://fd1-photos.leclercdrive.fr/image.ashx?id=2193039&use=l&cat=p&typeid=i","cat":334130},{"id":11669,"n":"Collant voile Tissaia Résistant noir T2 - x2","p":3.25,"u":"1,63 €/P","img":"https://fd1-photos.leclercdrive.fr/image.ashx?id=2193054&use=l&cat=p&typeid=i","cat":334130},{"id":11673,"n":"Collant voile Tissaia Résistant noir T3 - x2","p":3.25,"u":"1,63 €/P","img":"https://fd1-photos.leclercdrive.fr/image.ashx?id=2193060&use=l&cat=p&typeid=i","cat":334130},{"id":11679,"n":"Collant voile Tissaia Résistant beige foncé T5 - x2","p":3.25,"u":"1,63 €/P","img":"https://fd1-photos.leclercdrive.fr/image.ashx?id=2193069&use=l&cat=p&typeid=i","cat":334130},{"id":11683,"n":"Collant voile Tissaia Résistant beige foncé T6 - x2","p":3.25,"u":"1,63 €/P","img":"https://fd1-photos.leclercdrive.fr/image.ashx?id=2193075&use=l&cat=p&typeid=i","cat":334130},{"id":11693,"n":"Collant voile Tissaia Transparent beige clair T3 - x2","p":2.15,"u":"1,08 €/P","img":"https://fd1-photos.leclercdrive.fr/image.ashx?id=2193093&use=l&cat=p&typeid=i","cat":334130},{"id":11706,"n":"Collant opaque Tissaia Microfibre noir 40D - T3","p":3.5,"img":"https://fd1-photos.leclercdrive.fr/image.ashx?id=2193299&use=l&cat=p&typeid=i","cat":334130},{"id":11708,"n":"Collant opaque Tissaia Microfibre noir 40D - T1/2","p":3.5,"img":"https://fd1-photos.leclercdrive.fr/image.ashx?id=2193305&use=l&cat=p&typeid=i","cat":334130},{"id":11716,"n":"Legging opaque Tissaia Noir 50D - T1","p":6.4,"img":"https://fd1-photos.leclercdrive.fr/image.ashx?id=2193308&use=l&cat=p&typeid=i","cat":334130},{"id":11731,"n":"Legging opaque Tissaia Noir 50D - T2","p":6.4,"img":"https://fd1-photos.leclercdrive.fr/image.ashx?id=2193311&use=l&cat=p&typeid=i","cat":334130},{"id":11734,"n":"Legging opaque Tissaia Noir 50D - T3","p":6.4,"img":"https://fd1-photos.leclercdrive.fr/image.ashx?id=2193314&use=l&cat=p&typeid=i","cat":334130},{"id":11744,"n":"Mi-bas voile Tissaia Naturel taille unique - x3","p":2.3,"u":"0,77 €/P","img":"https://fd1-photos.leclercdrive.fr/image.ashx?id=2193344&use=l&cat=p&typeid=i","cat":334130},{"id":11822,"n":"Bonbons Werther's Original Caramel - 300g","p":3.0,"u":"10,00 €/KG","img":"https://fd1-photos.leclercdrive.fr/image.ashx?id=2659798&use=l&cat=p&typeid=i","cat":304252},{"id":11879,"n":"AOC Côtes du Rhône vin rouge Grégoire XI - BIB 3L","p":9.99,"u":"3,33 €/L","img":"https://fd1-photos.leclercdrive.fr/image.ashx?id=2714980&use=l&cat=p&typeid=i","cat":289560},{"id":11880,"n":"AOC Vouvray brut Les Caractères - 75cl","p":5.99,"u":"7,99 €/L","img":"https://fd1-photos.leclercdrive.fr/image.ashx?id=2677035&use=l&cat=p&typeid=i","cat":284544},{"id":11881,"n":"AOP Vouvray demi-sec Les Caractères - 75cl","p":5.99,"u":"7,99 €/L","img":"https://fd1-photos.leclercdrive.fr/image.ashx?id=2677038&use=l&cat=p&typeid=i","cat":284544},{"id":11885,"n":"Fruits au sirop St Mamet Cocktail avec son jus - 3x125g","p":3.82,"u":"10,19 €/KG","img":"https://fd1-photos.leclercdrive.fr/image.ashx?id=2628440&use=l&cat=p&typeid=i","cat":284507},{"id":11886,"n":"IGP Pays d'Oc Gris vin rosé Rives & Terrasses 12.5% BIB 3L","p":8.49,"u":"2,83 €/L","img":"https://fd1-photos.leclercdrive.fr/image.ashx?id=2909383&use=l&cat=p&typeid=i","cat":289560},{"id":11888,"n":"AOC Crémant d'Alsace brut rosé Rebmann - 75 cl","p":5.95,"u":"7,93 €/L","img":"https://fd1-photos.leclercdrive.fr/image.ashx?id=2682651&use=l&cat=p&typeid=i","cat":284545},{"id":11900,"n":"Arôme naturel de vanille Vahiné 20ml","p":2.3,"u":"115,00 €/L","img":"https://fd1-photos.leclercdrive.fr/image.ashx?id=2559766&use=l&cat=p&typeid=i","cat":284504},{"id":11902,"n":"Arôme amande amère Vahiné 20ml","p":1.13,"u":"56,50 €/L","img":"https://fd1-photos.leclercdrive.fr/image.ashx?id=2559769&use=l&cat=p&typeid=i","cat":284504},{"id":11903,"n":"Arôme naturel de citron Vahiné 20ml","p":1.38,"u":"69,00 €/L","img":"https://fd1-photos.leclercdrive.fr/image.ashx?id=2559772&use=l&cat=p&typeid=i","cat":284504},{"id":11906,"n":"Nappage caramel Vahiné 700g","p":3.47,"u":"4,96 €/KG","img":"https://fd1-photos.leclercdrive.fr/image.ashx?id=2983234&use=l&cat=p&typeid=i","cat":284504},{"id":11908,"n":"Perles multicolores Vahiné 80g","p":1.68,"u":"21,00 €/KG","img":"https://fd1-photos.leclercdrive.fr/image.ashx?id=2524308&use=l&cat=p&typeid=i","cat":284504},{"id":11910,"n":"Colorant alimentaire Vahiné Assortiment x3","p":1.49,"u":"0,50 €/P","img":"https://fd1-photos.leclercdrive.fr/image.ashx?id=2939352&use=l&cat=p&typeid=i","cat":284504},{"id":11917,"n":"Crayon pâtissier Vahiné x1","p":1.45,"img":"https://fd1-photos.leclercdrive.fr/image.ashx?id=2983240&use=l&cat=p&typeid=i","cat":284504},{"id":12012,"n":"Riz Vivien Paille superfino Spécial risotto - 1kg","p":3.13,"u":"3,13 €/KG","img":"https://fd1-photos.leclercdrive.fr/image.ashx?id=2280296&use=l&cat=p&typeid=i","cat":284428},{"id":12014,"n":"Riz Basmati Vivien Paille 1kg","p":3.52,"u":"3,52 €/KG","img":"https://fd1-photos.leclercdrive.fr/image.ashx?id=2326361&use=l&cat=p&typeid=i","cat":284428},{"id":12078,"n":"Pâte à tartiner Nustikao 400g","p":1.83,"u":"4,58 €/KG","img":"https://fd1-photos.leclercdrive.fr/image.ashx?id=2856411&use=l&cat=p&typeid=i","cat":284481},{"id":12080,"n":"Boisson énergisante X-tense Canette - 25cl","p":0.39,"u":"1,56 €/L","img":"https://fd1-photos.leclercdrive.fr/image.ashx?id=2956041&use=l&cat=p&typeid=i","cat":284533},{"id":12102,"n":"Roquette Notre Jardin  - 125g","p":1.42,"u":"11,36 €/KG","img":"https://fd1-photos.leclercdrive.fr/image.ashx?id=2654465&use=l&cat=p&typeid=i","cat":284353},{"id":12116,"n":"Sauce aigre douce Suzi Wan 400g","p":1.59,"u":"3,98 €/KG","img":"https://fd1-photos.leclercdrive.fr/image.ashx?id=2024300&use=l&cat=p&typeid=i","cat":288992},{"id":12122,"n":"Vermicelles de riz Suzi Wan 250g","p":2.07,"u":"8,28 €/KG","img":"https://fd1-photos.leclercdrive.fr/image.ashx?id=3002183&use=l&cat=p&typeid=i","cat":288992},{"id":12129,"n":"Vermicelles soja Suzi Wan 100g","p":1.99,"u":"19,90 €/KG","img":"https://fd1-photos.leclercdrive.fr/image.ashx?id=2886259&use=l&cat=p&typeid=i","cat":288992},{"id":12131,"n":"Crème coco Suzi Wan 200ml","p":1.29,"u":"6,45 €/L","img":"https://fd1-photos.leclercdrive.fr/image.ashx?id=2886250&use=l&cat=p&typeid=i","cat":288992},{"id":12170,"n":"AOP Bordeaux rosé Baron de Lestac - 75cl","p":4.14,"u":"5,52 €/L","img":"https://fd1-photos.leclercdrive.fr/image.ashx?id=2179368&use=l&cat=p&typeid=i","cat":289558},{"id":12233,"n":"Jus ananas Pago 75cl","p":1.96,"u":"2,61 €/L","img":"https://fd1-photos.leclercdrive.fr/image.ashx?id=2985702&use=l&cat=p&typeid=i","cat":284916},{"id":12235,"n":"Tapenade olives vertes NRT 90g","p":1.84,"u":"20,44 €/KG","img":"https://fd1-photos.leclercdrive.fr/image.ashx?id=2839986&use=l&cat=p&typeid=i","cat":284451},{"id":12236,"n":"Spaghetti d'Alsace NRT 250g","p":1.39,"u":"5,56 €/KG","img":"https://fd1-photos.leclercdrive.fr/image.ashx?id=2839983&use=l&cat=p&typeid=i","cat":284427},{"id":12242,"n":"Rillettes de saumon MSC Ronde des mers - 150g","p":1.99,"u":"13,27 €/KG","img":"https://fd1-photos.leclercdrive.fr/image.ashx?id=2552424&use=l&cat=p&typeid=i","cat":285191},{"id":12243,"n":"Rillettes de thon MSC Ronde des mers - 150g","p":1.99,"u":"13,27 €/KG","img":"https://fd1-photos.leclercdrive.fr/image.ashx?id=2644873&use=l&cat=p&typeid=i","cat":285191},{"id":12249,"n":"Torsades d'Alsace NRT 250g","p":1.39,"u":"5,56 €/KG","img":"https://fd1-photos.leclercdrive.fr/image.ashx?id=2839980&use=l&cat=p&typeid=i","cat":284427},{"id":12258,"n":"Gros sel de l'Ile de Ré NRT Sachet -1kg","p":1.69,"u":"1,69 €/KG","img":"https://fd1-photos.leclercdrive.fr/image.ashx?id=2802879&use=l&cat=p&typeid=i","cat":284457},{"id":12259,"n":"Fromage Mimolette vieille NRT  Label Rouge  - 200g","p":3.65,"u":"18,25 €/KG","img":"https://fd1-photos.leclercdrive.fr/image.ashx?id=2934829&use=l&cat=p&typeid=i","cat":314034},{"id":12261,"n":"Double concentré tomates Turini 3X70g","p":2.13,"u":"10,14 €/KG","img":"https://fd1-photos.leclercdrive.fr/image.ashx?id=3012394&use=l&cat=p&typeid=i","cat":288384},{"id":12331,"n":"Bonbons Fisherman's Friend Eucalyptus - 3x25g","p":2.01,"u":"26,80 €/KG","img":"https://fd1-photos.leclercdrive.fr/image.ashx?id=2654026&use=l&cat=p&typeid=i","cat":304256},{"id":12333,"n":"Frisk Menthe Forte  sans sucres - 5,7g","p":0.96,"u":"160,00 €/KG","img":"https://fd1-photos.leclercdrive.fr/image.ashx?id=2660206&use=l&cat=p&typeid=i","cat":304256},{"id":12342,"n":"Sucettes Chupa Chups Fresh cola - 192g","p":2.33,"u":"12,14 €/KG","img":"https://fd1-photos.leclercdrive.fr/image.ashx?id=2149489&use=l&cat=p&typeid=i","cat":304252},{"id":12362,"n":"Thon entier Pêche Océan Naturel - 2x140g","p":3.75,"u":"13,39 €/KG","img":"https://fd1-photos.leclercdrive.fr/image.ashx?id=2941420&use=l&cat=p&typeid=i","cat":303867},{"id":12363,"n":"Thon entier Pêche Océan Naturel - 3x93g","p":3.47,"u":"12,44 €/KG","img":"https://fd1-photos.leclercdrive.fr/image.ashx?id=2941408&use=l&cat=p&typeid=i","cat":303867},{"id":12365,"n":"Couscous royal Côté Table Volaille et merguez 980g","p":3.69,"u":"3,77 €/KG","img":"https://fd1-photos.leclercdrive.fr/image.ashx?id=2977144&use=l&cat=p&typeid=i","cat":325094},{"id":12368,"n":"Saucisses et haricots blancs Côté Table - 840g","p":3.15,"u":"3,75 €/KG","img":"https://fd1-photos.leclercdrive.fr/image.ashx?id=2980465&use=l&cat=p&typeid=i","cat":284441},{"id":12373,"n":"Moutarde Rustica Mi-forte - 415g","p":1.31,"u":"3,16 €/KG","img":"https://fd1-photos.leclercdrive.fr/image.ashx?id=1961437&use=l&cat=p&typeid=i","cat":288850},{"id":12374,"n":"Purée de tomates Turini 3x200g","p":1.19,"u":"1,98 €/KG","img":"https://fd1-photos.leclercdrive.fr/image.ashx?id=2174684&use=l&cat=p&typeid=i","cat":288384},{"id":12376,"n":"Pâtes Alphabet Turini 500g","p":0.99,"u":"1,98 €/KG","img":"https://fd1-photos.leclercdrive.fr/image.ashx?id=3014182&use=l&cat=p&typeid=i","cat":284427},{"id":12380,"n":"Infusion Tiséa Digestion facilitée x25","p":0.99,"u":"24,75 €/KG","img":"https://fd1-photos.leclercdrive.fr/image.ashx?id=2696253&use=l&cat=p&typeid=i","cat":293234},{"id":12384,"n":"Thon entier Pêche Océan Huile de tournesol - 3x80g","p":2.48,"u":"10,33 €/KG","img":"https://fd1-photos.leclercdrive.fr/image.ashx?id=2941402&use=l&cat=p&typeid=i","cat":303867},{"id":12391,"n":"Sirop Frucci Fraise - 1L","p":3.5,"u":"3,50 €/L","img":"https://fd1-photos.leclercdrive.fr/image.ashx?id=2954076&use=l&cat=p&typeid=i","cat":295020},{"id":12394,"n":"Nectar Jafaden Abricot - 4x20cl","p":2.68,"u":"3,35 €/L","img":"https://fd1-photos.leclercdrive.fr/image.ashx?id=2955674&use=l&cat=p&typeid=i","cat":284524},{"id":12396,"n":"100% Pur jus de tomate Jafaden - 4x20cl","p":2.32,"u":"2,90 €/L","img":"https://fd1-photos.leclercdrive.fr/image.ashx?id=2562858&use=l&cat=p&typeid=i","cat":284523},{"id":12397,"n":"Vin mousseux d'Union Européenne Brut Blazer - 75 cl","p":3.15,"u":"4,20 €/L","img":"https://fd1-photos.leclercdrive.fr/image.ashx?id=2623950&use=l&cat=p&typeid=i","cat":284544},{"id":12399,"n":"Apéritif anisé Cantanis Sans alcool - 1L","p":2.25,"u":"2,25 €/L","img":"https://fd1-photos.leclercdrive.fr/image.ashx?id=2520011&use=l&cat=p&typeid=i","cat":284549},{"id":12402,"n":"Crème de mûres Auguste Muniot 15%vol. - 50cl","p":4.58,"u":"9,16 €/L","img":"https://fd1-photos.leclercdrive.fr/image.ashx?id=2541525&use=l&cat=p&typeid=i","cat":286032},{"id":12422,"n":"Jus de citron vert Rustica 2x12,5cll","p":1.31,"u":"5,24 €/L","img":"https://fd1-photos.leclercdrive.fr/image.ashx?id=2974789&use=l&cat=p&typeid=i","cat":288383},{"id":12424,"n":"Pâtes Spaghetti Turini 3min - 500g","p":0.78,"u":"1,56 €/KG","img":"https://fd1-photos.leclercdrive.fr/image.ashx?id=2607464&use=l&cat=p&typeid=i","cat":284427},{"id":12426,"n":"Pâtes Cheveux d'anges Turini 1kg","p":1.61,"u":"1,61 €/KG","img":"https://fd1-photos.leclercdrive.fr/image.ashx?id=3015042&use=l&cat=p&typeid=i","cat":284427},{"id":12437,"n":"Sel fin de l'île de Ré NRT 250g","p":1.35,"u":"5,40 €/KG","img":"https://fd1-photos.leclercdrive.fr/image.ashx?id=2802876&use=l&cat=p&typeid=i","cat":284457},{"id":12438,"n":"Vinaigre Balsamique MAILLE Velours de Modène - 25cl","p":3.44,"u":"13,76 €/L","img":"https://fd1-photos.leclercdrive.fr/image.ashx?id=2889994&use=l&cat=p&typeid=i","cat":298543},{"id":12441,"n":"Moutarde Amora Fine et douce  - 435g","p":1.71,"u":"3,93 €/KG","img":"https://fd1-photos.leclercdrive.fr/image.ashx?id=2507608&use=l&cat=p&typeid=i","cat":288850},{"id":12451,"n":"Thé glacé Fresh Tea Pêche - Brique - 6x20cl","p":2.43,"u":"2,03 €/L","img":"https://fd1-photos.leclercdrive.fr/image.ashx?id=2622248&use=l&cat=p&typeid=i","cat":295019},{"id":12453,"n":"Soda Jean's Cola sans Caféine Zéro - Bouteille - 1,5L","p":0.96,"u":"0,64 €/L","img":"https://fd1-photos.leclercdrive.fr/image.ashx?id=2637865&use=l&cat=p&typeid=i","cat":284530},{"id":12454,"n":"Crème fraîche légère Bridélice Fluide 15%mg - 3x20cl + 1offert","p":2.45,"u":"3,06 €/L","img":"https://fd1-photos.leclercdrive.fr/image.ashx?id=2663947&use=l&cat=p&typeid=i","cat":284381},{"id":12464,"n":"Soda Jean's Cola Zéro Bouteille - 1,5L","p":0.45,"u":"0,30 €/L","img":"https://fd1-photos.leclercdrive.fr/image.ashx?id=2637883&use=l&cat=p&typeid=i","cat":284530},{"id":12467,"n":"Jus multifruits Jafaden Pur jus - 1L","p":1.99,"u":"1,99 €/L","img":"https://fd1-photos.leclercdrive.fr/image.ashx?id=2958705&use=l&cat=p&typeid=i","cat":284917},{"id":12469,"n":"100% Pur jus d'orange Jafaden  Sans pulpe - 1L","p":1.99,"u":"1,99 €/L","img":"https://fd1-photos.leclercdrive.fr/image.ashx?id=2842477&use=l&cat=p&typeid=i","cat":284521},{"id":12470,"n":"Pur Jus de raisin Bio Village Bio - 1L","p":2.29,"u":"2,29 €/L","img":"https://fd1-photos.leclercdrive.fr/image.ashx?id=2901518&use=l&cat=p&typeid=i","cat":284915},{"id":12471,"n":"Thon entier Pêche Océan Huile de tournesol - 160g","p":1.63,"u":"10,19 €/KG","img":"https://fd1-photos.leclercdrive.fr/image.ashx?id=2941399&use=l&cat=p&typeid=i","cat":303867},{"id":12477,"n":"Cassoulet Saucisse de Toulouse Côté Table - 420g","p":2.11,"u":"5,02 €/KG","img":"https://fd1-photos.leclercdrive.fr/image.ashx?id=2977861&use=l&cat=p&typeid=i","cat":284440},{"id":12501,"n":"Café soluble Plantation Sélection - 200g","p":4.44,"u":"22,20 €/KG","img":"https://fd1-photos.leclercdrive.fr/image.ashx?id=1034044&use=l&cat=p&typeid=i","cat":284843},{"id":12506,"n":"Marshmallows Copains Copines Vanille 300g","p":1.25,"u":"4,17 €/KG","img":"https://fd1-photos.leclercdrive.fr/image.ashx?id=2934646&use=l&cat=p&typeid=i","cat":304250},{"id":12513,"n":"Cornichons Maille Malossol A la russe 440g","p":3.59,"u":"8,16 €/KG","img":"https://fd1-photos.leclercdrive.fr/image.ashx?id=2076023&use=l&cat=p&typeid=i","cat":284458},{"id":12521,"n":"Miettes de thon Pêche Océan Huile de tournesol - 3x80g","p":2.35,"u":"9,79 €/KG","img":"https://fd1-photos.leclercdrive.fr/image.ashx?id=2943608&use=l&cat=p&typeid=i","cat":303867},{"id":12527,"n":"Chocolat Pâtissier Tablette dOr Noir - 200g","p":1.79,"u":"8,95 €/KG","img":"https://fd1-photos.leclercdrive.fr/image.ashx?id=2723356&use=l&cat=p&typeid=i","cat":285562},{"id":12529,"n":"Moutarde de Dijon Rustica  195g","p":1.25,"u":"6,41 €/KG","img":"https://fd1-photos.leclercdrive.fr/image.ashx?id=1921604&use=l&cat=p&typeid=i","cat":288850},{"id":12532,"n":"Café en grains Plantation Tradition - 1kg","p":10.15,"u":"10,15 €/KG","img":"https://fd1-photos.leclercdrive.fr/image.ashx?id=2856405&use=l&cat=p&typeid=i","cat":293237},{"id":12534,"n":"Café moulu Plantation  Fruité & délicat déca - 250g","p":3.69,"u":"14,76 €/KG","img":"https://fd1-photos.leclercdrive.fr/image.ashx?id=2856402&use=l&cat=p&typeid=i","cat":284750},{"id":12549,"n":"Rasoirs jetables Venus Gillette Simply Venus 2 - x10","p":3.5,"u":"0,35 €/P","img":"https://fd1-photos.leclercdrive.fr/image.ashx?id=2881789&use=l&cat=p&typeid=i","cat":325352},{"id":12551,"n":"Raviolis légumes Bio Village Bio - 700g","p":2.54,"u":"3,63 €/KG","img":"https://fd1-photos.leclercdrive.fr/image.ashx?id=2717252&use=l&cat=p&typeid=i","cat":284442},{"id":12555,"n":"Mogette cuite au naturel NRT De Vendée - 530g","p":3.19,"u":"6,02 €/KG","img":"https://fd1-photos.leclercdrive.fr/image.ashx?id=2771025&use=l&cat=p&typeid=i","cat":312606},{"id":12557,"n":"Vinaigrette Rustica Echalote - 50cl","p":1.25,"u":"2,50 €/L","img":"https://fd1-photos.leclercdrive.fr/image.ashx?id=1972901&use=l&cat=p&typeid=i","cat":284456},{"id":12564,"n":"Châtaignes Notre Jardin Entières - 420g","p":5.09,"u":"12,12 €/KG","img":"https://fd1-photos.leclercdrive.fr/image.ashx?id=1965527&use=l&cat=p&typeid=i","cat":312612},{"id":12565,"n":"Haricots beurre Notre Jardin Extra fins - 220g","p":1.88,"u":"8,55 €/KG","img":"https://fd1-photos.leclercdrive.fr/image.ashx?id=2988039&use=l&cat=p&typeid=i","cat":312606},{"id":12566,"n":"Sel régénérant Eco+ 4kg","p":2.04,"u":"0,51 €/KG","img":"https://fd1-photos.leclercdrive.fr/image.ashx?id=2865236&use=l&cat=p&typeid=i","cat":284657},{"id":12573,"n":"Eponges Mamison salle de bain Décorées x2","p":0.99,"u":"0,50 €/P","img":"https://fd1-photos.leclercdrive.fr/image.ashx?id=2199055&use=l&cat=p&typeid=i","cat":284667},{"id":12581,"n":"Soupe Déshydratée Thaï KNORR Nouilles & Champignons - 70cl","p":1.37,"u":"1,96 €/L","img":"https://fd1-photos.leclercdrive.fr/image.ashx?id=2772554&use=l&cat=p&typeid=i","cat":284463},{"id":12584,"n":"Pain grillé bio Bio Village Blé complet x12 - 250g","p":1.77,"u":"7,08 €/KG","img":"https://fd1-photos.leclercdrive.fr/image.ashx?id=2619749&use=l&cat=p&typeid=i","cat":284479},{"id":12587,"n":"Compote Douceur du Verger Gourdes multivariétés - 12x90g","p":3.93,"u":"3,64 €/KG","img":"https://fd1-photos.leclercdrive.fr/image.ashx?id=2837039&use=l&cat=p&typeid=i","cat":284508},{"id":12588,"n":"Sel régénérant Visior Lave-vaisselle - 4x1kg","p":2.69,"u":"0,67 €/KG","img":"https://fd1-photos.leclercdrive.fr/image.ashx?id=2463401&use=l&cat=p&typeid=i","cat":284657},{"id":12591,"n":"Soupe déshydratée Knorr 9 légumes - 75cl","p":1.02,"u":"1,36 €/L","img":"https://fd1-photos.leclercdrive.fr/image.ashx?id=2790585&use=l&cat=p&typeid=i","cat":284463},{"id":12593,"n":"Soupe déshydratée Knorr 9 légumes - 105g","p":0.96,"u":"9,14 €/KG","img":"https://fd1-photos.leclercdrive.fr/image.ashx?id=2875930&use=l&cat=p&typeid=i","cat":284463},{"id":12601,"n":"Oignon Rustica Coupés - 100g","p":2.14,"u":"21,40 €/KG","img":"https://fd1-photos.leclercdrive.fr/image.ashx?id=2365466&use=l&cat=p&typeid=i","cat":319804},{"id":12602,"n":"Ciboulette Rustica Coupé - 50g","p":1.65,"u":"33,00 €/KG","img":"https://fd1-photos.leclercdrive.fr/image.ashx?id=2365460&use=l&cat=p&typeid=i","cat":319804},{"id":12605,"n":"Cornichons Maille Le Mini 210g","p":2.78,"u":"13,24 €/KG","img":"https://fd1-photos.leclercdrive.fr/image.ashx?id=2877310&use=l&cat=p&typeid=i","cat":284458},{"id":12606,"n":"Marmite bouillon Knorr Poule - 224g","p":1.97,"u":"8,79 €/KG","img":"https://fd1-photos.leclercdrive.fr/image.ashx?id=2960288&use=l&cat=p&typeid=i","cat":288379},{"id":12611,"n":"Crozets au Sarrasin NRT 400g","p":2.3,"u":"5,75 €/KG","img":"https://fd1-photos.leclercdrive.fr/image.ashx?id=2856220&use=l&cat=p&typeid=i","cat":284427},{"id":12641,"n":"Shampooing Franck Provost  Expert Couleur - 750ml","p":5.75,"u":"7,67 €/L","img":"https://fd1-photos.leclercdrive.fr/image.ashx?id=2278289&use=l&cat=p&typeid=i","cat":284606},{"id":12669,"n":"Sauce Burger AMORA 260g","p":1.57,"u":"6,04 €/KG","img":"https://fd1-photos.leclercdrive.fr/image.ashx?id=2893853&use=l&cat=p&typeid=i","cat":318431},{"id":12670,"n":"Basilic Rustica Coupé - 50g","p":1.69,"u":"33,80 €/KG","img":"https://fd1-photos.leclercdrive.fr/image.ashx?id=2365463&use=l&cat=p&typeid=i","cat":319804},{"id":12674,"n":"Nids d'Alsace NRT 250g","p":1.39,"u":"5,56 €/KG","img":"https://fd1-photos.leclercdrive.fr/image.ashx?id=2839968&use=l&cat=p&typeid=i","cat":284427},{"id":12675,"n":"Pizza Cuite sur pierre Turini 4 fromages - 400g","p":2.7,"u":"6,75 €/KG","img":"https://fd1-photos.leclercdrive.fr/image.ashx?id=2815229&use=l&cat=p&typeid=i","cat":284256},{"id":12685,"n":"Biscuit P'tit Beurres chocolait P'tit Déli 268g","p":2.69,"u":"10,04 €/KG","img":"https://fd1-photos.leclercdrive.fr/image.ashx?id=2473975&use=l&cat=p&typeid=i","cat":284488},{"id":12702,"n":"Poisson pané Pêche Océan Tomate - MSC - x8 - 600g","p":4.29,"u":"7,15 €/KG","img":"https://fd1-photos.leclercdrive.fr/image.ashx?id=2930111&use=l&cat=p&typeid=i","cat":319788},{"id":12706,"n":"Dentifrice Dentamyl Soin complet 75ml","p":0.76,"u":"10,13 €/L","img":"https://fd1-photos.leclercdrive.fr/image.ashx?id=2276480&use=l&cat=p&typeid=i","cat":284612},{"id":12712,"n":"Sauce Poivrons Aubergine Turini 190g","p":1.79,"u":"9,42 €/KG","img":"https://fd1-photos.leclercdrive.fr/image.ashx?id=2478474&use=l&cat=p&typeid=i","cat":287599},{"id":12729,"n":"Pânés poulet Le Gaulois x2 -  200g","p":2.18,"u":"10,90 €/KG","img":"https://fd1-photos.leclercdrive.fr/image.ashx?id=2261660&use=l&cat=p&typeid=i","cat":333684},{"id":12733,"n":"Bacon Herta superposé x15 150g","p":2.07,"u":"13,80 €/KG","img":"https://fd1-photos.leclercdrive.fr/image.ashx?id=2889325&use=l&cat=p&typeid=i","cat":316007},{"id":12741,"n":"Emmental fromage râpé bio Bio village - 100g","p":1.49,"u":"14,90 €/KG","img":"https://fd1-photos.leclercdrive.fr/image.ashx?id=2757942&use=l&cat=p&typeid=i","cat":314035},{"id":12752,"n":"Filet Poulet blanc LR X2  IGP Volailles du Maine  - 240g","p":6.24,"u":"26,00 €/KG","img":"https://fd1-photos.leclercdrive.fr/image.ashx?id=2250558&use=l&cat=p&typeid=i","cat":284336},{"id":12816,"n":"Dentifrice blancheur Dentamyl Soin complet 75ml","p":0.98,"u":"13,07 €/L","img":"https://fd1-photos.leclercdrive.fr/image.ashx?id=2489110&use=l&cat=p&typeid=i","cat":284612},{"id":12916,"n":"Infusion bio Bio Village Digestion x20 - 30g","p":1.55,"u":"51,67 €/KG","img":"https://fd1-photos.leclercdrive.fr/image.ashx?id=2696286&use=l&cat=p&typeid=i","cat":293234},{"id":12917,"n":"Infusion bio Bio Village Pour le soir x20 - 30g","p":1.75,"u":"58,33 €/KG","img":"https://fd1-photos.leclercdrive.fr/image.ashx?id=2854261&use=l&cat=p&typeid=i","cat":293234},{"id":12965,"n":"Crêpes dentelles chocolat NRT 100g","p":1.82,"u":"18,20 €/KG","img":"https://fd1-photos.leclercdrive.fr/image.ashx?id=2770265&use=l&cat=p&typeid=i","cat":284490},{"id":12966,"n":"Assortiment biscuits fins P'tit Déli 200g","p":2.39,"u":"11,95 €/KG","img":"https://fd1-photos.leclercdrive.fr/image.ashx?id=2554578&use=l&cat=p&typeid=i","cat":284490},{"id":13014,"n":"Déodorant spray Scorpio Scorpio rouge - 150ml","p":2.59,"u":"17,27 €/L","img":"https://fd1-photos.leclercdrive.fr/image.ashx?id=2329780&use=l&cat=p&typeid=i","cat":284618},{"id":13057,"n":"Shampoing kératine Dessange Pour Cheveux colorés - 250ml","p":2.55,"u":"10,20 €/L","img":"https://fd1-photos.leclercdrive.fr/image.ashx?id=2308039&use=l&cat=p&typeid=i","cat":284606},{"id":13206,"n":"Feuilles simples Esquisse Perforées 17x22cm x200","p":1.4,"u":"0,01 €/P","img":"https://fd1-photos.leclercdrive.fr/image.ashx?id=1928761&use=l&cat=p&typeid=i","cat":284697},{"id":13209,"n":"Crayon à papier  Esquisse 2H - x2","p":0.49,"u":"0,25 €/P","img":"https://fd1-photos.leclercdrive.fr/image.ashx?id=1678402&use=l&cat=p&typeid=i","cat":284696},{"id":13252,"n":"Surligneur Esquisse mini 4 couleurs fluos - x4","p":1.89,"img":"https://fd1-photos.leclercdrive.fr/image.ashx?id=1678703&use=l&cat=p&typeid=i","cat":284696},{"id":13279,"n":"Rapporteur Esquisse 180° 12cm","p":0.65,"img":"https://fd1-photos.leclercdrive.fr/image.ashx?id=1928725&use=l&cat=p&typeid=i","cat":334133},{"id":13291,"n":"Mini gomme encre Esquisse Double usage - x2","p":0.79,"u":"0,40 €/P","img":"https://fd1-photos.leclercdrive.fr/image.ashx?id=1701966&use=l&cat=p&typeid=i","cat":334133},{"id":13300,"n":"Tube de colle liquide Esquisse Transparente gel - 30ml","p":1.1,"u":"36,67 €/L","img":"https://fd1-photos.leclercdrive.fr/image.ashx?id=1928779&use=l&cat=p&typeid=i","cat":334133},{"id":13315,"n":"Calculatrice de poche Eco+ 1 pièce","p":1.79,"u":"Dont 0,13 € d'éco-part.","img":"https://fd1-photos.leclercdrive.fr/image.ashx?id=1699669&use=l&cat=p&typeid=i","cat":334133},{"id":13342,"n":"Thon entier Le Savoureux Huile d'olive - 160g","p":3.19,"u":"19,94 €/KG","img":"https://fd1-photos.leclercdrive.fr/image.ashx?id=2960159&use=l&cat=p&typeid=i","cat":303867},{"id":13356,"n":"IGP Fleur de sel Le Guérandais Tradition -  125g","p":2.86,"u":"22,88 €/KG","img":"https://fd1-photos.leclercdrive.fr/image.ashx?id=2457881&use=l&cat=p&typeid=i","cat":284457},{"id":13440,"n":"Purée de fruit NATURNES Fruits du verger 6M+ - 4x130g","p":2.2,"u":"4,23 €/KG","img":"https://fd1-photos.leclercdrive.fr/image.ashx?id=2478387&use=l&cat=p&typeid=i","cat":312388},{"id":13464,"n":"Tripoux aveyronnais NRT 400g","p":5.46,"u":"13,65 €/KG","img":"https://fd1-photos.leclercdrive.fr/image.ashx?id=1907519&use=l&cat=p&typeid=i","cat":284441},{"id":13532,"n":"Purée pomme de terre Pom'lisse Saveur d'antan - 4x125g - 500g","p":2.49,"u":"4,98 €/KG","img":"https://fd1-photos.leclercdrive.fr/image.ashx?id=2929867&use=l&cat=p&typeid=i","cat":284431},{"id":13559,"n":"Thé breakfast Britley 50 sachets - 100g","p":1.22,"u":"12,20 €/KG","img":"https://fd1-photos.leclercdrive.fr/image.ashx?id=2854225&use=l&cat=p&typeid=i","cat":293233},{"id":13585,"n":"Fleur de sel de l'Ile de Ré NRT 125g","p":2.49,"u":"19,92 €/KG","img":"https://fd1-photos.leclercdrive.fr/image.ashx?id=2644915&use=l&cat=p&typeid=i","cat":284457},{"id":13589,"n":"Fromage Brillat Savarin NRT  IGP - 200g","p":3.39,"u":"16,95 €/KG","img":"https://fd1-photos.leclercdrive.fr/image.ashx?id=2771064&use=l&cat=p&typeid=i","cat":329558},{"id":13605,"n":"Panés de colin Pêche Océan Colin d'Alaska - 200g","p":1.99,"u":"9,95 €/KG","img":"https://fd1-photos.leclercdrive.fr/image.ashx?id=2953605&use=l&cat=p&typeid=i","cat":284344},{"id":13637,"n":"Aiguillette poulet Le Gaulois Blanc - 210g","p":3.69,"u":"17,57 €/KG","img":"https://fd1-photos.leclercdrive.fr/image.ashx?id=2239564&use=l&cat=p&typeid=i","cat":284336},{"id":13639,"n":"Nougat tendre de Montélimar NRT  sachet 200g","p":3.99,"u":"19,95 €/KG","img":"https://fd1-photos.leclercdrive.fr/image.ashx?id=2791069&use=l&cat=p&typeid=i","cat":304249},{"id":13643,"n":"Biscuits nappés Bio Village Bio Chocolat au lait 200g","p":2.43,"u":"12,15 €/KG","img":"https://fd1-photos.leclercdrive.fr/image.ashx?id=1937516&use=l&cat=p&typeid=i","cat":284488},{"id":13649,"n":"Pansement Primoplast Cicatrisant hydrocolloïde x8","p":5.95,"img":"https://fd1-photos.leclercdrive.fr/image.ashx?id=2856480&use=l&cat=p&typeid=i","cat":284630},{"id":13650,"n":"Gel à l'arnica Primoplast 50g","p":1.64,"u":"32,80 €/KG","img":"https://fd1-photos.leclercdrive.fr/image.ashx?id=2856477&use=l&cat=p&typeid=i","cat":284630},{"id":13663,"n":"Mini-crêpes fourrées Tokapi  Comté - 65g","p":1.96,"u":"30,15 €/KG","img":"https://fd1-photos.leclercdrive.fr/image.ashx?id=2853892&use=l&cat=p&typeid=i","cat":297000},{"id":13679,"n":"Croûtons salade Epi d'Or Nature - 60g","p":0.6,"u":"10,00 €/KG","img":"https://fd1-photos.leclercdrive.fr/image.ashx?id=2607909&use=l&cat=p&typeid=i","cat":284464},{"id":13681,"n":"Pâté pur porc Côtés Table 2 Foie 1 campagne - 3x78g","p":1.9,"u":"8,12 €/KG","img":"https://fd1-photos.leclercdrive.fr/image.ashx?id=2518505&use=l&cat=p&typeid=i","cat":305149},{"id":13682,"n":"Pâté de campagne Côté Table Pur porc - 3x78g","p":1.85,"u":"7,91 €/KG","img":"https://fd1-photos.leclercdrive.fr/image.ashx?id=2478763&use=l&cat=p&typeid=i","cat":305149},{"id":13683,"n":"Pâté de foie Côté Table Pur porc - 3x78g","p":1.99,"u":"8,50 €/KG","img":"https://fd1-photos.leclercdrive.fr/image.ashx?id=2518502&use=l&cat=p&typeid=i","cat":305149},{"id":13684,"n":"Bouillon de légumes Rustica Cubes - 12x10g","p":0.67,"u":"5,58 €/KG","img":"https://fd1-photos.leclercdrive.fr/image.ashx?id=1753198&use=l&cat=p&typeid=i","cat":288379},{"id":13685,"n":"Bouillon de volaille Rustica Cubes - 12x10g","p":0.8,"u":"6,67 €/KG","img":"https://fd1-photos.leclercdrive.fr/image.ashx?id=1880027&use=l&cat=p&typeid=i","cat":288379},{"id":13686,"n":"Bouillon Pot au feu Rustica Cubes - 12x10g","p":1.39,"u":"11,58 €/KG","img":"https://fd1-photos.leclercdrive.fr/image.ashx?id=1880024&use=l&cat=p&typeid=i","cat":288379},{"id":13694,"n":"Riz long Comptoir du Grain 500g","p":1.47,"u":"2,94 €/KG","img":"https://fd1-photos.leclercdrive.fr/image.ashx?id=2886534&use=l&cat=p&typeid=i","cat":284428},{"id":13696,"n":"Soufflés Snack's Tokapi Cacahuète - 90g","p":0.47,"u":"5,22 €/KG","img":"https://fd1-photos.leclercdrive.fr/image.ashx?id=2677026&use=l&cat=p&typeid=i","cat":284449},{"id":13698,"n":"Légumes couscous Notre Jardin 400g","p":1.43,"u":"3,58 €/KG","img":"https://fd1-photos.leclercdrive.fr/image.ashx?id=2854216&use=l&cat=p&typeid=i","cat":312612},{"id":13701,"n":"Riz Thaï Comptoir du Grain Sélection Riz long - 500g","p":1.79,"u":"3,58 €/KG","img":"https://fd1-photos.leclercdrive.fr/image.ashx?id=2565610&use=l&cat=p&typeid=i","cat":284428},{"id":13703,"n":"Petits pois Notre Jardin A l'étuvée - Très fins - 560g","p":1.29,"u":"2,30 €/KG","img":"https://fd1-photos.leclercdrive.fr/image.ashx?id=2691018&use=l&cat=p&typeid=i","cat":312607},{"id":13715,"n":"Croquettes chat Purina One Stérilisé - Boeuf/Blé-1.5kg","p":6.91,"u":"4,61 €/KG","img":"https://fd1-photos.leclercdrive.fr/image.ashx?id=2488040&use=l&cat=p&typeid=i","cat":284680},{"id":13719,"n":"Croquettes chat Purina One Adulte - Poulet/Céréales -1.5kg","p":6.72,"u":"4,48 €/KG","img":"https://fd1-photos.leclercdrive.fr/image.ashx?id=2537682&use=l&cat=p&typeid=i","cat":284680},{"id":13731,"n":"Barquettes chats Gourmet Gold Les mousselines - 12x85g","p":5.5,"u":"5,39 €/KG","img":"https://fd1-photos.leclercdrive.fr/image.ashx?id=2967046&use=l&cat=p&typeid=i","cat":285286},{"id":13733,"n":"Barquettes chats Gourmet Gold Les terrines - 12x85g","p":5.68,"u":"5,57 €/KG","img":"https://fd1-photos.leclercdrive.fr/image.ashx?id=2979069&use=l&cat=p&typeid=i","cat":285286},{"id":13770,"n":"Croissants surgelés Epi d'Or Cuisson four - 6x60g","p":2.58,"u":"7,17 €/KG","img":"https://fd1-photos.leclercdrive.fr/image.ashx?id=2900088&use=l&cat=p&typeid=i","cat":284267},{"id":13776,"n":"Mouchoirs blancs 3 plis Caresse Boîte - x110","p":1.35,"u":"0,01 €/P","img":"https://fd1-photos.leclercdrive.fr/image.ashx?id=2858784&use=l&cat=p&typeid=i","cat":284638},{"id":13777,"n":"Lingettes bébé Eco+ Epaisses - x72","p":0.72,"u":"0,01 €/P","img":"https://fd1-photos.leclercdrive.fr/image.ashx?id=2874672&use=l&cat=p&typeid=i","cat":284738},{"id":13782,"n":"Déodorant Manava anti-traces 200ml","p":1.29,"u":"6,45 €/L","img":"https://fd1-photos.leclercdrive.fr/image.ashx?id=2692952&use=l&cat=p&typeid=i","cat":284595},{"id":13784,"n":"Gel douche et shampooing Carré Homme Energisante - 250ml","p":1.15,"u":"4,60 €/L","img":"https://fd1-photos.leclercdrive.fr/image.ashx?id=2927845&use=l&cat=p&typeid=i","cat":284619},{"id":13785,"n":"Shampooing Vitanove Réparateur - 250ml","p":1.45,"u":"5,80 €/L","img":"https://fd1-photos.leclercdrive.fr/image.ashx?id=1879257&use=l&cat=p&typeid=i","cat":284606},{"id":13786,"n":"Shampooing Vitanove Equilibrant - 250ml","p":1.79,"u":"7,16 €/L","img":"https://fd1-photos.leclercdrive.fr/image.ashx?id=1913165&use=l&cat=p&typeid=i","cat":284606},{"id":13787,"n":"Shampooing Vitanove Extra Color - 250ml","p":1.44,"u":"5,76 €/L","img":"https://fd1-photos.leclercdrive.fr/image.ashx?id=1889779&use=l&cat=p&typeid=i","cat":284606},{"id":13788,"n":"Après-shampooing Vitanove Extra color - 200ml","p":1.35,"u":"6,75 €/L","img":"https://fd1-photos.leclercdrive.fr/image.ashx?id=2618302&use=l&cat=p&typeid=i","cat":284607},{"id":13789,"n":"Shampooing Vitanove Lissant - 250ml","p":1.79,"u":"7,16 €/L","img":"https://fd1-photos.leclercdrive.fr/image.ashx?id=1907456&use=l&cat=p&typeid=i","cat":284606},{"id":13790,"n":"Après-shampooing Vitanove Lissant - 200ml","p":1.49,"u":"7,45 €/L","img":"https://fd1-photos.leclercdrive.fr/image.ashx?id=2618314&use=l&cat=p&typeid=i","cat":284607},{"id":13975,"n":"Salade Notre Jardin Mâche - 200g","p":1.52,"u":"7,60 €/KG","img":"https://fd1-photos.leclercdrive.fr/image.ashx?id=2662583&use=l&cat=p&typeid=i","cat":284353},{"id":13977,"n":"Salade Notre Jardin Coeurs de laitue - 320g","p":1.58,"u":"4,94 €/KG","img":"https://fd1-photos.leclercdrive.fr/image.ashx?id=2720142&use=l&cat=p&typeid=i","cat":284353},{"id":13992,"n":"Recharge savon mains Manava Gel lavande - 250ml","p":0.69,"u":"2,76 €/L","img":"https://fd1-photos.leclercdrive.fr/image.ashx?id=2935477&use=l&cat=p&typeid=i","cat":284597},{"id":13995,"n":"Bandes extensibles Primoplast 4mx6cm - x2","p":1.29,"img":"https://fd1-photos.leclercdrive.fr/image.ashx?id=2856444&use=l&cat=p&typeid=i","cat":284630},{"id":13998,"n":"Pâte feuilletée Eco+ A dérouler - 230g","p":0.53,"u":"2,30 €/KG","img":"https://fd1-photos.leclercdrive.fr/image.ashx?id=2794178&use=l&cat=p&typeid=i","cat":333681},{"id":14007,"n":"Jambon de Bayonne IGP NRT 4 Grandes Tranches - 120g","p":3.63,"u":"30,25 €/KG","img":"https://fd1-photos.leclercdrive.fr/image.ashx?id=2670428&use=l&cat=p&typeid=i","cat":316007},{"id":14018,"n":"Chocolat Pâtissier Tablette dOr Noir corsé - 64% cacao - 200g","p":2.09,"u":"10,45 €/KG","img":"https://fd1-photos.leclercdrive.fr/image.ashx?id=2602349&use=l&cat=p&typeid=i","cat":285562},{"id":14027,"n":"Lingettes Hygiène intime Doulys x20","p":1.8,"img":"https://fd1-photos.leclercdrive.fr/image.ashx?id=2815632&use=l&cat=p&typeid=i","cat":284627},{"id":14029,"n":"Fromage Neufchâtel AOP  Nos Régions ont du Talent 200g","p":2.64,"u":"13,20 €/KG","img":"https://fd1-photos.leclercdrive.fr/image.ashx?id=2071227&use=l&cat=p&typeid=i","cat":329558},{"id":14033,"n":"Crochets anti-mites Insectivor Cèdre 2x3ml","p":1.99,"u":"331,67 €/L","img":"https://fd1-photos.leclercdrive.fr/image.ashx?id=1899681&use=l&cat=p&typeid=i","cat":298368},{"id":14038,"n":"Cassoulet au confit canard NRT - 420g","p":2.75,"u":"6,55 €/KG","img":"https://fd1-photos.leclercdrive.fr/image.ashx?id=2791413&use=l&cat=p&typeid=i","cat":284440},{"id":14046,"n":"Calvados pays d'auge NRT  40%vol. - 70cl","p":22.99,"u":"32,84 €/L","img":"https://fd1-photos.leclercdrive.fr/image.ashx?id=1647892&use=l&cat=p&typeid=i","cat":286032},{"id":14050,"n":"Rhum blanc Réunion 49%vol NRT 1L","p":14.62,"u":"14,62 €/L","img":"https://fd1-photos.leclercdrive.fr/image.ashx?id=1208791&use=l&cat=p&typeid=i","cat":284550},{"id":14051,"n":"Confiture extra bio Bio Village Myrtilles - 370g","p":2.29,"u":"6,19 €/KG","img":"https://fd1-photos.leclercdrive.fr/image.ashx?id=2965620&use=l&cat=p&typeid=i","cat":284480},{"id":14058,"n":"Confiture rhubarbe NRT Des Hauts-de-France - 315g","p":2.85,"u":"9,05 €/KG","img":"https://fd1-photos.leclercdrive.fr/image.ashx?id=2460652&use=l&cat=p&typeid=i","cat":284480},{"id":14061,"n":"Confiture poires williams NRT De la Valée du Rhône - 315g","p":2.79,"u":"8,86 €/KG","img":"https://fd1-photos.leclercdrive.fr/image.ashx?id=2699792&use=l&cat=p&typeid=i","cat":284480},{"id":14063,"n":"Préparation NRT Agrumes de Corse - 315g","p":2.82,"u":"8,95 €/KG","img":"https://fd1-photos.leclercdrive.fr/image.ashx?id=2460646&use=l&cat=p&typeid=i","cat":284480},{"id":14064,"n":"Préparation NRT Abricots d'Occitanie - 315g","p":2.87,"u":"9,11 €/KG","img":"https://fd1-photos.leclercdrive.fr/image.ashx?id=2590466&use=l&cat=p&typeid=i","cat":284480},{"id":14068,"n":"Miel Nid d'Abeille A tartiner - 500 g","p":3.19,"u":"6,38 €/KG","img":"https://fd1-photos.leclercdrive.fr/image.ashx?id=2693120&use=l&cat=p&typeid=i","cat":287643},{"id":14075,"n":"Lait de coco Tables du monde 400ml","p":1.52,"u":"3,80 €/L","img":"https://fd1-photos.leclercdrive.fr/image.ashx?id=1960758&use=l&cat=p&typeid=i","cat":288992},{"id":14080,"n":"Chair de tomate Notre Jardin Basilic - 400g","p":2.9,"u":"7,25 €/KG","img":"https://fd1-photos.leclercdrive.fr/image.ashx?id=2603692&use=l&cat=p&typeid=i","cat":312608},{"id":14081,"n":"Ratatouille Bio Village Bio A la provençale - 650g","p":2.35,"u":"3,62 €/KG","img":"https://fd1-photos.leclercdrive.fr/image.ashx?id=2762513&use=l&cat=p&typeid=i","cat":312612},{"id":14082,"n":"Miel de fleurs bio Bio Village 500g","p":4.99,"u":"9,98 €/KG","img":"https://fd1-photos.leclercdrive.fr/image.ashx?id=751557&use=l&cat=p&typeid=i","cat":287643},{"id":14084,"n":"Confiture bio Bio Village Oranges - 370g","p":2.25,"u":"6,08 €/KG","img":"https://fd1-photos.leclercdrive.fr/image.ashx?id=2965623&use=l&cat=p&typeid=i","cat":284480},{"id":14087,"n":"Quenelles de veau Coté Table Sauce financière 400g","p":1.85,"u":"4,63 €/KG","img":"https://fd1-photos.leclercdrive.fr/image.ashx?id=2977864&use=l&cat=p&typeid=i","cat":284441},{"id":14088,"n":"Garnit bouchée reine Coté Table 400g","p":1.79,"u":"4,48 €/KG","img":"https://fd1-photos.leclercdrive.fr/image.ashx?id=2977150&use=l&cat=p&typeid=i","cat":284441},{"id":14094,"n":"Confiture pêches de vigne NRT De la Valée du Rhône - 315g","p":3.03,"u":"9,62 €/KG","img":"https://fd1-photos.leclercdrive.fr/image.ashx?id=2657286&use=l&cat=p&typeid=i","cat":284480},{"id":14099,"n":"Spray nettoyant Eco+ avec Javel 750ml","p":0.87,"u":"1,16 €/L","img":"https://fd1-photos.leclercdrive.fr/image.ashx?id=2837003&use=l&cat=p&typeid=i","cat":325357},{"id":14111,"n":"Houmous Tables du Monde 200g","p":1.43,"u":"7,15 €/KG","img":"https://fd1-photos.leclercdrive.fr/image.ashx?id=2872258&use=l&cat=p&typeid=i","cat":315999},{"id":14113,"n":"Rasoirs jetables Siliss 2 lames - x10","p":1.19,"u":"0,12 €/P","img":"https://fd1-photos.leclercdrive.fr/image.ashx?id=2602763&use=l&cat=p&typeid=i","cat":325352},{"id":14114,"n":"Brosse à dents Dentamyl Médium x4","p":0.99,"u":"0,25 €/P","img":"https://fd1-photos.leclercdrive.fr/image.ashx?id=2790922&use=l&cat=p&typeid=i","cat":284614},{"id":14124,"n":"Rosette pur porc Eco+ 12 tranches - 150g","p":1.26,"u":"8,40 €/KG","img":"https://fd1-photos.leclercdrive.fr/image.ashx?id=2728222&use=l&cat=p&typeid=i","cat":316007},{"id":14125,"n":"Pâté croûte Franche-Comté NRT x2 - 200g","p":3.29,"u":"16,45 €/KG","img":"https://fd1-photos.leclercdrive.fr/image.ashx?id=2670434&use=l&cat=p&typeid=i","cat":316003},{"id":14131,"n":"Désodorisant Visior Lave-vaisselle Citron - x2","p":1.29,"u":"0,65 €/P","img":"https://fd1-photos.leclercdrive.fr/image.ashx?id=2951119&use=l&cat=p&typeid=i","cat":284657},{"id":14132,"n":"Bloc wc javel Syphon 2x40g","p":1.46,"u":"18,25 €/KG","img":"https://fd1-photos.leclercdrive.fr/image.ashx?id=2302540&use=l&cat=p&typeid=i","cat":284662},{"id":14135,"n":"Brosse à dents Eco+ Médium x2","p":0.23,"u":"0,12 €/P","img":"https://fd1-photos.leclercdrive.fr/image.ashx?id=2783783&use=l&cat=p&typeid=i","cat":284614},{"id":14138,"n":"Lingettes dépoussiérantes Eco+ x40","p":1.76,"u":"0,04 €/P","img":"https://fd1-photos.leclercdrive.fr/image.ashx?id=2805972&use=l&cat=p&typeid=i","cat":325364},{"id":14140,"n":"Savon extra-doux Manava Douceur d'amande 6x100g","p":3.16,"u":"5,27 €/KG","img":"https://fd1-photos.leclercdrive.fr/image.ashx?id=2331312&use=l&cat=p&typeid=i","cat":284597},{"id":14144,"n":"Lingettes bébé Mots d'Enfants Débarbouillantes - x40","p":1.47,"u":"0,04 €/P","img":"https://fd1-photos.leclercdrive.fr/image.ashx?id=2856471&use=l&cat=p&typeid=i","cat":284738},{"id":14150,"n":"Nettoyant sol carrelés Clair Savon huile de lin 1L","p":2.15,"u":"2,15 €/L","img":"https://fd1-photos.leclercdrive.fr/image.ashx?id=2822102&use=l&cat=p&typeid=i","cat":284907},{"id":14155,"n":"Gnocchi Turini à poêler 300g","p":0.89,"u":"2,97 €/KG","img":"https://fd1-photos.leclercdrive.fr/image.ashx?id=3010566&use=l&cat=p&typeid=i","cat":333682},{"id":14158,"n":"Fromage Mystère du Prieuré Lait pasteurisé - 340g","p":2.65,"u":"7,79 €/KG","img":"https://fd1-photos.leclercdrive.fr/image.ashx?id=2900085&use=l&cat=p&typeid=i","cat":329184},{"id":14163,"n":"Crème nettoyante Clair 3en1 - Fraicheur - 750ml","p":1.44,"u":"1,92 €/L","img":"https://fd1-photos.leclercdrive.fr/image.ashx?id=2358324&use=l&cat=p&typeid=i","cat":325357},{"id":14165,"n":"Crème de soin cheveux Vitanove Boucles sans rinçage 200ml","p":1.29,"u":"6,45 €/L","img":"https://fd1-photos.leclercdrive.fr/image.ashx?id=1947997&use=l&cat=p&typeid=i","cat":284608},{"id":14167,"n":"Brosse à dents Dentamyl Extra souple x1","p":0.85,"img":"https://fd1-photos.leclercdrive.fr/image.ashx?id=2790925&use=l&cat=p&typeid=i","cat":284614},{"id":14168,"n":"Dentifrice Dentamyl Protection gencives 75ml","p":0.92,"u":"12,27 €/L","img":"https://fd1-photos.leclercdrive.fr/image.ashx?id=2489092&use=l&cat=p&typeid=i","cat":284612},{"id":14170,"n":"Nettoyant lave-vaisselle Visior 250ml","p":2.65,"u":"10,60 €/L","img":"https://fd1-photos.leclercdrive.fr/image.ashx?id=776479&use=l&cat=p&typeid=i","cat":284657},{"id":14187,"n":"Masque réparateur Vitanove Secs abîmés cassants 300ml","p":2.64,"u":"8,80 €/L","img":"https://fd1-photos.leclercdrive.fr/image.ashx?id=2931769&use=l&cat=p&typeid=i","cat":284608},{"id":14190,"n":"Savon mains en crème Manava nourrissante à l'amande - 300ml","p":0.9,"u":"3,00 €/L","img":"https://fd1-photos.leclercdrive.fr/image.ashx?id=2935471&use=l&cat=p&typeid=i","cat":284597},{"id":14193,"n":"Masque capillaire Vitanove Extra color 300ml","p":2.69,"u":"8,97 €/L","img":"https://fd1-photos.leclercdrive.fr/image.ashx?id=2149095&use=l&cat=p&typeid=i","cat":284608},{"id":14196,"n":"Après-shampooing Vitanove Réparateur - 200ml","p":1.38,"u":"6,90 €/L","img":"https://fd1-photos.leclercdrive.fr/image.ashx?id=2618311&use=l&cat=p&typeid=i","cat":284607},{"id":14212,"n":"Lotion après-rasage Carré Homme Marine tonifiant 100ml","p":2.55,"u":"25,50 €/L","img":"https://fd1-photos.leclercdrive.fr/image.ashx?id=2854219&use=l&cat=p&typeid=i","cat":288147},{"id":14217,"n":"Crème pieds Primoplast Nutri-réparatrice - 75ml","p":1.49,"u":"19,87 €/L","img":"https://fd1-photos.leclercdrive.fr/image.ashx?id=2832930&use=l&cat=p&typeid=i","cat":325354},{"id":14218,"n":"Dentifrice enfant Dentamyl Bubble gum - 3 à 6 ans - 50ml","p":0.89,"u":"17,80 €/L","img":"https://fd1-photos.leclercdrive.fr/image.ashx?id=2075185&use=l&cat=p&typeid=i","cat":288898},{"id":14219,"n":"Dentifrice enfant Dentamyl Menthe - 7 à 13 ans - 75ml","p":0.74,"u":"9,87 €/L","img":"https://fd1-photos.leclercdrive.fr/image.ashx?id=2489113&use=l&cat=p&typeid=i","cat":288898},{"id":14220,"n":"Shampooing Vitanove Volumateur - 250ml","p":1.79,"u":"7,16 €/L","img":"https://fd1-photos.leclercdrive.fr/image.ashx?id=1909519&use=l&cat=p&typeid=i","cat":284606},{"id":14222,"n":"Lait de toilette Mots d'Enfants Bébé peaux délicates - 250ml","p":1.95,"u":"7,80 €/L","img":"https://fd1-photos.leclercdrive.fr/image.ashx?id=3015024&use=l&cat=p&typeid=i","cat":284741},{"id":14223,"n":"Dépoussiérant meubles Clair Multi-surfaces 300ml","p":1.03,"u":"3,43 €/L","img":"https://fd1-photos.leclercdrive.fr/image.ashx?id=2856681&use=l&cat=p&typeid=i","cat":325364},{"id":14224,"n":"Gel wc Syphon surpuissant 750ml","p":1.07,"u":"1,43 €/L","img":"https://fd1-photos.leclercdrive.fr/image.ashx?id=2558790&use=l&cat=p&typeid=i","cat":284662},{"id":14235,"n":"Change complet Chorys Taille M - x20","p":9.94,"u":"0,50 €/P","img":"https://fd1-photos.leclercdrive.fr/image.ashx?id=2905219&use=l&cat=p&typeid=i","cat":284628},{"id":14236,"n":"Jambon cru Eco+ 8 tranches - 150g","p":1.77,"u":"11,80 €/KG","img":"https://fd1-photos.leclercdrive.fr/image.ashx?id=2917638&use=l&cat=p&typeid=i","cat":316007},{"id":14243,"n":"Pain de mie nature Epi d'Or Grandes tranches - 825g","p":1.61,"u":"1,95 €/KG","img":"https://fd1-photos.leclercdrive.fr/image.ashx?id=2860724&use=l&cat=p&typeid=i","cat":284477},{"id":14259,"n":"Ravioles de la Drôme NRT Basilic - 240g","p":3.39,"u":"14,13 €/KG","img":"https://fd1-photos.leclercdrive.fr/image.ashx?id=2441543&use=l&cat=p&typeid=i","cat":333682},{"id":14262,"n":"Cognac v.s.o.p 40%vol. NRT 50cl","p":21.34,"u":"42,68 €/L","img":"https://fd1-photos.leclercdrive.fr/image.ashx?id=1646501&use=l&cat=p&typeid=i","cat":286032},{"id":14271,"n":"Crème de marrons NRT De l'Ardèche - 325g","p":3.03,"u":"9,32 €/KG","img":"https://fd1-photos.leclercdrive.fr/image.ashx?id=1173619&use=l&cat=p&typeid=i","cat":284481},{"id":14273,"n":"Fromage Pont-l'Evêque AOP  Nos Régions ont du Talent 220g","p":2.65,"u":"12,05 €/KG","img":"https://fd1-photos.leclercdrive.fr/image.ashx?id=2356344&use=l&cat=p&typeid=i","cat":329558},{"id":14280,"n":"Bûche Sainte Maure Touraine NRT AOP - Fromage de chèvre - 250g","p":5.07,"u":"20,28 €/KG","img":"https://fd1-photos.leclercdrive.fr/image.ashx?id=2919673&use=l&cat=p&typeid=i","cat":314031},{"id":14282,"n":"Préparation citrons NRT De Corse -  315g","p":2.69,"u":"8,54 €/KG","img":"https://fd1-photos.leclercdrive.fr/image.ashx?id=2699810&use=l&cat=p&typeid=i","cat":284480},{"id":14283,"n":"Foie gras canard IGP Sud-Ouest NRT Entier- 180g","p":13.99,"u":"77,72 €/KG","img":"https://fd1-photos.leclercdrive.fr/image.ashx?id=2995664&use=l&cat=p&typeid=i","cat":305148},{"id":14285,"n":"Fromage Emmental Eco+ Râpé - 200g","p":1.5,"u":"7,50 €/KG","img":"https://fd1-photos.leclercdrive.fr/image.ashx?id=2942166&use=l&cat=p&typeid=i","cat":314035},{"id":14292,"n":"Eau aromatisée Volvic Zest  Citron - 1,5L","p":1.08,"u":"0,72 €/L","img":"https://fd1-photos.leclercdrive.fr/image.ashx?id=2730253&use=l&cat=p&typeid=i","cat":284537},{"id":14293,"n":"Eau aromatisée Volvic Zest Citron - 6x50cl","p":3.19,"u":"1,06 €/L","img":"https://fd1-photos.leclercdrive.fr/image.ashx?id=2730256&use=l&cat=p&typeid=i","cat":284537},{"id":14316,"n":"Lasagnes saumon Côté Table 1kg","p":7.26,"u":"7,26 €/KG","img":"https://fd1-photos.leclercdrive.fr/image.ashx?id=2790928&use=l&cat=p&typeid=i","cat":284254},{"id":14327,"n":"Poêlée Côté Table Franc-Comtoise - 900g","p":4.19,"u":"4,66 €/KG","img":"https://fd1-photos.leclercdrive.fr/image.ashx?id=2048440&use=l&cat=p&typeid=i","cat":319823},{"id":14330,"n":"Poêlée de légumes Notre Jardin Légumes grillés - 750g","p":3.11,"u":"4,15 €/KG","img":"https://fd1-photos.leclercdrive.fr/image.ashx?id=2771369&use=l&cat=p&typeid=i","cat":319823},{"id":14334,"n":"Ratatouille Notre Jardin Cuisinée 750g","p":2.85,"u":"3,80 €/KG","img":"https://fd1-photos.leclercdrive.fr/image.ashx?id=2873129&use=l&cat=p&typeid=i","cat":319823},{"id":14344,"n":"Pain de mie Nature Harrys Longue conservation - 550g","p":2.14,"u":"3,89 €/KG","img":"https://fd1-photos.leclercdrive.fr/image.ashx?id=2518109&use=l&cat=p&typeid=i","cat":284477},{"id":14349,"n":"Biscuits Truffine Equador  Meringue crème cacao - 100g","p":2.97,"u":"29,70 €/KG","img":"https://fd1-photos.leclercdrive.fr/image.ashx?id=2597618&use=l&cat=p&typeid=i","cat":284490},{"id":14359,"n":"Change complet Chorys Taille L - x20","p":10.7,"u":"0,54 €/P","img":"https://fd1-photos.leclercdrive.fr/image.ashx?id=2699435&use=l&cat=p&typeid=i","cat":284628},{"id":14360,"n":"Yaourts à boire Délisse Petits Délis fruits - 8x100g","p":3.21,"u":"4,01 €/KG","img":"https://fd1-photos.leclercdrive.fr/image.ashx?id=2754886&use=l&cat=p&typeid=i","cat":284415},{"id":14376,"n":"Dés de fromage Les Croisés Ail et fines herbes - 120g","p":1.54,"u":"12,83 €/KG","img":"https://fd1-photos.leclercdrive.fr/image.ashx?id=2741616&use=l&cat=p&typeid=i","cat":314027},{"id":14381,"n":"Palets bretons NRT 100g","p":1.83,"u":"18,30 €/KG","img":"https://fd1-photos.leclercdrive.fr/image.ashx?id=2622299&use=l&cat=p&typeid=i","cat":284487},{"id":14383,"n":"Blocs WC Syphon Activ' Effect  Lavande - x3","p":1.09,"u":"0,36 €/P","img":"https://fd1-photos.leclercdrive.fr/image.ashx?id=2320710&use=l&cat=p&typeid=i","cat":284662},{"id":14389,"n":"Abricots Maitre Prunille Moelleux - 250g","p":3.98,"u":"15,92 €/KG","img":"https://fd1-photos.leclercdrive.fr/image.ashx?id=1747031&use=l&cat=p&typeid=i","cat":284357},{"id":14427,"n":"Pastis Ricard Anisé 45% vol - 70cl","p":15.3,"u":"21,86 €/L","img":"https://fd1-photos.leclercdrive.fr/image.ashx?id=2976776&use=l&cat=p&typeid=i","cat":284548},{"id":14428,"n":"Whisky Clan Campbell Blended Scotch 40% vol - 1L","p":19.13,"u":"19,13 €/L","img":"https://fd1-photos.leclercdrive.fr/image.ashx?id=2868921&use=l&cat=p&typeid=i","cat":284547},{"id":14429,"n":"Eau de vie Auguste Mugniot Poire Williams - 40%vol. - 50cl","p":19.99,"u":"39,98 €/L","img":"https://fd1-photos.leclercdrive.fr/image.ashx?id=2448519&use=l&cat=p&typeid=i","cat":286032},{"id":14431,"n":"Rhum Lagoa 40%vol - 1L","p":13.59,"u":"13,59 €/L","img":"https://fd1-photos.leclercdrive.fr/image.ashx?id=2966481&use=l&cat=p&typeid=i","cat":284550},{"id":14441,"n":"Eau minérale naturelle Evian  6x1l","p":3.0,"u":"0,50 €/L","img":"https://fd1-photos.leclercdrive.fr/image.ashx?id=2969019&use=l&cat=p&typeid=i","cat":284535},{"id":14442,"n":"Champagne brut blanc Pol Carson - 37,5cl","p":11.75,"u":"31,33 €/L","img":"https://fd1-photos.leclercdrive.fr/image.ashx?id=2909849&use=l&cat=p&typeid=i","cat":284542},{"id":14447,"n":"Sirop Frucci Thé Pêche - 75cl","p":3.2,"u":"4,27 €/L","img":"https://fd1-photos.leclercdrive.fr/image.ashx?id=2922697&use=l&cat=p&typeid=i","cat":295020},{"id":14451,"n":"Sirop Frucci Menthe - 1L","p":2.42,"u":"2,42 €/L","img":"https://fd1-photos.leclercdrive.fr/image.ashx?id=2954067&use=l&cat=p&typeid=i","cat":295020},{"id":14452,"n":"Sirop Sport Citron - 1L","p":2.4,"u":"2,40 €/L","img":"https://fd1-photos.leclercdrive.fr/image.ashx?id=3011182&use=l&cat=p&typeid=i","cat":295020},{"id":14458,"n":"Biscuits tablette Eco+ Chocolat au lait - 150g","p":0.98,"u":"6,53 €/KG","img":"https://fd1-photos.leclercdrive.fr/image.ashx?id=2682750&use=l&cat=p&typeid=i","cat":284488},{"id":14494,"n":"Coquilles Saint-Jacques Tipiak À la bretonne - 4x90g","p":6.49,"u":"18,03 €/KG","img":"https://fd1-photos.leclercdrive.fr/image.ashx?id=2559754&use=l&cat=p&typeid=i","cat":319775},{"id":14512,"n":"Sachets glaçons Elembal x15","p":0.79,"img":"https://fd1-photos.leclercdrive.fr/image.ashx?id=2671810&use=l&cat=p&typeid=i","cat":334134},{"id":14536,"n":"Escalope Fine Dinde LR x2  IGP Volailles du Maine  - 240g","p":5.6,"u":"23,33 €/KG","img":"https://fd1-photos.leclercdrive.fr/image.ashx?id=2250567&use=l&cat=p&typeid=i","cat":284337},{"id":14538,"n":"Aiguillettes poulet Le Gaulois Jaune - 210g","p":4.15,"u":"19,76 €/KG","img":"https://fd1-photos.leclercdrive.fr/image.ashx?id=2315107&use=l&cat=p&typeid=i","cat":284336},{"id":14543,"n":"Serviettes papier Homeside Double épaisseur 33x33cm - x100","p":2.29,"img":"https://fd1-photos.leclercdrive.fr/image.ashx?id=1659678&use=l&cat=p&typeid=i","cat":334134},{"id":14544,"n":"Serviettes papier Homeside Triple épaisseur 40x40 x50","p":2.99,"u":"0,06 €/P","img":"https://fd1-photos.leclercdrive.fr/image.ashx?id=1659681&use=l&cat=p&typeid=i","cat":334134},{"id":14563,"n":"Serviettes Eco+ papier blanc x200","p":1.23,"u":"0,01 €/P","img":"https://fd1-photos.leclercdrive.fr/image.ashx?id=1413111&use=l&cat=p&typeid=i","cat":334134},{"id":14574,"n":"Serviette incontinence Chorys Normal - x12","p":1.99,"u":"0,17 €/P","img":"https://fd1-photos.leclercdrive.fr/image.ashx?id=2393848&use=l&cat=p&typeid=i","cat":284628},{"id":14575,"n":"Serviette incontinence Chorys Mini - x20","p":1.99,"u":"0,10 €/P","img":"https://fd1-photos.leclercdrive.fr/image.ashx?id=2448409&use=l&cat=p&typeid=i","cat":284628},{"id":14578,"n":"Papier toilette Mimosa Rose - Ultra doux - x6","p":2.59,"u":"0,43 €/P","img":"https://fd1-photos.leclercdrive.fr/image.ashx?id=2777839&use=l&cat=p&typeid=i","cat":284634},{"id":14582,"n":"Bandes de cire froide Siliss Corps - Peaux sensibles - x40","p":2.21,"u":"0,06 €/P","img":"https://fd1-photos.leclercdrive.fr/image.ashx?id=2699426&use=l&cat=p&typeid=i","cat":325351},{"id":14626,"n":"Boisson aux fruits Oasis Saveur Pêche Abricot - 2L","p":2.36,"u":"1,18 €/L","img":"https://fd1-photos.leclercdrive.fr/image.ashx?id=2688635&use=l&cat=p&typeid=i","cat":295018},{"id":14633,"n":"AOP Bordeaux rouge La Croix d'Austéran - 75cl","p":4.55,"u":"6,07 €/L","img":"https://fd1-photos.leclercdrive.fr/image.ashx?id=1672093&use=l&cat=p&typeid=i","cat":289556},{"id":14635,"n":"Soda Jean's Cola Bouteille - 4x50cl","p":2.75,"u":"1,38 €/L","img":"https://fd1-photos.leclercdrive.fr/image.ashx?id=2684811&use=l&cat=p&typeid=i","cat":284530},{"id":14636,"n":"Soda Jean's Cola Zéro Canette - 6x33cl","p":1.98,"u":"1,00 €/L","img":"https://fd1-photos.leclercdrive.fr/image.ashx?id=2637886&use=l&cat=p&typeid=i","cat":284530},{"id":14637,"n":"Biscuits P'tit Déli ronds Chocolat noir 200g","p":1.34,"u":"6,70 €/KG","img":"https://fd1-photos.leclercdrive.fr/image.ashx?id=2884207&use=l&cat=p&typeid=i","cat":284488},{"id":14654,"n":"Soupe liquide Liebig  Potiron - Brique 1L","p":2.81,"u":"2,81 €/L","img":"https://fd1-photos.leclercdrive.fr/image.ashx?id=2785355&use=l&cat=p&typeid=i","cat":284462},{"id":14657,"n":"Eponges gratounette Spontex x2","p":2.4,"u":"1,20 €/P","img":"https://fd1-photos.leclercdrive.fr/image.ashx?id=2392292&use=l&cat=p&typeid=i","cat":284667},{"id":14659,"n":"Gel désinfectant mains Sanytol Au thé vert - 250ml","p":3.62,"u":"14,48 €/L","img":"https://fd1-photos.leclercdrive.fr/image.ashx?id=1754056&use=l&cat=p&typeid=i","cat":284630},{"id":14660,"n":"Gel désinfectant mains Sanytol Au thé vert - 75ml","p":2.14,"u":"28,53 €/L","img":"https://fd1-photos.leclercdrive.fr/image.ashx?id=2338730&use=l&cat=p&typeid=i","cat":284630},{"id":14661,"n":"Lingettes Hygiène Intime Usage Quotidien Intima Hamamélis x20","p":2.09,"u":"0,10 €/P","img":"https://fd1-photos.leclercdrive.fr/image.ashx?id=2886675&use=l&cat=p&typeid=i","cat":284627},{"id":14688,"n":"Biscuits Bjorg Fourrés Chocolat lait bio 225g","p":2.98,"u":"13,24 €/KG","img":"https://fd1-photos.leclercdrive.fr/image.ashx?id=2970927&use=l&cat=p&typeid=i","cat":284488},{"id":14691,"n":"Chocolat Alter Eco Noir Absolu Pérou 85% cacao bio - 100g","p":2.7,"u":"27,00 €/KG","img":"https://fd1-photos.leclercdrive.fr/image.ashx?id=2906535&use=l&cat=p&typeid=i","cat":284956},{"id":14701,"n":"Chocolat Pâtissier Alter Eco Bio - 200g","p":3.32,"u":"16,60 €/KG","img":"https://fd1-photos.leclercdrive.fr/image.ashx?id=2961089&use=l&cat=p&typeid=i","cat":285562},{"id":14713,"n":"Rasoirs jetables Bic Twin Lady x8","p":1.69,"u":"0,21 €/P","img":"https://fd1-photos.leclercdrive.fr/image.ashx?id=2887569&use=l&cat=p&typeid=i","cat":325352},{"id":14749,"n":"Eau nettoyante Mixa Bébé  Hydratante - 250ml","p":2.68,"u":"10,72 €/L","img":"https://fd1-photos.leclercdrive.fr/image.ashx?id=2286603&use=l&cat=p&typeid=i","cat":284741},{"id":14761,"n":"Baume Après-rasage Nivea Men Peaux Sensibles - 100ml","p":4.48,"u":"44,80 €/L","img":"https://fd1-photos.leclercdrive.fr/image.ashx?id=3014590&use=l&cat=p&typeid=i","cat":288147},{"id":14763,"n":"Shampooing Pétrol Hahn Force -  250ml","p":2.3,"u":"9,20 €/L","img":"https://fd1-photos.leclercdrive.fr/image.ashx?id=2104450&use=l&cat=p&typeid=i","cat":284621},{"id":14767,"n":"Piles alcalines Tech+ Foxter C/LR14 1,5V - x2","p":1.99,"u":"1,00 €/P","img":"https://fd1-photos.leclercdrive.fr/image.ashx?id=2162183&use=l&cat=p&typeid=i","cat":300572},{"id":14814,"n":"Compotes pommes Andros 4x100g","p":1.32,"u":"3,30 €/KG","img":"https://fd1-photos.leclercdrive.fr/image.ashx?id=2883925&use=l&cat=p&typeid=i","cat":284416},{"id":14867,"n":"Adoucissant Hyperdou Pure Caresse - 750ml","p":1.99,"u":"2,65 €/L","img":"https://fd1-photos.leclercdrive.fr/image.ashx?id=2614446&use=l&cat=p&typeid=i","cat":284650},{"id":14873,"n":"Pastilles javel La Croix x40","p":1.87,"u":"13,96 €/KG","img":"https://fd1-photos.leclercdrive.fr/image.ashx?id=2679693&use=l&cat=p&typeid=i","cat":284661},{"id":14880,"n":"Compote Charles & Alice Pommes Mangues - 4x100g","p":1.46,"u":"3,65 €/KG","img":"https://fd1-photos.leclercdrive.fr/image.ashx?id=2757347&use=l&cat=p&typeid=i","cat":284416},{"id":14887,"n":"Compote Charles & Alice Pommes - 4x100g","p":1.47,"u":"3,68 €/KG","img":"https://fd1-photos.leclercdrive.fr/image.ashx?id=2757677&use=l&cat=p&typeid=i","cat":284416},{"id":14888,"n":"Compote Charles & Alice Pommes Poires - 4x100g","p":1.45,"u":"3,63 €/KG","img":"https://fd1-photos.leclercdrive.fr/image.ashx?id=2936902&use=l&cat=p&typeid=i","cat":284416},{"id":14901,"n":"Mozzarella di Buffala AOP Les Croisés - 125g","p":1.65,"u":"13,20 €/KG","img":"https://fd1-photos.leclercdrive.fr/image.ashx?id=2686329&use=l&cat=p&typeid=i","cat":314026},{"id":14904,"n":"Fromage frais nature Bio Bio village - 3.5% MG - 500g","p":1.75,"u":"3,50 €/KG","img":"https://fd1-photos.leclercdrive.fr/image.ashx?id=2839944&use=l&cat=p&typeid=i","cat":284409},{"id":14918,"n":"Dessert fruitier framboise Douceur du Verger s/sucre 4x97g","p":1.49,"u":"3,84 €/KG","img":"https://fd1-photos.leclercdrive.fr/image.ashx?id=2956915&use=l&cat=p&typeid=i","cat":284416},{"id":14924,"n":"Lasagnes chèvre épinards Côté Table - 500g","p":2.95,"u":"5,90 €/KG","img":"https://fd1-photos.leclercdrive.fr/image.ashx?id=2647874&use=l&cat=p&typeid=i","cat":284254},{"id":14931,"n":"Rhum blanc Old Nick 40%vol - 1L","p":14.86,"u":"14,86 €/L","img":"https://fd1-photos.leclercdrive.fr/image.ashx?id=2483750&use=l&cat=p&typeid=i","cat":284550},{"id":14932,"n":"Rhum blanc Saint James 40% vol - 70cl","p":11.8,"u":"16,86 €/L","img":"https://fd1-photos.leclercdrive.fr/image.ashx?id=2970948&use=l&cat=p&typeid=i","cat":284550},{"id":14934,"n":"Gin Gibson 37.5%vol - 70cl","p":11.54,"u":"16,49 €/L","img":"https://fd1-photos.leclercdrive.fr/image.ashx?id=2755396&use=l&cat=p&typeid=i","cat":284550},{"id":14972,"n":"Eau de vie Auguste Mugniot Kirsch - 40%vol. - 50cl","p":21.54,"u":"43,08 €/L","img":"https://fd1-photos.leclercdrive.fr/image.ashx?id=2448525&use=l&cat=p&typeid=i","cat":286032},{"id":14980,"n":"Crème de framboise Auguste  Mugniot 15%vol. - 50cl","p":5.49,"u":"10,98 €/L","img":"https://fd1-photos.leclercdrive.fr/image.ashx?id=829186&use=l&cat=p&typeid=i","cat":286032},{"id":14983,"n":"Pastis de Marseille Vivalis 45%vol - 1,5L","p":25.35,"u":"16,90 €/L","img":"https://fd1-photos.leclercdrive.fr/image.ashx?id=2805015&use=l&cat=p&typeid=i","cat":284548},{"id":14987,"n":"Scotch Whisky Baird's 40%vol - 1,5L","p":22.93,"u":"15,29 €/L","img":"https://fd1-photos.leclercdrive.fr/image.ashx?id=2913660&use=l&cat=p&typeid=i","cat":284547},{"id":14989,"n":"Bière blonde Amsterdam  Navigator 8%vol. - 50cl","p":1.45,"u":"2,90 €/L","img":"https://fd1-photos.leclercdrive.fr/image.ashx?id=2191104&use=l&cat=p&typeid=i","cat":334853},{"id":14993,"n":"Bière blonde Leffe Rituel 9% - 6x25cl","p":5.63,"u":"3,75 €/L","img":"https://fd1-photos.leclercdrive.fr/image.ashx?id=2548285&use=l&cat=p&typeid=i","cat":334852},{"id":14996,"n":"Bière blonde Desquiles 5.9%vol. - 3x33cl","p":3.29,"u":"3,32 €/L","img":"https://fd1-photos.leclercdrive.fr/image.ashx?id=2637874&use=l&cat=p&typeid=i","cat":334878},{"id":14997,"n":"Bière blonde du Nord NRT - 7° - 6x25cl","p":3.72,"u":"2,48 €/L","img":"https://fd1-photos.leclercdrive.fr/image.ashx?id=2663815&use=l&cat=p&typeid=i","cat":334852},{"id":15007,"n":"Protège-slips Doulys Ultra-mince Normal Plié - x30","p":1.19,"u":"0,04 €/P","img":"https://fd1-photos.leclercdrive.fr/image.ashx?id=2816109&use=l&cat=p&typeid=i","cat":284625},{"id":15010,"n":"Serviette incontinence Chorys Extra - x10","p":1.99,"u":"0,20 €/P","img":"https://fd1-photos.leclercdrive.fr/image.ashx?id=2393851&use=l&cat=p&typeid=i","cat":284628},{"id":15014,"n":"Pétillant Festalie sans alcool Pêche - 75cl","p":2.85,"u":"3,80 €/L","img":"https://fd1-photos.leclercdrive.fr/image.ashx?id=2017256&use=l&cat=p&typeid=i","cat":289460},{"id":15015,"n":"Pétillant Festalie sans alcool Raisin - 75cl","p":2.94,"u":"3,92 €/L","img":"https://fd1-photos.leclercdrive.fr/image.ashx?id=2017259&use=l&cat=p&typeid=i","cat":289460},{"id":15016,"n":"AOP Crémant d'Alsace Wolfberger Brut - 75cl","p":7.32,"u":"9,76 €/L","img":"https://fd1-photos.leclercdrive.fr/image.ashx?id=2323502&use=l&cat=p&typeid=i","cat":284544},{"id":15022,"n":"Jus de pamplemousse rose Bio Bio Village - 1L","p":3.82,"u":"3,82 €/L","img":"https://fd1-photos.leclercdrive.fr/image.ashx?id=2901524&use=l&cat=p&typeid=i","cat":284914},{"id":15025,"n":"Nectar Jafaden Pomme kiwi - 1L","p":2.35,"u":"2,35 €/L","img":"https://fd1-photos.leclercdrive.fr/image.ashx?id=2895771&use=l&cat=p&typeid=i","cat":284915},{"id":15036,"n":"Huile sèche corps bio Bio Naïa Spray - 100ml","p":4.59,"u":"45,90 €/L","img":"https://fd1-photos.leclercdrive.fr/image.ashx?id=1655769&use=l&cat=p&typeid=i","cat":325349},{"id":15039,"n":"Crème visage bio Bio Naïa Hydratante 50ml","p":1.99,"u":"39,80 €/L","img":"https://fd1-photos.leclercdrive.fr/image.ashx?id=2436651&use=l&cat=p&typeid=i","cat":325345},{"id":15053,"n":"Déodorant Manava Grenade - 200ml","p":1.39,"u":"6,95 €/L","img":"https://fd1-photos.leclercdrive.fr/image.ashx?id=2699276&use=l&cat=p&typeid=i","cat":284595},{"id":15058,"n":"Biscuits tablettes Bio Village Bio Chocolat au lait 150g","p":2.38,"u":"15,87 €/KG","img":"https://fd1-photos.leclercdrive.fr/image.ashx?id=2650819&use=l&cat=p&typeid=i","cat":284488},{"id":15059,"n":"Gaufrettes P'tit Déli Praliné chocolat au lait - 175g","p":1.85,"u":"10,57 €/KG","img":"https://fd1-photos.leclercdrive.fr/image.ashx?id=2817157&use=l&cat=p&typeid=i","cat":284488},{"id":15060,"n":"Biscuits tablettes Bio Village Bio Chocolat noir 150g","p":2.39,"u":"15,93 €/KG","img":"https://fd1-photos.leclercdrive.fr/image.ashx?id=2708943&use=l&cat=p&typeid=i","cat":284488},{"id":15066,"n":"Savon douceur Manava Bouquet fleurs blanches 4x100g","p":1.45,"u":"3,63 €/KG","img":"https://fd1-photos.leclercdrive.fr/image.ashx?id=2358342&use=l&cat=p&typeid=i","cat":284597},{"id":15095,"n":"Boisson végétale Noisette Bio  Bjorg- 1L","p":2.52,"u":"2,52 €/L","img":"https://fd1-photos.leclercdrive.fr/image.ashx?id=2972970&use=l&cat=p&typeid=i","cat":316067},{"id":15108,"n":"Salade Mexicaine Petit Navire 220g","p":1.98,"u":"9,00 €/KG","img":"https://fd1-photos.leclercdrive.fr/image.ashx?id=2829652&use=l&cat=p&typeid=i","cat":284437},{"id":15131,"n":"Nectar multifruits Jafaden 2L","p":2.49,"u":"1,25 €/L","img":"https://fd1-photos.leclercdrive.fr/image.ashx?id=2956032&use=l&cat=p&typeid=i","cat":284917},{"id":15139,"n":"Boisson instantanée cacao Eco+ Granules - 800g","p":3.12,"u":"3,90 €/KG","img":"https://fd1-photos.leclercdrive.fr/image.ashx?id=2843093&use=l&cat=p&typeid=i","cat":293235},{"id":15140,"n":"Biscuits Croustine P'tit Déli Meringue noisette 100g","p":2.29,"u":"22,90 €/KG","img":"https://fd1-photos.leclercdrive.fr/image.ashx?id=2545574&use=l&cat=p&typeid=i","cat":284487},{"id":15142,"n":"Biscuits P'tit Déli Florentin Amande chocolat 100g","p":1.96,"u":"19,60 €/KG","img":"https://fd1-photos.leclercdrive.fr/image.ashx?id=1078489&use=l&cat=p&typeid=i","cat":284490},{"id":15145,"n":"Champignons Tables du Monde Noirs déshydratés 25g","p":2.49,"u":"99,60 €/KG","img":"https://fd1-photos.leclercdrive.fr/image.ashx?id=2920166&use=l&cat=p&typeid=i","cat":288992},{"id":15149,"n":"Petit Beurre P'tit Déli Pépites chocolat x24 200g","p":1.8,"u":"9,00 €/KG","img":"https://fd1-photos.leclercdrive.fr/image.ashx?id=2694100&use=l&cat=p&typeid=i","cat":284487},{"id":15159,"n":"Fécule de maïs Tablier Blanc 400g","p":1.19,"u":"2,98 €/KG","img":"https://fd1-photos.leclercdrive.fr/image.ashx?id=2853690&use=l&cat=p&typeid=i","cat":288382},{"id":15162,"n":"Rillettes pur porc Côté Table 3x78g","p":2.75,"u":"11,75 €/KG","img":"https://fd1-photos.leclercdrive.fr/image.ashx?id=2518514&use=l&cat=p&typeid=i","cat":305149},{"id":15163,"n":"Sablés fourrés P'tit Déli Noisette 125g","p":1.92,"u":"15,36 €/KG","img":"https://fd1-photos.leclercdrive.fr/image.ashx?id=2791266&use=l&cat=p&typeid=i","cat":284487},{"id":15181,"n":"Boisson aux fruits Oasis Saveur Fraise Framboise - 2L","p":2.52,"u":"1,26 €/L","img":"https://fd1-photos.leclercdrive.fr/image.ashx?id=2677819&use=l&cat=p&typeid=i","cat":295018},{"id":15183,"n":"Filets de maquereaux Saupiquet Escabèche - 169g","p":2.07,"u":"12,25 €/KG","img":"https://fd1-photos.leclercdrive.fr/image.ashx?id=2829970&use=l&cat=p&typeid=i","cat":303868},{"id":15206,"n":"Pineau des Charentes Reynac Blanc 17%vol 75cl","p":10.34,"u":"13,79 €/L","img":"https://fd1-photos.leclercdrive.fr/image.ashx?id=2105536&use=l&cat=p&typeid=i","cat":284913},{"id":15288,"n":"Mouchoirs blancs 4 plis Caresse Mini étuis x15","p":1.16,"u":"0,08 €/P","img":"https://fd1-photos.leclercdrive.fr/image.ashx?id=2824262&use=l&cat=p&typeid=i","cat":284638},{"id":15305,"n":"Eau minérale Saint Antonin 6x1L","p":2.76,"u":"0,46 €/L","img":"https://fd1-photos.leclercdrive.fr/image.ashx?id=2653891&use=l&cat=p&typeid=i","cat":284535},{"id":15342,"n":"Chocolat Eco+ Noir - 5x100g","p":3.78,"u":"7,56 €/KG","img":"https://fd1-photos.leclercdrive.fr/image.ashx?id=2775460&use=l&cat=p&typeid=i","cat":284956},{"id":15431,"n":"Cappuccino nature  x10 stick - 140g","p":2.52,"u":"18,00 €/KG","img":"https://fd1-photos.leclercdrive.fr/image.ashx?id=2458055&use=l&cat=p&typeid=i","cat":284843},{"id":15451,"n":"Escalope de dinde Maître Coq Fine x2 - 240g","p":3.9,"u":"16,25 €/KG","img":"https://fd1-photos.leclercdrive.fr/image.ashx?id=2770088&use=l&cat=p&typeid=i","cat":284337},{"id":15476,"n":"Eau nettoyante Mots d'Enfants Hydratante - 250ml","p":1.93,"u":"7,72 €/L","img":"https://fd1-photos.leclercdrive.fr/image.ashx?id=3015048&use=l&cat=p&typeid=i","cat":284741},{"id":15492,"n":"AOC Muscadet blanc Botinière - 75 Cl","p":5.45,"u":"7,27 €/L","img":"https://fd1-photos.leclercdrive.fr/image.ashx?id=2476275&use=l&cat=p&typeid=i","cat":289557},{"id":15513,"n":"Gâteau cacao Oreo Lu Rouleaux Vanille - 154g","p":1.05,"u":"6,82 €/KG","img":"https://fd1-photos.leclercdrive.fr/image.ashx?id=3002282&use=l&cat=p&typeid=i","cat":284488},{"id":15525,"n":"Mini gâches briochettes NRT Chocolat noir x8 - 360g","p":2.79,"u":"7,75 €/KG","img":"https://fd1-photos.leclercdrive.fr/image.ashx?id=2670440&use=l&cat=p&typeid=i","cat":284478},{"id":15542,"n":"Prépartion mirabelles NRT De Lorraine  - 315g","p":2.64,"u":"8,38 €/KG","img":"https://fd1-photos.leclercdrive.fr/image.ashx?id=2699795&use=l&cat=p&typeid=i","cat":284480},{"id":15544,"n":"Crackers Tokapi  Fromage et graines - 65g","p":1.34,"u":"20,62 €/KG","img":"https://fd1-photos.leclercdrive.fr/image.ashx?id=2075247&use=l&cat=p&typeid=i","cat":297000},{"id":15564,"n":"Chips paysannes Pom'lisse Nature - 150g","p":0.99,"u":"6,60 €/KG","img":"https://fd1-photos.leclercdrive.fr/image.ashx?id=2927854&use=l&cat=p&typeid=i","cat":284447},{"id":15590,"n":"pain complet 3 céréales bio  bjorg 500g","p":2.4,"u":"4,80 €/KG","img":"https://fd1-photos.leclercdrive.fr/image.ashx?id=2752951&use=l&cat=p&typeid=i","cat":325069},{"id":15592,"n":"Fromage enfant Ficello Nature à effilocher x8 - 168g","p":3.51,"u":"20,89 €/KG","img":"https://fd1-photos.leclercdrive.fr/image.ashx?id=2375376&use=l&cat=p&typeid=i","cat":314030},{"id":15615,"n":"Multifruits Jafaden 100% Pur jus - 1,5L","p":2.03,"u":"1,35 €/L","img":"https://fd1-photos.leclercdrive.fr/image.ashx?id=2890000&use=l&cat=p&typeid=i","cat":284917},{"id":15626,"n":"Salade maxi Florette Laitue iceberg - 450g","p":2.48,"u":"5,51 €/KG","img":"https://fd1-photos.leclercdrive.fr/image.ashx?id=2090039&use=l&cat=p&typeid=i","cat":284353},{"id":15629,"n":"Salade maxi Florette Mâche - 200g","p":2.38,"u":"11,90 €/KG","img":"https://fd1-photos.leclercdrive.fr/image.ashx?id=2228849&use=l&cat=p&typeid=i","cat":284353},{"id":15646,"n":"Saumon Atlantique Connétable 112g","p":4.75,"u":"42,41 €/KG","img":"https://fd1-photos.leclercdrive.fr/image.ashx?id=2960162&use=l&cat=p&typeid=i","cat":305147},{"id":15647,"n":"Soupe Paysanne Légumes Knorr Déshydratée - Au lard - 97g","p":1.49,"u":"15,36 €/KG","img":"https://fd1-photos.leclercdrive.fr/image.ashx?id=2768870&use=l&cat=p&typeid=i","cat":284463},{"id":15679,"n":"IGP Jambon cru fumé Jeca 8 tranches - 100g","p":2.86,"u":"28,60 €/KG","img":"https://fd1-photos.leclercdrive.fr/image.ashx?id=2549813&use=l&cat=p&typeid=i","cat":316007},{"id":15703,"n":"Jus de citron de Sicile Citros 20cl","p":0.99,"u":"4,95 €/L","img":"https://fd1-photos.leclercdrive.fr/image.ashx?id=2469130&use=l&cat=p&typeid=i","cat":288383},{"id":15746,"n":"Soupe Liquide Liebig  Bisque de Homard - 300g","p":2.54,"u":"8,47 €/KG","img":"https://fd1-photos.leclercdrive.fr/image.ashx?id=2651390&use=l&cat=p&typeid=i","cat":287366},{"id":15794,"n":"Crème fraîche Alsace Lait Fluide Label rouge - 50cl","p":3.18,"u":"6,36 €/L","img":"https://fd1-photos.leclercdrive.fr/image.ashx?id=2992005&use=l&cat=p&typeid=i","cat":284381},{"id":15796,"n":"Fromage Tresana Nature - 200g","p":1.32,"u":"6,60 €/KG","img":"https://fd1-photos.leclercdrive.fr/image.ashx?id=2901073&use=l&cat=p&typeid=i","cat":314029},{"id":15801,"n":"IGP Pays d'Oc rosé Cinsault Syrah Ormes de Cambras 12% 75cl","p":2.83,"u":"3,77 €/L","img":"https://fd1-photos.leclercdrive.fr/image.ashx?id=2105158&use=l&cat=p&typeid=i","cat":289558},{"id":15805,"n":"Boisson énergisante Red Bull sans sucres, 4x250ml","p":4.39,"u":"4,39 €/L","img":"https://fd1-photos.leclercdrive.fr/image.ashx?id=3009371&use=l&cat=p&typeid=i","cat":284533},{"id":15806,"n":"Boisson énergisante Red Bull Sans Sucres , 250ml","p":1.09,"u":"4,36 €/L","img":"https://fd1-photos.leclercdrive.fr/image.ashx?id=2551618&use=l&cat=p&typeid=i","cat":284533},{"id":15807,"n":"Boisson aux fruits Oasis Goût Pomme Cassis Framboise 2L","p":2.54,"u":"1,27 €/L","img":"https://fd1-photos.leclercdrive.fr/image.ashx?id=3014452&use=l&cat=p&typeid=i","cat":295018},{"id":15808,"n":"AOC Côtes du Rhône rosé Prestige Cellier Dauphins 75cl","p":3.46,"u":"4,61 €/L","img":"https://fd1-photos.leclercdrive.fr/image.ashx?id=2829988&use=l&cat=p&typeid=i","cat":289558},{"id":15821,"n":"Baume Soin lèvres Mixa Anti-dessèchement lot de 2","p":2.29,"u":"1,15 €/P","img":"https://fd1-photos.leclercdrive.fr/image.ashx?id=2425607&use=l&cat=p&typeid=i","cat":285485},{"id":15875,"n":"Eau de Cologne Bien Etre Naturelle - 250ml","p":4.43,"u":"17,72 €/L","img":"https://fd1-photos.leclercdrive.fr/image.ashx?id=2353665&use=l&cat=p&typeid=i","cat":291525},{"id":15895,"n":"Soin cheveux nutrition Garnier Cheveu bouclé à frisé - 200ml","p":2.37,"u":"11,85 €/L","img":"https://fd1-photos.leclercdrive.fr/image.ashx?id=2985354&use=l&cat=p&typeid=i","cat":284608},{"id":15909,"n":"Shampooing Pétrol Hahn Anti-chûte 250ml","p":2.35,"u":"9,40 €/L","img":"https://fd1-photos.leclercdrive.fr/image.ashx?id=2450649&use=l&cat=p&typeid=i","cat":284606},{"id":15910,"n":"Lait de toilette Mixa Bébé  Très Doux - 400ml","p":3.54,"u":"8,85 €/L","img":"https://fd1-photos.leclercdrive.fr/image.ashx?id=2548672&use=l&cat=p&typeid=i","cat":284740},{"id":15912,"n":"Mousse à raser Williams Peau sensible 200ml","p":1.8,"u":"9,00 €/L","img":"https://fd1-photos.leclercdrive.fr/image.ashx?id=2785976&use=l&cat=p&typeid=i","cat":284617},{"id":15919,"n":"Soin hydratant L'Oréal Paris Men Expert Anti-fatigue - 50ml","p":5.81,"u":"116,20 €/L","img":"https://fd1-photos.leclercdrive.fr/image.ashx?id=2811278&use=l&cat=p&typeid=i","cat":284622},{"id":15937,"n":"Serviette Hygienique Vania  Maxi confort normal plus - x16","p":1.8,"u":"0,11 €/P","img":"https://fd1-photos.leclercdrive.fr/image.ashx?id=2908027&use=l&cat=p&typeid=i","cat":284624},{"id":15969,"n":"Gel nettoyant canalisations  Destop Javel Agrumes - 750ml","p":2.63,"u":"3,51 €/L","img":"https://fd1-photos.leclercdrive.fr/image.ashx?id=2885956&use=l&cat=p&typeid=i","cat":284908},{"id":16031,"n":"Epinards en branches Bio Bio Village - 600g","p":1.65,"u":"2,75 €/KG","img":"https://fd1-photos.leclercdrive.fr/image.ashx?id=2891803&use=l&cat=p&typeid=i","cat":319805},{"id":16043,"n":"Crevettes cuites Pêche Océan Décortiquées - MSC - 200g","p":2.99,"u":"14,95 €/KG","img":"https://fd1-photos.leclercdrive.fr/image.ashx?id=2478766&use=l&cat=p&typeid=i","cat":319787},{"id":16046,"n":"Fromage de chèvre Les Croisés Frais rond - 200g","p":1.89,"u":"9,45 €/KG","img":"https://fd1-photos.leclercdrive.fr/image.ashx?id=2983796&use=l&cat=p&typeid=i","cat":314031},{"id":16061,"n":"Sauce Tomates Barilla Basilic - 400g","p":1.62,"u":"4,05 €/KG","img":"https://fd1-photos.leclercdrive.fr/image.ashx?id=2832518&use=l&cat=p&typeid=i","cat":287599},{"id":16062,"n":"Sauce Pesto Genovese Barilla Au basilic frais - 190g","p":2.03,"u":"10,68 €/KG","img":"https://fd1-photos.leclercdrive.fr/image.ashx?id=2737585&use=l&cat=p&typeid=i","cat":287599},{"id":16063,"n":"Sauce Pesto Barilla Rosso - 200g","p":1.96,"u":"9,80 €/KG","img":"https://fd1-photos.leclercdrive.fr/image.ashx?id=2308348&use=l&cat=p&typeid=i","cat":287599},{"id":16065,"n":"Bouillon de boeuf Maggi 8 tablettes 80g","p":0.91,"u":"11,38 €/KG","img":"https://fd1-photos.leclercdrive.fr/image.ashx?id=2729932&use=l&cat=p&typeid=i","cat":288379},{"id":16076,"n":"Sauce Italienne Zapetti 3x95g","p":2.21,"u":"7,75 €/KG","img":"https://fd1-photos.leclercdrive.fr/image.ashx?id=2579978&use=l&cat=p&typeid=i","cat":288384},{"id":16095,"n":"Spray anti-moustique Marie Rose 8h - 100ml","p":5.03,"u":"50,30 €/L","img":"https://fd1-photos.leclercdrive.fr/image.ashx?id=2666749&use=l&cat=p&typeid=i","cat":299654},{"id":16125,"n":"Fromage blanc Alsace Lait Nature - 2.8%MG - 4x100g","p":1.58,"u":"3,95 €/KG","img":"https://fd1-photos.leclercdrive.fr/image.ashx?id=2848821&use=l&cat=p&typeid=i","cat":284409},{"id":16142,"n":"Eau de source de Montagne 6x1L","p":1.55,"u":"0,26 €/L","img":"https://fd1-photos.leclercdrive.fr/image.ashx?id=2597621&use=l&cat=p&typeid=i","cat":284535},{"id":16153,"n":"Biscuits petit déj Bio Village Bio Chocolat / Noisettes - 200g","p":2.08,"u":"10,40 €/KG","img":"https://fd1-photos.leclercdrive.fr/image.ashx?id=2371560&use=l&cat=p&typeid=i","cat":284491},{"id":16154,"n":"Tartelettes Bio Village Framboises Bio - x9 - 125g","p":2.34,"u":"18,72 €/KG","img":"https://fd1-photos.leclercdrive.fr/image.ashx?id=2869525&use=l&cat=p&typeid=i","cat":284489},{"id":16159,"n":"Brume d'eau pure Inell 400ml","p":1.65,"u":"4,13 €/L","img":"https://fd1-photos.leclercdrive.fr/image.ashx?id=806289&use=l&cat=p&typeid=i","cat":290295},{"id":16170,"n":"Boulgour Bio Village Bio - 500g","p":1.83,"u":"3,66 €/KG","img":"https://fd1-photos.leclercdrive.fr/image.ashx?id=2518553&use=l&cat=p&typeid=i","cat":284429},{"id":16171,"n":"Riz Thaï Bio Village Bio - 500g","p":2.45,"u":"4,90 €/KG","img":"https://fd1-photos.leclercdrive.fr/image.ashx?id=2441510&use=l&cat=p&typeid=i","cat":284428},{"id":16172,"n":"Mini Barres chocolatées Lion x18 barres - 350g","p":3.93,"u":"11,23 €/KG","img":"https://fd1-photos.leclercdrive.fr/image.ashx?id=2925553&use=l&cat=p&typeid=i","cat":284498},{"id":16303,"n":"Petits oignons Rustica Vinaigre doux - 190g","p":0.79,"u":"4,16 €/KG","img":"https://fd1-photos.leclercdrive.fr/image.ashx?id=2916683&use=l&cat=p&typeid=i","cat":284458},{"id":16402,"n":"Dosettes café Warca Bistro classic - x48 - 336g","p":6.5,"u":"19,35 €/KG","img":"https://fd1-photos.leclercdrive.fr/image.ashx?id=2417261&use=l&cat=p&typeid=i","cat":293238},{"id":16405,"n":"Café grains Mövenpick Der himmlische - 500g","p":8.88,"u":"17,76 €/KG","img":"https://fd1-photos.leclercdrive.fr/image.ashx?id=2416865&use=l&cat=p&typeid=i","cat":293237},{"id":16429,"n":"Oeufs frais plein air Bio Bio village - x10","p":3.41,"u":"0,34 €/P","img":"https://fd1-photos.leclercdrive.fr/image.ashx?id=1520552&use=l&cat=p&typeid=i","cat":284378},{"id":16430,"n":"Lait de coco bio Jardin Bio Bio - 400ml","p":2.39,"u":"5,98 €/L","img":"https://fd1-photos.leclercdrive.fr/image.ashx?id=2790132&use=l&cat=p&typeid=i","cat":288992},{"id":16431,"n":"Raviolis bio boeuf Jardin Bio 72cl","p":4.61,"u":"6,40 €/L","img":"https://fd1-photos.leclercdrive.fr/image.ashx?id=2972469&use=l&cat=p&typeid=i","cat":284442},{"id":16432,"n":"Pâte brisée Bio  Bio village - 230g","p":1.99,"u":"8,65 €/KG","img":"https://fd1-photos.leclercdrive.fr/image.ashx?id=2969009&use=l&cat=p&typeid=i","cat":333681},{"id":16433,"n":"Pâte feuilletée Bio Bio village - 230g","p":1.65,"u":"7,17 €/KG","img":"https://fd1-photos.leclercdrive.fr/image.ashx?id=2969006&use=l&cat=p&typeid=i","cat":333681},{"id":16434,"n":"Raviolis aux 3 fromages Bio Bio village - 250g","p":2.9,"u":"11,60 €/KG","img":"https://fd1-photos.leclercdrive.fr/image.ashx?id=2843608&use=l&cat=p&typeid=i","cat":333682},{"id":16435,"n":"Tagliatelles fraîches Bio Bio village - 250g","p":1.39,"u":"5,56 €/KG","img":"https://fd1-photos.leclercdrive.fr/image.ashx?id=2875735&use=l&cat=p&typeid=i","cat":333682},{"id":16436,"n":"Pâtes torsades Bio Village Bio -  500g","p":0.85,"u":"1,70 €/KG","img":"https://fd1-photos.leclercdrive.fr/image.ashx?id=2625367&use=l&cat=p&typeid=i","cat":284427},{"id":16438,"n":"Riz long Bio Village Bio - 500g","p":1.94,"u":"3,88 €/KG","img":"https://fd1-photos.leclercdrive.fr/image.ashx?id=2582996&use=l&cat=p&typeid=i","cat":284428},{"id":16439,"n":"Riz Basmati Bio Village Bio - 500g","p":1.5,"u":"3,00 €/KG","img":"https://fd1-photos.leclercdrive.fr/image.ashx?id=795814&use=l&cat=p&typeid=i","cat":284428},{"id":16443,"n":"Chocolat Alter Eco noir menthe Max Havelaar Bio - 100g","p":2.39,"u":"23,90 €/KG","img":"https://fd1-photos.leclercdrive.fr/image.ashx?id=2906538&use=l&cat=p&typeid=i","cat":284956},{"id":16490,"n":"Yaourt nature 0% MG Bio Bio village - 4x125g","p":1.34,"u":"2,68 €/KG","img":"https://fd1-photos.leclercdrive.fr/image.ashx?id=2077427&use=l&cat=p&typeid=i","cat":315000},{"id":16491,"n":"Yaourts Lait brebis Bio Village Bio Vanille - 2x125g","p":1.89,"u":"7,56 €/KG","img":"https://fd1-photos.leclercdrive.fr/image.ashx?id=2646994&use=l&cat=p&typeid=i","cat":314998},{"id":16492,"n":"Légumes pour couscous bio Jardin Bio - 660g","p":2.64,"u":"3,67 €/L","img":"https://fd1-photos.leclercdrive.fr/image.ashx?id=2534887&use=l&cat=p&typeid=i","cat":312612},{"id":16493,"n":"Pâte à tartiner bio Jardin Bio Cacao noisettes - 350g","p":3.63,"u":"10,37 €/KG","img":"https://fd1-photos.leclercdrive.fr/image.ashx?id=2918844&use=l&cat=p&typeid=i","cat":284481},{"id":16520,"n":"Mayonnaise Eco+ Bocal - 470g","p":1.17,"u":"2,49 €/KG","img":"https://fd1-photos.leclercdrive.fr/image.ashx?id=2954322&use=l&cat=p&typeid=i","cat":298295},{"id":16521,"n":"Lait demi-écrémé Eco+ Brique UHT -  6x1L","p":5.52,"u":"0,92 €/L","img":"https://fd1-photos.leclercdrive.fr/image.ashx?id=2865038&use=l&cat=p&typeid=i","cat":284377},{"id":16522,"n":"Soufflés cacahuète Eco+ 100g","p":0.34,"u":"3,40 €/KG","img":"https://fd1-photos.leclercdrive.fr/image.ashx?id=2678785&use=l&cat=p&typeid=i","cat":284449},{"id":16524,"n":"Pâtes Eco+ Spaghetti - 1kg","p":1.02,"u":"1,02 €/KG","img":"https://fd1-photos.leclercdrive.fr/image.ashx?id=2757494&use=l&cat=p&typeid=i","cat":284427},{"id":16525,"n":"Purée de pommes de terre Eco+ Déshydratée 4x125g","p":1.41,"u":"2,82 €/KG","img":"https://fd1-photos.leclercdrive.fr/image.ashx?id=2929858&use=l&cat=p&typeid=i","cat":284431},{"id":16526,"n":"Assortiment biscuits salés Eco+ 350g","p":1.06,"u":"3,03 €/KG","img":"https://fd1-photos.leclercdrive.fr/image.ashx?id=2613255&use=l&cat=p&typeid=i","cat":297000},{"id":16527,"n":"Bouillon déshydraté Eco+ Volaille - 12x10g","p":0.67,"u":"5,58 €/KG","img":"https://fd1-photos.leclercdrive.fr/image.ashx?id=1735897&use=l&cat=p&typeid=i","cat":288379},{"id":16528,"n":"Bouillon déshydraté Eco+ Boeuf - 12x10g","p":0.69,"u":"5,75 €/KG","img":"https://fd1-photos.leclercdrive.fr/image.ashx?id=1735894&use=l&cat=p&typeid=i","cat":288379},{"id":16536,"n":"Sucre Eco+ En morceaux - 1kg","p":1.35,"u":"1,35 €/KG","img":"https://fd1-photos.leclercdrive.fr/image.ashx?id=2675676&use=l&cat=p&typeid=i","cat":284502},{"id":16547,"n":"Barquette chiens Eco+ A la Volaille - 300g","p":0.52,"u":"1,73 €/KG","img":"https://fd1-photos.leclercdrive.fr/image.ashx?id=2052727&use=l&cat=p&typeid=i","cat":284673},{"id":16550,"n":"Limonade Eco+ 1,5L","p":0.38,"u":"0,25 €/L","img":"https://fd1-photos.leclercdrive.fr/image.ashx?id=2762937&use=l&cat=p&typeid=i","cat":284531},{"id":16552,"n":"Jus de pomme abc Eco+ 1L","p":0.85,"u":"0,85 €/L","img":"https://fd1-photos.leclercdrive.fr/image.ashx?id=2802269&use=l&cat=p&typeid=i","cat":284522},{"id":16553,"n":"Soda cola Eco+ 1,5L","p":0.49,"u":"0,33 €/L","img":"https://fd1-photos.leclercdrive.fr/image.ashx?id=2082552&use=l&cat=p&typeid=i","cat":284530},{"id":16554,"n":"Soda cola light 1,5l","p":0.4,"u":"0,27 €/L","img":"https://fd1-photos.leclercdrive.fr/image.ashx?id=2071234&use=l&cat=p&typeid=i","cat":284530},{"id":16555,"n":"Boisson aromatisée Eco+ Exotique 2L","p":0.97,"u":"0,49 €/L","img":"https://fd1-photos.leclercdrive.fr/image.ashx?id=2982574&use=l&cat=p&typeid=i","cat":295018},{"id":16560,"n":"Lingettes multi-usages Eco+ Citron x50","p":0.62,"img":"https://fd1-photos.leclercdrive.fr/image.ashx?id=2958675&use=l&cat=p&typeid=i","cat":325358},{"id":16561,"n":"Eau de javel Eco+ Bidon - 5L","p":1.09,"u":"0,22 €/L","img":"https://fd1-photos.leclercdrive.fr/image.ashx?id=2883913&use=l&cat=p&typeid=i","cat":284661},{"id":16570,"n":"Saucisse sèche droite Eco+ 250g","p":1.79,"u":"7,16 €/KG","img":"https://fd1-photos.leclercdrive.fr/image.ashx?id=2845137&use=l&cat=p&typeid=i","cat":316006},{"id":16577,"n":"Crème sous pression Eco+ Crème légère et sucrée - 250g","p":1.69,"u":"6,76 €/KG","img":"https://fd1-photos.leclercdrive.fr/image.ashx?id=2856242&use=l&cat=p&typeid=i","cat":284382},{"id":16582,"n":"Pommes frites Eco+ 2,5kg","p":2.81,"u":"1,12 €/KG","img":"https://fd1-photos.leclercdrive.fr/image.ashx?id=2660523&use=l&cat=p&typeid=i","cat":319791},{"id":16583,"n":"Pommes rissolées surgelées Eco+ 1kg","p":1.13,"u":"1,13 €/KG","img":"https://fd1-photos.leclercdrive.fr/image.ashx?id=2085934&use=l&cat=p&typeid=i","cat":319792},{"id":16642,"n":"Génoises fourrées P'tit Déli Agrumes - 150g","p":1.09,"u":"7,27 €/KG","img":"https://fd1-photos.leclercdrive.fr/image.ashx?id=2482502&use=l&cat=p&typeid=i","cat":284489},{"id":16701,"n":"Bouchées RAFFAELLO Noix de coco Amandes - 180g","p":4.71,"u":"26,17 €/KG","img":"https://fd1-photos.leclercdrive.fr/image.ashx?id=2937857&use=l&cat=p&typeid=i","cat":327595},{"id":16737,"n":"Viande hachée 15% MG Férial 500g","p":7.29,"u":"14,58 €/KG","img":"https://fd1-photos.leclercdrive.fr/image.ashx?id=2904013&use=l&cat=p&typeid=i","cat":284332},{"id":16741,"n":"Viande hachée 5% MG Férial 350g","p":5.71,"u":"16,31 €/KG","img":"https://fd1-photos.leclercdrive.fr/image.ashx?id=2904010&use=l&cat=p&typeid=i","cat":284332},{"id":16747,"n":"Viande hachée 15% MG Férial 350g","p":5.59,"u":"15,97 €/KG","img":"https://fd1-photos.leclercdrive.fr/image.ashx?id=2904007&use=l&cat=p&typeid=i","cat":284332},{"id":16766,"n":"Viande hachée 20% MG Férial 700g","p":9.45,"u":"13,50 €/KG","img":"https://fd1-photos.leclercdrive.fr/image.ashx?id=2904016&use=l&cat=p&typeid=i","cat":284332},{"id":16767,"n":"Steak haché Férial  5%mg - 400g","p":7.59,"u":"18,98 €/KG","img":"https://fd1-photos.leclercdrive.fr/image.ashx?id=2598722&use=l&cat=p&typeid=i","cat":284332},{"id":16800,"n":"Eau minérale naturelle Contrex 6x1L","p":2.45,"u":"0,41 €/L","img":"https://fd1-photos.leclercdrive.fr/image.ashx?id=2731720&use=l&cat=p&typeid=i","cat":284535},{"id":16803,"n":"AOC Champagne Président Germain Brut - 75cl","p":24.9,"u":"33,20 €/L","img":"https://fd1-photos.leclercdrive.fr/image.ashx?id=1567645&use=l&cat=p&typeid=i","cat":284542},{"id":16829,"n":"Fusilli Côté Snack Pâtes 4 fromages - 300g","p":1.89,"u":"6,30 €/KG","img":"https://fd1-photos.leclercdrive.fr/image.ashx?id=1872409&use=l&cat=p&typeid=i","cat":334983},{"id":16841,"n":"Génoises fourrées P'tit Déli Framboise cassis - 150g","p":1.06,"u":"7,07 €/KG","img":"https://fd1-photos.leclercdrive.fr/image.ashx?id=2473981&use=l&cat=p&typeid=i","cat":284489},{"id":16842,"n":"Spéculoos P'tit Déli 2x250g","p":1.47,"u":"2,94 €/KG","img":"https://fd1-photos.leclercdrive.fr/image.ashx?id=2046364&use=l&cat=p&typeid=i","cat":284487},{"id":16847,"n":"Chewing-gum Freedent white Menthe douce 70g","p":2.15,"u":"30,71 €/KG","img":"https://fd1-photos.leclercdrive.fr/image.ashx?id=2237289&use=l&cat=p&typeid=i","cat":304251},{"id":16848,"n":"Chewing gum Freedent white Menthe verte 70g","p":2.13,"u":"30,43 €/KG","img":"https://fd1-photos.leclercdrive.fr/image.ashx?id=2355899&use=l&cat=p&typeid=i","cat":304251},{"id":16849,"n":"Chewing-gum Freedent white Menthe forte 70g","p":2.13,"u":"30,43 €/KG","img":"https://fd1-photos.leclercdrive.fr/image.ashx?id=2237292&use=l&cat=p&typeid=i","cat":304251},{"id":16916,"n":"Croquette Tous Mes Amis Vitalité - viande de boeuf 10kg","p":12.99,"u":"1,30 €/KG","img":"https://fd1-photos.leclercdrive.fr/image.ashx?id=2078635&use=l&cat=p&typeid=i","cat":284672},{"id":16920,"n":"Coeurs d'artichaut Notre Jardin 240g","p":2.49,"u":"10,38 €/KG","img":"https://fd1-photos.leclercdrive.fr/image.ashx?id=2674023&use=l&cat=p&typeid=i","cat":312611},{"id":16934,"n":"Viande bovine  Férial 1x  Faux filet *** à griller - 160g","p":4.51,"u":"28,19 €/KG","img":"https://fd1-photos.leclercdrive.fr/image.ashx?id=2591554&use=l&cat=p&typeid=i","cat":284328},{"id":16996,"n":"Liquide de rinçage Visior Lave-vaisselle - 750ml","p":0.89,"u":"1,19 €/L","img":"https://fd1-photos.leclercdrive.fr/image.ashx?id=2874377&use=l&cat=p&typeid=i","cat":284657},{"id":17014,"n":"Fromage apéritif Apéricube Sélection festive 48 cubes","p":4.17,"u":"16,68 €/KG","img":"https://fd1-photos.leclercdrive.fr/image.ashx?id=2882665&use=l&cat=p&typeid=i","cat":314027},{"id":17036,"n":"Mouchoirs blancs 3 plis Caresse Boîte mouchoirs papier x90","p":1.04,"u":"0,01 €/P","img":"https://fd1-photos.leclercdrive.fr/image.ashx?id=1286020&use=l&cat=p&typeid=i","cat":284638},{"id":17104,"n":"Tuiles Tokapi  Nature - 170g","p":1.35,"u":"7,94 €/KG","img":"https://fd1-photos.leclercdrive.fr/image.ashx?id=2632849&use=l&cat=p&typeid=i","cat":287899},{"id":17105,"n":"Chips Tuiles Tokapi Crème oignon - 170g","p":1.35,"u":"7,94 €/KG","img":"https://fd1-photos.leclercdrive.fr/image.ashx?id=2643375&use=l&cat=p&typeid=i","cat":287899},{"id":17108,"n":"Brume d'eau pure Inell 150ml","p":1.25,"u":"8,33 €/L","img":"https://fd1-photos.leclercdrive.fr/image.ashx?id=2712980&use=l&cat=p&typeid=i","cat":290295},{"id":17112,"n":"Limonade Bio village Bio - 1L","p":0.96,"u":"0,96 €/L","img":"https://fd1-photos.leclercdrive.fr/image.ashx?id=2632900&use=l&cat=p&typeid=i","cat":284531},{"id":17143,"n":"Croissants pur beurre           4x1p","p":2.6,"u":"0,65 €/P","img":"https://fd1-photos.leclercdrive.fr/image.ashx?id=597456&use=l&cat=p&typeid=i","cat":284984},{"id":17158,"n":"Mozzarella Bio  Bio village - 125g","p":1.19,"u":"9,52 €/KG","img":"https://fd1-photos.leclercdrive.fr/image.ashx?id=2856350&use=l&cat=p&typeid=i","cat":314026},{"id":17220,"n":"Nettoyant spray Clair Anti-calcaire 750ml","p":0.94,"u":"1,25 €/L","img":"https://fd1-photos.leclercdrive.fr/image.ashx?id=2882316&use=l&cat=p&typeid=i","cat":325362},{"id":17223,"n":"Mouchoirs blancs 3 plis Caresse Boîte déco décor aléatoire x70","p":1.52,"u":"0,02 €/P","img":"https://fd1-photos.leclercdrive.fr/image.ashx?id=2812548&use=l&cat=p&typeid=i","cat":284638},{"id":17291,"n":"Semoule de maïs Alpina Moyenne - 1kg","p":2.2,"u":"2,20 €/KG","img":"https://fd1-photos.leclercdrive.fr/image.ashx?id=2020218&use=l&cat=p&typeid=i","cat":284431},{"id":17293,"n":"Génoise mix milk Balconi Pâtissier x10 280g","p":1.92,"u":"10,67 €/KG","img":"https://fd1-photos.leclercdrive.fr/image.ashx?id=2878411&use=l&cat=p&typeid=i","cat":284495},{"id":17294,"n":"Pâtes crozets nature Alpina 400g","p":2.59,"u":"6,48 €/KG","img":"https://fd1-photos.leclercdrive.fr/image.ashx?id=2795072&use=l&cat=p&typeid=i","cat":284427},{"id":17295,"n":"Pâtes crozets Alpina Savoie Au sarrasin - 400g","p":2.68,"u":"6,70 €/KG","img":"https://fd1-photos.leclercdrive.fr/image.ashx?id=2795075&use=l&cat=p&typeid=i","cat":284427},{"id":17303,"n":"Gros sel de mer iodé Baleine 1kg","p":0.58,"u":"0,58 €/KG","img":"https://fd1-photos.leclercdrive.fr/image.ashx?id=2788526&use=l&cat=p&typeid=i","cat":284457},{"id":17338,"n":"Feutres de coloriage Esquisse Lavable - Pointe moyenne x24","p":2.3,"img":"https://fd1-photos.leclercdrive.fr/image.ashx?id=2727659&use=l&cat=p&typeid=i","cat":284696},{"id":17340,"n":"Pizza Cuite sur pierre Turini  Poulet rôti poivrons - 400g","p":2.23,"u":"5,58 €/KG","img":"https://fd1-photos.leclercdrive.fr/image.ashx?id=2815235&use=l&cat=p&typeid=i","cat":284256},{"id":17348,"n":"Lanières poivrons Notre Jardin 600g","p":2.15,"u":"3,58 €/KG","img":"https://fd1-photos.leclercdrive.fr/image.ashx?id=2916680&use=l&cat=p&typeid=i","cat":319805},{"id":17362,"n":"Moules ASC Pêche Océan Décortiquées - 500g","p":3.38,"u":"6,76 €/KG","img":"https://fd1-photos.leclercdrive.fr/image.ashx?id=2835023&use=l&cat=p&typeid=i","cat":319787},{"id":17384,"n":"Gants ultra-résistants Mapa Taille M","p":1.98,"img":"https://fd1-photos.leclercdrive.fr/image.ashx?id=2732434&use=l&cat=p&typeid=i","cat":284668},{"id":17389,"n":"Biscuits dorés extra P'tit Déli 2x150g","p":1.19,"u":"3,97 €/KG","img":"https://fd1-photos.leclercdrive.fr/image.ashx?id=2488359&use=l&cat=p&typeid=i","cat":284487},{"id":17390,"n":"Tampon à récurer Mamison x3","p":0.68,"u":"0,23 €/P","img":"https://fd1-photos.leclercdrive.fr/image.ashx?id=2216957&use=l&cat=p&typeid=i","cat":284667},{"id":17392,"n":"Mouchoirs blanc 4 plis Univert Etuis x15 - Ecolabel","p":1.95,"u":"0,13 €/P","img":"https://fd1-photos.leclercdrive.fr/image.ashx?id=2549951&use=l&cat=p&typeid=i","cat":284638},{"id":17410,"n":"Gel anticalcaire Texil 750ml","p":2.59,"u":"3,45 €/L","img":"https://fd1-photos.leclercdrive.fr/image.ashx?id=2958711&use=l&cat=p&typeid=i","cat":284653},{"id":17413,"n":"Sacs congélation zip Elembal Petit modèle x25","p":1.45,"u":"0,06 €/P","img":"https://fd1-photos.leclercdrive.fr/image.ashx?id=2751883&use=l&cat=p&typeid=i","cat":334134},{"id":17414,"n":"Activateur de lavage Textil Spécial blanc 10 tablettes","p":2.1,"u":"9,33 €/KG","img":"https://fd1-photos.leclercdrive.fr/image.ashx?id=2964565&use=l&cat=p&typeid=i","cat":284651},{"id":17422,"n":"IGP Pays d'Oc Syrah vin rouge Vieux Carion -75 cl","p":2.25,"u":"3,00 €/L","img":"https://fd1-photos.leclercdrive.fr/image.ashx?id=2747749&use=l&cat=p&typeid=i","cat":289556},{"id":17425,"n":"Fromage blanc Délisse Vanille 2,5%MG - 8x100g","p":2.82,"u":"3,53 €/KG","img":"https://fd1-photos.leclercdrive.fr/image.ashx?id=3012827&use=l&cat=p&typeid=i","cat":284409},{"id":17445,"n":"AOP Saumur demi-sec Les Caractères - 75cl","p":4.49,"u":"5,99 €/L","img":"https://fd1-photos.leclercdrive.fr/image.ashx?id=2677056&use=l&cat=p&typeid=i","cat":284544},{"id":17469,"n":"Biscuits P'tit Déli Bâtonnets Chocolat blanc 150g","p":1.7,"u":"11,33 €/KG","img":"https://fd1-photos.leclercdrive.fr/image.ashx?id=2470195&use=l&cat=p&typeid=i","cat":284488},{"id":17476,"n":"Boudins noirs aux oignons Tradilège x3 - 375g","p":2.65,"u":"7,07 €/KG","img":"https://fd1-photos.leclercdrive.fr/image.ashx?id=1540488&use=l&cat=p&typeid=i","cat":316012},{"id":17571,"n":"Crème entière fluide UHT Délisse - Brique 30%mg - 1L","p":4.23,"u":"4,23 €/L","img":"https://fd1-photos.leclercdrive.fr/image.ashx?id=2509980&use=l&cat=p&typeid=i","cat":284381},{"id":17584,"n":"Dissolvant Maybelline New York Manucure Express - 125ml","p":3.16,"u":"25,28 €/L","img":"https://fd1-photos.leclercdrive.fr/image.ashx?id=2348367&use=l&cat=p&typeid=i","cat":325347},{"id":17625,"n":"Bûche glacée Eskiss Fruits rouges et biscuit - 564g","p":3.59,"u":"6,37 €/KG","img":"https://fd1-photos.leclercdrive.fr/image.ashx?id=2968976&use=l&cat=p&typeid=i","cat":284266},{"id":17627,"n":"Mini bûches glacées Eskiss Assortiment - 311g","p":2.29,"u":"7,36 €/KG","img":"https://fd1-photos.leclercdrive.fr/image.ashx?id=2614458&use=l&cat=p&typeid=i","cat":284266},{"id":17645,"n":"Whisky Jameson 40%vol - 1L","p":28.89,"u":"28,89 €/L","img":"https://fd1-photos.leclercdrive.fr/image.ashx?id=2880922&use=l&cat=p&typeid=i","cat":284547},{"id":17653,"n":"Fromage apéritif Apéricube Best of des saveurs 48 cubes","p":4.17,"u":"16,68 €/KG","img":"https://fd1-photos.leclercdrive.fr/image.ashx?id=2882662&use=l&cat=p&typeid=i","cat":314027},{"id":17694,"n":"Couches bébé Mots d'Enfants T4+ Ultra confort - 9/20kg - x144","p":20.5,"u":"0,14 €/P","img":"https://fd1-photos.leclercdrive.fr/image.ashx?id=2689426&use=l&cat=p&typeid=i","cat":284737},{"id":17709,"n":"Sauce au poivre Knorr A la crème fraiche - 30cl","p":1.38,"u":"4,60 €/L","img":"https://fd1-photos.leclercdrive.fr/image.ashx?id=2985096&use=l&cat=p&typeid=i","cat":288381},{"id":17710,"n":"Sauce Hollandaise Knorr Au jus de citron - 30cl","p":1.5,"u":"5,00 €/L","img":"https://fd1-photos.leclercdrive.fr/image.ashx?id=2985099&use=l&cat=p&typeid=i","cat":288381},{"id":17717,"n":"Blanc de poulet Tradilège x4 160g","p":1.36,"u":"8,50 €/KG","img":"https://fd1-photos.leclercdrive.fr/image.ashx?id=2925738&use=l&cat=p&typeid=i","cat":316010},{"id":17718,"n":"Blanc de dinde Tradilège 4 tranches 160g","p":1.65,"u":"10,31 €/KG","img":"https://fd1-photos.leclercdrive.fr/image.ashx?id=2925735&use=l&cat=p&typeid=i","cat":316010},{"id":17768,"n":"Boudins blancs au porto Tradilège x3 - 375g","p":3.89,"u":"10,37 €/KG","img":"https://fd1-photos.leclercdrive.fr/image.ashx?id=2252040&use=l&cat=p&typeid=i","cat":316012},{"id":17783,"n":"Chocolats Ferrero Rocher x24 pralines - 300g","p":9.98,"u":"33,27 €/KG","img":"https://fd1-photos.leclercdrive.fr/image.ashx?id=2944999&use=l&cat=p&typeid=i","cat":327600},{"id":17845,"n":"Saumon crème fraîche Marie Fondue poireaux 400g","p":4.94,"u":"12,35 €/KG","img":"https://fd1-photos.leclercdrive.fr/image.ashx?id=2996785&use=l&cat=p&typeid=i","cat":319786},{"id":17901,"n":"Macaroni d'Alsace NRT 250g","p":1.39,"u":"5,56 €/KG","img":"https://fd1-photos.leclercdrive.fr/image.ashx?id=2839989&use=l&cat=p&typeid=i","cat":284427},{"id":17917,"n":"Nettoyant canalisations Ouragan Fraîcheur mentholée - 1L","p":3.49,"u":"3,49 €/L","img":"https://fd1-photos.leclercdrive.fr/image.ashx?id=2367544&use=l&cat=p&typeid=i","cat":284662},{"id":17931,"n":"Soupe Crème de potiron Knorr Déshydratée - 1L","p":1.53,"u":"1,53 €/L","img":"https://fd1-photos.leclercdrive.fr/image.ashx?id=2790813&use=l&cat=p&typeid=i","cat":284463},{"id":17937,"n":"IGP Pruneaux d'agen Bio Village Bio - 250g","p":2.95,"u":"11,80 €/KG","img":"https://fd1-photos.leclercdrive.fr/image.ashx?id=2049211&use=l&cat=p&typeid=i","cat":284357},{"id":17938,"n":"Flan nappé caramel Bio Bio Village - 4x125g","p":1.99,"u":"3,98 €/KG","img":"https://fd1-photos.leclercdrive.fr/image.ashx?id=2992627&use=l&cat=p&typeid=i","cat":284420},{"id":17969,"n":"Purée de fruit NATURNES Pomme pêche 4M+ - 4x130g","p":2.21,"u":"4,25 €/KG","img":"https://fd1-photos.leclercdrive.fr/image.ashx?id=2629644&use=l&cat=p&typeid=i","cat":312387},{"id":18000,"n":"Lait céréales Blédidej 12 mois Chocolat biscuité - 4x250ml","p":3.57,"u":"3,57 €/L","img":"https://fd1-photos.leclercdrive.fr/image.ashx?id=2921028&use=l&cat=p&typeid=i","cat":312226},{"id":18002,"n":"Lait céréales Blédidej 12 mois Biscuité vanille - 4x250ml","p":3.37,"u":"3,37 €/L","img":"https://fd1-photos.leclercdrive.fr/image.ashx?id=2921034&use=l&cat=p&typeid=i","cat":312226},{"id":18003,"n":"Lait céréales Blédidej 12 mois Vanille chocolat - 4x250ml","p":3.57,"u":"3,57 €/L","img":"https://fd1-photos.leclercdrive.fr/image.ashx?id=2921031&use=l&cat=p&typeid=i","cat":312226},{"id":18036,"n":"Saucisses Knacks Tempé x4 240g","p":4.14,"u":"17,25 €/KG","img":"https://fd1-photos.leclercdrive.fr/image.ashx?id=2149935&use=l&cat=p&typeid=i","cat":316012},{"id":18037,"n":"Saucisse de viande Tempé 400g","p":4.59,"u":"11,48 €/KG","img":"https://fd1-photos.leclercdrive.fr/image.ashx?id=2325065&use=l&cat=p&typeid=i","cat":316012},{"id":18066,"n":"Nouilles chinoises Suzi Wan En nid - 250g","p":1.57,"u":"6,28 €/KG","img":"https://fd1-photos.leclercdrive.fr/image.ashx?id=2886253&use=l&cat=p&typeid=i","cat":288992},{"id":18070,"n":"Fromage frais bio Bio Village Fruits panachés - 12x50g","p":2.76,"u":"4,60 €/KG","img":"https://fd1-photos.leclercdrive.fr/image.ashx?id=2992630&use=l&cat=p&typeid=i","cat":284409},{"id":18098,"n":"Lait céréales bébé Blédiner 6m Carotte soir - 4x250ml","p":3.7,"u":"3,70 €/L","img":"https://fd1-photos.leclercdrive.fr/image.ashx?id=2478556&use=l&cat=p&typeid=i","cat":312239},{"id":18100,"n":"Lait céréales bébé Blédiner 12m Légumes soir - 2x250ml","p":1.77,"u":"3,54 €/L","img":"https://fd1-photos.leclercdrive.fr/image.ashx?id=2960144&use=l&cat=p&typeid=i","cat":312239},{"id":18102,"n":"Lait céréales bébé Blédiner 6m Légume soir - 4x250ml","p":3.75,"u":"3,75 €/L","img":"https://fd1-photos.leclercdrive.fr/image.ashx?id=2730061&use=l&cat=p&typeid=i","cat":312239},{"id":18123,"n":"Barres Copains Copines x16 - 200g","p":2.25,"u":"11,25 €/KG","img":"https://fd1-photos.leclercdrive.fr/image.ashx?id=2867335&use=l&cat=p&typeid=i","cat":284498},{"id":18124,"n":"Pêche poire cerise  Douceur du Verger - 4x70g","p":2.79,"u":"9,96 €/KG","img":"https://fd1-photos.leclercdrive.fr/image.ashx?id=2149378&use=l&cat=p&typeid=i","cat":284507},{"id":18207,"n":"Lingettes démaquillantes Inell x25","p":1.34,"u":"0,05 €/P","img":"https://fd1-photos.leclercdrive.fr/image.ashx?id=2769579&use=l&cat=p&typeid=i","cat":284603},{"id":18208,"n":"Lingettes démaquillantes Inell x25","p":1.34,"u":"0,05 €/P","img":"https://fd1-photos.leclercdrive.fr/image.ashx?id=2752622&use=l&cat=p&typeid=i","cat":284603},{"id":18219,"n":"Merguez Férial x6 - 330g","p":4.19,"u":"12,70 €/KG","img":"https://fd1-photos.leclercdrive.fr/image.ashx?id=2840019&use=l&cat=p&typeid=i","cat":284334},{"id":18221,"n":"Lardons supérieurs Tradilège Nature - 2x100g","p":1.85,"u":"9,25 €/KG","img":"https://fd1-photos.leclercdrive.fr/image.ashx?id=2933340&use=l&cat=p&typeid=i","cat":316011},{"id":18223,"n":"Lardons supérieurs Tradilège Fumés - 2x100g","p":1.85,"u":"9,25 €/KG","img":"https://fd1-photos.leclercdrive.fr/image.ashx?id=2933343&use=l&cat=p&typeid=i","cat":316011},{"id":18224,"n":"Allumettes Tradilège Nature - 2x100g","p":1.75,"u":"8,75 €/KG","img":"https://fd1-photos.leclercdrive.fr/image.ashx?id=2933349&use=l&cat=p&typeid=i","cat":316011},{"id":18225,"n":"Allumettes Tradilège Fumées - 2x100g","p":1.75,"u":"8,75 €/KG","img":"https://fd1-photos.leclercdrive.fr/image.ashx?id=2933346&use=l&cat=p&typeid=i","cat":316011},{"id":18227,"n":"Lardons supérieurs Tradilège Nature - 160g","p":1.5,"u":"9,38 €/KG","img":"https://fd1-photos.leclercdrive.fr/image.ashx?id=2751949&use=l&cat=p&typeid=i","cat":316011},{"id":18230,"n":"Lardons supérieurs Tradilège Fumés - 160g","p":1.5,"u":"9,38 €/KG","img":"https://fd1-photos.leclercdrive.fr/image.ashx?id=2816636&use=l&cat=p&typeid=i","cat":316011},{"id":18233,"n":"Poitrine Fumée Tradilège Tranches fines - 2x7T - 200g","p":2.48,"u":"12,40 €/KG","img":"https://fd1-photos.leclercdrive.fr/image.ashx?id=2852267&use=l&cat=p&typeid=i","cat":316011},{"id":18234,"n":"Jambon blanc Tradilège A l'italienne 4 tranches 120g","p":2.19,"u":"18,25 €/KG","img":"https://fd1-photos.leclercdrive.fr/image.ashx?id=2437079&use=l&cat=p&typeid=i","cat":316009},{"id":18240,"n":"Mousse de canard Tradilège 2x50g","p":1.09,"u":"10,90 €/KG","img":"https://fd1-photos.leclercdrive.fr/image.ashx?id=2998886&use=l&cat=p&typeid=i","cat":316008},{"id":18250,"n":"Saucisses Francfort Tradilège x4 240g","p":2.07,"u":"8,63 €/KG","img":"https://fd1-photos.leclercdrive.fr/image.ashx?id=1847644&use=l&cat=p&typeid=i","cat":316012},{"id":18252,"n":"Knacks Tradilège Fumées au bois - x6 - 210g","p":1.38,"u":"6,57 €/KG","img":"https://fd1-photos.leclercdrive.fr/image.ashx?id=2448318&use=l&cat=p&typeid=i","cat":316012},{"id":18257,"n":"Saucisses Cocktail Tradilège 400g","p":2.79,"u":"6,98 €/KG","img":"https://fd1-photos.leclercdrive.fr/image.ashx?id=2659082&use=l&cat=p&typeid=i","cat":316012},{"id":18262,"n":"Cervelas supérieur Tradilège 300g","p":2.09,"u":"6,97 €/KG","img":"https://fd1-photos.leclercdrive.fr/image.ashx?id=2421636&use=l&cat=p&typeid=i","cat":316012},{"id":18266,"n":"Dés de jambon Tradilège 2x75g","p":1.49,"u":"9,93 €/KG","img":"https://fd1-photos.leclercdrive.fr/image.ashx?id=2925732&use=l&cat=p&typeid=i","cat":316011},{"id":18267,"n":"Allumettes de jambon Tradilège 2x75g","p":1.05,"u":"7,00 €/KG","img":"https://fd1-photos.leclercdrive.fr/image.ashx?id=2925716&use=l&cat=p&typeid=i","cat":316011},{"id":18287,"n":"Céréales Extra Kellogg's Chocolat au lait - 500g","p":3.13,"u":"6,26 €/KG","img":"https://fd1-photos.leclercdrive.fr/image.ashx?id=2692707&use=l&cat=p&typeid=i","cat":309512},{"id":18351,"n":"Fromage à tartiner Les Croisés Nature - 25%mg - 150g","p":1.24,"u":"8,27 €/KG","img":"https://fd1-photos.leclercdrive.fr/image.ashx?id=1671226&use=l&cat=p&typeid=i","cat":314029},{"id":18354,"n":"Boule de pain de campagne  400g","p":1.7,"u":"4,25 €/KG","img":"https://fd1-photos.leclercdrive.fr/image.ashx?id=2062945&use=l&cat=p&typeid=i","cat":284359},{"id":18362,"n":"Biscuit bébé Blédina 10 mois Boudoir - 120g","p":1.79,"u":"14,92 €/KG","img":"https://fd1-photos.leclercdrive.fr/image.ashx?id=2801114&use=l&cat=p&typeid=i","cat":312227},{"id":18363,"n":"Pots bébé bio Babybio Maïs poulet - 8 mois - 2x200g","p":2.85,"u":"7,13 €/KG","img":"https://fd1-photos.leclercdrive.fr/image.ashx?id=2827461&use=l&cat=p&typeid=i","cat":312236},{"id":18364,"n":"Haricots rouges D'aucy  250g","p":1.15,"u":"4,60 €/KG","img":"https://fd1-photos.leclercdrive.fr/image.ashx?id=2538434&use=l&cat=p&typeid=i","cat":312606},{"id":18374,"n":"Petits pois d'aucy  Extra-fins - 280g","p":1.02,"u":"3,64 €/KG","img":"https://fd1-photos.leclercdrive.fr/image.ashx?id=2503434&use=l&cat=p&typeid=i","cat":312607},{"id":18375,"n":"Petits pois carottes d''Aucy Extra fins - 265g","p":1.06,"u":"4,00 €/KG","img":"https://fd1-photos.leclercdrive.fr/image.ashx?id=2475324&use=l&cat=p&typeid=i","cat":312607},{"id":18384,"n":"Fagot bouquet garni Ducros 17g","p":1.88,"u":"110,59 €/KG","img":"https://fd1-photos.leclercdrive.fr/image.ashx?id=2326667&use=l&cat=p&typeid=i","cat":298297},{"id":18389,"n":"Poivre Ducros Spécial moulin - 100g","p":4.19,"u":"41,90 €/KG","img":"https://fd1-photos.leclercdrive.fr/image.ashx?id=2559439&use=l&cat=p&typeid=i","cat":284457},{"id":18394,"n":"Persil Ducros 30g","p":3.47,"u":"115,67 €/KG","img":"https://fd1-photos.leclercdrive.fr/image.ashx?id=2486554&use=l&cat=p&typeid=i","cat":298297},{"id":18398,"n":"Piment doux moulu Ducros 40g","p":2.22,"u":"55,50 €/KG","img":"https://fd1-photos.leclercdrive.fr/image.ashx?id=2490494&use=l&cat=p&typeid=i","cat":298297},{"id":18403,"n":"Poivre saveur et épices Ducros Moulin - 30g","p":3.08,"u":"102,67 €/KG","img":"https://fd1-photos.leclercdrive.fr/image.ashx?id=2353698&use=l&cat=p&typeid=i","cat":284457},{"id":18404,"n":"Safran moulu Ducros 4 doses - 0.4g","p":4.07,"img":"https://fd1-photos.leclercdrive.fr/image.ashx?id=2580490&use=l&cat=p&typeid=i","cat":298297},{"id":18408,"n":"Thon entier Pêche Océan Naturel - 140g","p":1.9,"u":"13,57 €/KG","img":"https://fd1-photos.leclercdrive.fr/image.ashx?id=2941426&use=l&cat=p&typeid=i","cat":303867},{"id":18409,"n":"Thon entier Pêche Océan Naturel - 93g","p":1.39,"u":"14,95 €/KG","img":"https://fd1-photos.leclercdrive.fr/image.ashx?id=2942184&use=l&cat=p&typeid=i","cat":303867},{"id":18410,"n":"Pâtées chat Gold Gourmet Les noisettes -  12x85g","p":5.92,"u":"5,80 €/KG","img":"https://fd1-photos.leclercdrive.fr/image.ashx?id=2908318&use=l&cat=p&typeid=i","cat":285286},{"id":18437,"n":"Allumettes Bacon Tradilège Fumées - 2x100g","p":1.74,"u":"8,70 €/KG","img":"https://fd1-photos.leclercdrive.fr/image.ashx?id=2905952&use=l&cat=p&typeid=i","cat":316011},{"id":18441,"n":"Pur jus de fruits Jafaden Mandarine - 1L","p":2.39,"u":"2,39 €/L","img":"https://fd1-photos.leclercdrive.fr/image.ashx?id=2956044&use=l&cat=p&typeid=i","cat":284915},{"id":18501,"n":"Aromat Knorr 70g","p":1.54,"u":"22,00 €/KG","img":"https://fd1-photos.leclercdrive.fr/image.ashx?id=2866750&use=l&cat=p&typeid=i","cat":298297},{"id":18521,"n":"Papier toilette Mimosa Blanc double épaisseur - x12","p":2.85,"u":"0,24 €/P","img":"https://fd1-photos.leclercdrive.fr/image.ashx?id=2073179&use=l&cat=p&typeid=i","cat":284634},{"id":18577,"n":"Papier toilette Mimosa Blanc - Ultra doux - x24","p":4.33,"u":"0,18 €/P","img":"https://fd1-photos.leclercdrive.fr/image.ashx?id=2777851&use=l&cat=p&typeid=i","cat":284634},{"id":18598,"n":"Yaourts à la Grecque Délisse Mûre Framboise - 4x150g","p":1.99,"u":"3,32 €/KG","img":"https://fd1-photos.leclercdrive.fr/image.ashx?id=2699441&use=l&cat=p&typeid=i","cat":314999},{"id":18669,"n":"Snacks Tokapi 4 saveurs - 100g","p":0.87,"u":"8,70 €/KG","img":"https://fd1-photos.leclercdrive.fr/image.ashx?id=2884234&use=l&cat=p&typeid=i","cat":284449},{"id":18670,"n":"Tuiles Tokapi Bacon - 170g","p":1.39,"u":"8,18 €/KG","img":"https://fd1-photos.leclercdrive.fr/image.ashx?id=2657205&use=l&cat=p&typeid=i","cat":287899},{"id":18671,"n":"Tuiles Tokapi Paprika - 170g","p":1.35,"u":"7,94 €/KG","img":"https://fd1-photos.leclercdrive.fr/image.ashx?id=2632852&use=l&cat=p&typeid=i","cat":287899},{"id":18676,"n":"Allume-feu Silex cubes 18 sachets individuels","p":3.23,"img":"https://fd1-photos.leclercdrive.fr/image.ashx?id=2643584&use=l&cat=p&typeid=i","cat":300578},{"id":18747,"n":"Pavés de boeuf marinés 3 poivre Férial x2 - 240g","p":4.75,"u":"19,79 €/KG","img":"https://fd1-photos.leclercdrive.fr/image.ashx?id=2854276&use=l&cat=p&typeid=i","cat":284328},{"id":18754,"n":"Boulettes nature Férial x12 - 300g","p":4.09,"u":"13,63 €/KG","img":"https://fd1-photos.leclercdrive.fr/image.ashx?id=2816624&use=l&cat=p&typeid=i","cat":284332},{"id":18836,"n":"Lingettes lait Demak'up Peaux sensibles - 2x25","p":5.06,"u":"0,10 €/P","img":"https://fd1-photos.leclercdrive.fr/image.ashx?id=2999877&use=l&cat=p&typeid=i","cat":284603},{"id":18853,"n":"Soin de jour Diadermine Lift+ Elastine Anti-rides - 50ml","p":6.85,"u":"137,00 €/L","img":"https://fd1-photos.leclercdrive.fr/image.ashx?id=2464024&use=l&cat=p&typeid=i","cat":325345},{"id":18953,"n":"Thon entier Pêche Océan Naturel - 186g","p":2.5,"u":"13,44 €/KG","img":"https://fd1-photos.leclercdrive.fr/image.ashx?id=2942190&use=l&cat=p&typeid=i","cat":303867},{"id":18968,"n":"Gâteaux mini marbrés P'tit Déli Chocolat x7 - 189g","p":1.59,"u":"8,41 €/KG","img":"https://fd1-photos.leclercdrive.fr/image.ashx?id=1947360&use=l&cat=p&typeid=i","cat":284495},{"id":18996,"n":"Confiture Bonne Maman 4 fruits rouges - 370g","p":2.52,"u":"6,81 €/KG","img":"https://fd1-photos.leclercdrive.fr/image.ashx?id=2547474&use=l&cat=p&typeid=i","cat":284480},{"id":18997,"n":"Confiture Bonne Maman Châtaigne 370g","p":1.98,"u":"5,35 €/KG","img":"https://fd1-photos.leclercdrive.fr/image.ashx?id=2474987&use=l&cat=p&typeid=i","cat":284480},{"id":19022,"n":"Sirop Frucci Orange - 1L","p":4.26,"u":"4,26 €/L","img":"https://fd1-photos.leclercdrive.fr/image.ashx?id=2954070&use=l&cat=p&typeid=i","cat":295020},{"id":19023,"n":"Sirop Frucci Citron - 1L","p":2.04,"u":"2,04 €/L","img":"https://fd1-photos.leclercdrive.fr/image.ashx?id=2955656&use=l&cat=p&typeid=i","cat":295020},{"id":19066,"n":"Vodka Poliakov 37,5%vol - 1L","p":15.94,"u":"15,94 €/L","img":"https://fd1-photos.leclercdrive.fr/image.ashx?id=2576916&use=l&cat=p&typeid=i","cat":284550},{"id":19098,"n":"Cookies gros éclats Granola Chocolat - 184g","p":1.82,"u":"9,89 €/KG","img":"https://fd1-photos.leclercdrive.fr/image.ashx?id=2996413&use=l&cat=p&typeid=i","cat":325066},{"id":19102,"n":"Croquettes chat Purina One Stérilisé-Saumon/Céréales-1,5kg","p":6.9,"u":"4,60 €/KG","img":"https://fd1-photos.leclercdrive.fr/image.ashx?id=2541268&use=l&cat=p&typeid=i","cat":284680},{"id":19110,"n":"Boeuf Bourguignon Côté Table 300g","p":2.05,"u":"6,83 €/KG","img":"https://fd1-photos.leclercdrive.fr/image.ashx?id=2517679&use=l&cat=p&typeid=i","cat":284953},{"id":19112,"n":"Thé vert Bio Ethiquable Gingembre Citron vert x20 - 36g","p":2.51,"u":"69,72 €/KG","img":"https://fd1-photos.leclercdrive.fr/image.ashx?id=2870842&use=l&cat=p&typeid=i","cat":293233},{"id":19114,"n":"Sucre de canne Bio Ethiquable Complet en poudre - 500g","p":2.33,"u":"4,66 €/KG","img":"https://fd1-photos.leclercdrive.fr/image.ashx?id=2875483&use=l&cat=p&typeid=i","cat":284502},{"id":19117,"n":"Galettes Bjorg Bio Riz complet au sésame 130g","p":1.32,"u":"10,15 €/KG","img":"https://fd1-photos.leclercdrive.fr/image.ashx?id=2991975&use=l&cat=p&typeid=i","cat":318651},{"id":19119,"n":"Pains au lait La Boulangère Bio x8 - 280g","p":2.11,"u":"7,54 €/KG","img":"https://fd1-photos.leclercdrive.fr/image.ashx?id=2972460&use=l&cat=p&typeid=i","cat":293505},{"id":19138,"n":"Semoule Couscous Bio Village Semi complet Bio - 500g","p":1.95,"u":"3,90 €/KG","img":"https://fd1-photos.leclercdrive.fr/image.ashx?id=2814217&use=l&cat=p&typeid=i","cat":284429},{"id":19146,"n":"Cappelletti bio Céréal Bio tofu et Chèvre express-220g","p":2.08,"u":"9,45 €/KG","img":"https://fd1-photos.leclercdrive.fr/image.ashx?id=2642372&use=l&cat=p&typeid=i","cat":287600},{"id":19149,"n":"Huile d'olive Bio Soléou Vierge extra - 1L","p":12.49,"u":"12,49 €/L","img":"https://fd1-photos.leclercdrive.fr/image.ashx?id=2559008&use=l&cat=p&typeid=i","cat":284453},{"id":19152,"n":"Huile d'olive Bio Soleou Vierge extra fruttato - 75cl","p":10.07,"u":"13,43 €/L","img":"https://fd1-photos.leclercdrive.fr/image.ashx?id=2732614&use=l&cat=p&typeid=i","cat":284453},{"id":19155,"n":"Farine de blé Bio Francine 1kg","p":1.37,"u":"1,37 €/KG","img":"https://fd1-photos.leclercdrive.fr/image.ashx?id=2989117&use=l&cat=p&typeid=i","cat":284503},{"id":19199,"n":"Pain de mie La Boulangère à la  Farine complète Bio - 500g","p":2.04,"u":"4,08 €/KG","img":"https://fd1-photos.leclercdrive.fr/image.ashx?id=2912386&use=l&cat=p&typeid=i","cat":284477},{"id":19202,"n":"Galettes bio Bio Village 4 céréales x17 - 130g","p":0.99,"u":"7,62 €/KG","img":"https://fd1-photos.leclercdrive.fr/image.ashx?id=2816154&use=l&cat=p&typeid=i","cat":318651},{"id":19211,"n":"Lentilles Préparées Cassegrain Tendres et Fondants 265g","p":1.65,"u":"6,23 €/KG","img":"https://fd1-photos.leclercdrive.fr/image.ashx?id=2952460&use=l&cat=p&typeid=i","cat":312609},{"id":19232,"n":"Printanière Cassegrain Carotte, Petit Pois, Champignon - 265g","p":2.23,"u":"8,42 €/KG","img":"https://fd1-photos.leclercdrive.fr/image.ashx?id=2913001&use=l&cat=p&typeid=i","cat":312612},{"id":19239,"n":"Fruits au sirop St Mamet Pêches - 475g","p":2.53,"u":"5,33 €/KG","img":"https://fd1-photos.leclercdrive.fr/image.ashx?id=2630217&use=l&cat=p&typeid=i","cat":284507},{"id":19240,"n":"Fruits au sirop St Mamet Poires Williams - 465g","p":3.18,"u":"6,84 €/KG","img":"https://fd1-photos.leclercdrive.fr/image.ashx?id=2630223&use=l&cat=p&typeid=i","cat":284507},{"id":19255,"n":"Croquettes chat Purina One Light Adulte -Poulet/Blé -1,5kg","p":7.17,"u":"4,78 €/KG","img":"https://fd1-photos.leclercdrive.fr/image.ashx?id=2432010&use=l&cat=p&typeid=i","cat":284680},{"id":19256,"n":"Croquettes chat Purina One Adulte d'intérieur-Dinde -1,5kg","p":7.23,"u":"4,82 €/KG","img":"https://fd1-photos.leclercdrive.fr/image.ashx?id=2902271&use=l&cat=p&typeid=i","cat":284680},{"id":19257,"n":"Croquettes chat Purina One Sensible Adulte-Dinde/Riz-450g","p":2.61,"u":"5,80 €/KG","img":"https://fd1-photos.leclercdrive.fr/image.ashx?id=2459658&use=l&cat=p&typeid=i","cat":284680},{"id":19262,"n":"Thon Saupiquet Mayonnaise - 2x135g","p":2.14,"u":"7,93 €/KG","img":"https://fd1-photos.leclercdrive.fr/image.ashx?id=2681017&use=l&cat=p&typeid=i","cat":303867},{"id":19263,"n":"Filets de maquereaux Saupiquet A la moutarde - 169g","p":2.14,"u":"12,66 €/KG","img":"https://fd1-photos.leclercdrive.fr/image.ashx?id=2829961&use=l&cat=p&typeid=i","cat":303868},{"id":19272,"n":"Thé Yunnan TuoCha Infusette - x25 - 50g","p":3.87,"u":"77,40 €/KG","img":"https://fd1-photos.leclercdrive.fr/image.ashx?id=1761906&use=l&cat=p&typeid=i","cat":293233},{"id":19279,"n":"Sucre de canne Daddy En morceaux - 1kg","p":2.3,"u":"2,30 €/KG","img":"https://fd1-photos.leclercdrive.fr/image.ashx?id=2908576&use=l&cat=p&typeid=i","cat":284502},{"id":19284,"n":"Huile pépins de raisin Cauvin 1l","p":6.79,"u":"6,79 €/L","img":"https://fd1-photos.leclercdrive.fr/image.ashx?id=2479234&use=l&cat=p&typeid=i","cat":284453},{"id":19285,"n":"Sauce crudités Rustica Fines herbes - 50cl","p":0.88,"u":"1,76 €/L","img":"https://fd1-photos.leclercdrive.fr/image.ashx?id=1972916&use=l&cat=p&typeid=i","cat":284456},{"id":19291,"n":"Mélange Apérifruits Vico Fruits exotiques - 120g","p":1.75,"u":"14,58 €/KG","img":"https://fd1-photos.leclercdrive.fr/image.ashx?id=2333540&use=l&cat=p&typeid=i","cat":284448},{"id":19293,"n":"Lait céréales bébé Blédiner 12m Carotte pois soir - 2x250ml","p":1.78,"u":"3,56 €/L","img":"https://fd1-photos.leclercdrive.fr/image.ashx?id=2949856&use=l&cat=p&typeid=i","cat":312239},{"id":19296,"n":"Gressins Tokapi Sésame - 125g","p":0.99,"u":"7,92 €/KG","img":"https://fd1-photos.leclercdrive.fr/image.ashx?id=1993574&use=l&cat=p&typeid=i","cat":297000},{"id":19297,"n":"Lait céréales bébé Blédiner 6m Potiron soir - 2x250ml","p":1.75,"u":"3,50 €/L","img":"https://fd1-photos.leclercdrive.fr/image.ashx?id=2960141&use=l&cat=p&typeid=i","cat":312239},{"id":19298,"n":"Gressins Tokapi  Huile d'olive romarin - 125g","p":1.41,"u":"11,28 €/KG","img":"https://fd1-photos.leclercdrive.fr/image.ashx?id=1993577&use=l&cat=p&typeid=i","cat":297000},{"id":19301,"n":"Céréales Tipiak Méditerranéennes 2x200g","p":1.97,"u":"4,93 €/KG","img":"https://fd1-photos.leclercdrive.fr/image.ashx?id=2766253&use=l&cat=p&typeid=i","cat":284429},{"id":19303,"n":"Mini penne Turini 500g","p":0.98,"u":"1,96 €/KG","img":"https://fd1-photos.leclercdrive.fr/image.ashx?id=3015063&use=l&cat=p&typeid=i","cat":284427},{"id":19304,"n":"Mini farfalle Turini 500g","p":1.26,"u":"2,52 €/KG","img":"https://fd1-photos.leclercdrive.fr/image.ashx?id=2607494&use=l&cat=p&typeid=i","cat":284427},{"id":19305,"n":"Pâtes Spaghetti Panzani 3 Minutes - 500G","p":1.19,"u":"2,38 €/KG","img":"https://fd1-photos.leclercdrive.fr/image.ashx?id=3008035&use=l&cat=p&typeid=i","cat":284427},{"id":19308,"n":"Epices pour guacamole Old el paso - 20g","p":1.09,"u":"54,50 €/KG","img":"https://fd1-photos.leclercdrive.fr/image.ashx?id=2858168&use=l&cat=p&typeid=i","cat":288993},{"id":19313,"n":"Tartelettes Bonne Maman A la framboise étui 135g","p":1.38,"u":"10,22 €/KG","img":"https://fd1-photos.leclercdrive.fr/image.ashx?id=2984383&use=l&cat=p&typeid=i","cat":284489},{"id":19319,"n":"Cookies Eco+ Pépites de chocolat - 200g","p":0.92,"u":"4,60 €/KG","img":"https://fd1-photos.leclercdrive.fr/image.ashx?id=2821875&use=l&cat=p&typeid=i","cat":325066},{"id":19347,"n":"Allume-feu Silex liquide 1L","p":4.15,"u":"4,15 €/L","img":"https://fd1-photos.leclercdrive.fr/image.ashx?id=2779193&use=l&cat=p&typeid=i","cat":300578},{"id":19353,"n":"Mao Croqui Haribo Sachet bonbons - 250g","p":1.38,"u":"5,52 €/KG","img":"https://fd1-photos.leclercdrive.fr/image.ashx?id=2805192&use=l&cat=p&typeid=i","cat":304250},{"id":19356,"n":"Infusion bio Jardin Bio Thym Menthe - x20 sachets - 30g","p":1.79,"u":"59,67 €/KG","img":"https://fd1-photos.leclercdrive.fr/image.ashx?id=2792654&use=l&cat=p&typeid=i","cat":293234},{"id":19364,"n":"Madeleines extra Ker Cadélac Coquilles moelleuses x24 - 600g","p":3.15,"u":"5,25 €/KG","img":"https://fd1-photos.leclercdrive.fr/image.ashx?id=2939511&use=l&cat=p&typeid=i","cat":284492},{"id":19366,"n":"Barres céréales Grany Chocolat - 125g","p":1.89,"u":"15,12 €/KG","img":"https://fd1-photos.leclercdrive.fr/image.ashx?id=2773613&use=l&cat=p&typeid=i","cat":285869},{"id":19367,"n":"Chocolat au lait Alter Eco  fondant Bio - 100g","p":2.84,"u":"28,40 €/KG","img":"https://fd1-photos.leclercdrive.fr/image.ashx?id=2912353&use=l&cat=p&typeid=i","cat":284497},{"id":19386,"n":"Méli mélo céréales lég Tipiak 330g","p":2.24,"u":"6,79 €/KG","img":"https://fd1-photos.leclercdrive.fr/image.ashx?id=2563715&use=l&cat=p&typeid=i","cat":284429},{"id":19393,"n":"Café moulu Eco+ Décaféiné - 250g","p":2.63,"u":"10,52 €/KG","img":"https://fd1-photos.leclercdrive.fr/image.ashx?id=2124585&use=l&cat=p&typeid=i","cat":284750},{"id":19408,"n":"Soupe Velouté Bio Village Bio Légumes verts - 1L","p":2.42,"u":"2,42 €/L","img":"https://fd1-photos.leclercdrive.fr/image.ashx?id=2352237&use=l&cat=p&typeid=i","cat":284462},{"id":19411,"n":"Compote Allégée en sucres Eco+ Coupelle pomme - 4x100g","p":0.55,"u":"1,38 €/KG","img":"https://fd1-photos.leclercdrive.fr/image.ashx?id=1961398&use=l&cat=p&typeid=i","cat":284508},{"id":19416,"n":"Dessert fruitier Andros Pomme allégé 730g","p":1.27,"u":"1,74 €/KG","img":"https://fd1-photos.leclercdrive.fr/image.ashx?id=2369930&use=l&cat=p&typeid=i","cat":284508},{"id":19417,"n":"Miel gelée royale Lune Miel 250g","p":6.08,"u":"24,32 €/KG","img":"https://fd1-photos.leclercdrive.fr/image.ashx?id=2607650&use=l&cat=p&typeid=i","cat":287643},{"id":19418,"n":"Pâtes serpentini Turini 500g","p":0.84,"u":"1,68 €/KG","img":"https://fd1-photos.leclercdrive.fr/image.ashx?id=2744231&use=l&cat=p&typeid=i","cat":284427},{"id":19420,"n":"Pâtes Torsades Turini Nature tomate épinard - 500g","p":1.09,"u":"2,18 €/KG","img":"https://fd1-photos.leclercdrive.fr/image.ashx?id=2607485&use=l&cat=p&typeid=i","cat":284427},{"id":19424,"n":"Spaghetti Turini Au blé complet - 500g","p":0.95,"u":"1,90 €/KG","img":"https://fd1-photos.leclercdrive.fr/image.ashx?id=2607497&use=l&cat=p&typeid=i","cat":284427},{"id":19426,"n":"Gâteaux L'Ourson Lulu LU Chocolat - 150g","p":1.31,"u":"8,73 €/KG","img":"https://fd1-photos.leclercdrive.fr/image.ashx?id=3014425&use=l&cat=p&typeid=i","cat":284495},{"id":19427,"n":"Pâtes penne Turini Blé complet - 500g","p":1.0,"u":"2,00 €/KG","img":"https://fd1-photos.leclercdrive.fr/image.ashx?id=2607500&use=l&cat=p&typeid=i","cat":284427},{"id":19433,"n":"Pain au lait Eco+ x10 - 400g","p":1.01,"u":"2,53 €/KG","img":"https://fd1-photos.leclercdrive.fr/image.ashx?id=2643578&use=l&cat=p&typeid=i","cat":293505},{"id":19435,"n":"Barres de céréales Special K Kellogg's Chocolat lait - 6x20g","p":2.17,"u":"18,08 €/KG","img":"https://fd1-photos.leclercdrive.fr/image.ashx?id=2306366&use=l&cat=p&typeid=i","cat":285869},{"id":19440,"n":"Flageolets d'aucy  Extra-fins - 530g","p":1.86,"u":"3,51 €/KG","img":"https://fd1-photos.leclercdrive.fr/image.ashx?id=2486152&use=l&cat=p&typeid=i","cat":312606},{"id":19442,"n":"Flageolets d'aucy  Extra-fins - 265g","p":1.25,"u":"4,72 €/KG","img":"https://fd1-photos.leclercdrive.fr/image.ashx?id=2503437&use=l&cat=p&typeid=i","cat":312606},{"id":19455,"n":"Confiture bio Jardin Bio Allégée framboises - 320g","p":2.94,"u":"9,19 €/KG","img":"https://fd1-photos.leclercdrive.fr/image.ashx?id=2537580&use=l&cat=p&typeid=i","cat":284480},{"id":19463,"n":"Sticks dentaires Lydog Moyen chien - x7 - 180g","p":1.39,"u":"7,72 €/KG","img":"https://fd1-photos.leclercdrive.fr/image.ashx?id=1878598&use=l&cat=p&typeid=i","cat":294527},{"id":19471,"n":"Mélange Le Sélect Vico Graines variées - 100g","p":2.23,"u":"22,30 €/KG","img":"https://fd1-photos.leclercdrive.fr/image.ashx?id=2569839&use=l&cat=p&typeid=i","cat":284448},{"id":19472,"n":"Fruits au sirop Del Monte Ananas en tranches - 350g","p":2.33,"u":"6,66 €/KG","img":"https://fd1-photos.leclercdrive.fr/image.ashx?id=2802326&use=l&cat=p&typeid=i","cat":284507},{"id":19473,"n":"Assiettes rondes Homeside Biodégradables 23cm x25","p":2.99,"img":"https://fd1-photos.leclercdrive.fr/image.ashx?id=1659687&use=l&cat=p&typeid=i","cat":334134},{"id":19487,"n":"Cassoulet Toulousain   Raynal Et Roquelaure - 840g","p":4.46,"u":"5,31 €/KG","img":"https://fd1-photos.leclercdrive.fr/image.ashx?id=2928387&use=l&cat=p&typeid=i","cat":284440},{"id":19491,"n":"Couscous tunisien Côté Table Kefta merguez - 300g","p":2.19,"u":"7,30 €/KG","img":"https://fd1-photos.leclercdrive.fr/image.ashx?id=2900097&use=l&cat=p&typeid=i","cat":284953},{"id":19493,"n":"Colin d'alaska Côté Table Barquette micro-ondable 300g","p":1.99,"u":"6,63 €/KG","img":"https://fd1-photos.leclercdrive.fr/image.ashx?id=2770311&use=l&cat=p&typeid=i","cat":284953},{"id":19496,"n":"Saumon et riz individuel William Saurin - 300g","p":3.41,"u":"11,37 €/KG","img":"https://fd1-photos.leclercdrive.fr/image.ashx?id=2906283&use=l&cat=p&typeid=i","cat":284953},{"id":19505,"n":"Olives vertes Crespo Dénoyautées 160g","p":1.98,"u":"12,38 €/KG","img":"https://fd1-photos.leclercdrive.fr/image.ashx?id=2616895&use=l&cat=p&typeid=i","cat":284458},{"id":19518,"n":"Cahier de Brouillon Eco+ 96 pages","p":0.49,"img":"https://fd1-photos.leclercdrive.fr/image.ashx?id=2943133&use=l&cat=p&typeid=i","cat":284697},{"id":19535,"n":"Stick lèvres Inell Nourrissant - 2 pièces","p":1.99,"u":"1,00 €/P","img":"https://fd1-photos.leclercdrive.fr/image.ashx?id=2841622&use=l&cat=p&typeid=i","cat":285485},{"id":19542,"n":"Filets de saumon rose Findus Pacifique - MSC - x4 - 400g","p":11.34,"u":"28,35 €/KG","img":"https://fd1-photos.leclercdrive.fr/image.ashx?id=2735326&use=l&cat=p&typeid=i","cat":319786},{"id":19575,"n":"Lait démaquillant Inell Douceur 250ml","p":1.59,"u":"6,36 €/L","img":"https://fd1-photos.leclercdrive.fr/image.ashx?id=2691622&use=l&cat=p&typeid=i","cat":284603},{"id":19601,"n":"Gâteaux marbrés P'tit Déli x14 378g","p":2.97,"u":"7,86 €/KG","img":"https://fd1-photos.leclercdrive.fr/image.ashx?id=1947363&use=l&cat=p&typeid=i","cat":284495},{"id":19604,"n":"Gâteaux P'tit Déli A base de yaourt x7 - 189g","p":1.87,"u":"9,89 €/KG","img":"https://fd1-photos.leclercdrive.fr/image.ashx?id=2059086&use=l&cat=p&typeid=i","cat":294776},{"id":19609,"n":"Tuiles Tokapi Fromage - 170g","p":1.39,"u":"8,18 €/KG","img":"https://fd1-photos.leclercdrive.fr/image.ashx?id=2647426&use=l&cat=p&typeid=i","cat":287899},{"id":19611,"n":"Soupe Velouté Régal Soupe Tomates - 2x30cl","p":1.45,"u":"2,42 €/L","img":"https://fd1-photos.leclercdrive.fr/image.ashx?id=2819271&use=l&cat=p&typeid=i","cat":284462},{"id":19617,"n":"Soupe Boeuf tomates Régal Soupe Vermicelles - 54g","p":0.99,"u":"18,33 €/KG","img":"https://fd1-photos.leclercdrive.fr/image.ashx?id=2663278&use=l&cat=p&typeid=i","cat":284463},{"id":19622,"n":"Soupe Minestrone Régal Soupe Déshydratée - 104g","p":0.68,"u":"6,54 €/KG","img":"https://fd1-photos.leclercdrive.fr/image.ashx?id=2663275&use=l&cat=p&typeid=i","cat":284463},{"id":19639,"n":"Bougies chauffe plats Eco+ Blanches - x100","p":3.34,"u":"0,03 €/P","img":"https://fd1-photos.leclercdrive.fr/image.ashx?id=2635544&use=l&cat=p&typeid=i","cat":335913},{"id":19643,"n":"Muesli Floconneux Bio Village Fruits secs Bio - 500g","p":2.13,"u":"4,26 €/KG","img":"https://fd1-photos.leclercdrive.fr/image.ashx?id=2949224&use=l&cat=p&typeid=i","cat":309512},{"id":19644,"n":"Assiettes rondes Homeside Dessert Biodégradables 18cm x25","p":2.23,"img":"https://fd1-photos.leclercdrive.fr/image.ashx?id=1659684&use=l&cat=p&typeid=i","cat":334134},{"id":19684,"n":"tofu nature bio bjorg  - 2x200g","p":2.75,"u":"6,88 €/KG","img":"https://fd1-photos.leclercdrive.fr/image.ashx?id=2907979&use=l&cat=p&typeid=i","cat":284953},{"id":19699,"n":"Sucre pure canne blond Beghin Say - 1kg","p":3.04,"u":"3,04 €/KG","img":"https://fd1-photos.leclercdrive.fr/image.ashx?id=2977321&use=l&cat=p&typeid=i","cat":284502},{"id":19701,"n":"Salade Piémontaise Petit Navire Au thon - 220g","p":1.98,"u":"9,00 €/KG","img":"https://fd1-photos.leclercdrive.fr/image.ashx?id=2829655&use=l&cat=p&typeid=i","cat":284437},{"id":19702,"n":"Sucre en poudre Béghin Say 750g","p":1.77,"u":"2,36 €/KG","img":"https://fd1-photos.leclercdrive.fr/image.ashx?id=2866352&use=l&cat=p&typeid=i","cat":284502},{"id":19704,"n":"Sardines NRT St-Gilles Label Rouge à l'huile - 115g","p":2.25,"u":"19,57 €/KG","img":"https://fd1-photos.leclercdrive.fr/image.ashx?id=2791090&use=l&cat=p&typeid=i","cat":305146},{"id":19719,"n":"Yaourts Lait entier Bio Village Bio Vanille - 4x125g","p":1.25,"u":"2,50 €/KG","img":"https://fd1-photos.leclercdrive.fr/image.ashx?id=2702336&use=l&cat=p&typeid=i","cat":286006},{"id":19723,"n":"Sacs congélation zip Elembal Grand x15","p":1.8,"u":"0,12 €/P","img":"https://fd1-photos.leclercdrive.fr/image.ashx?id=2751889&use=l&cat=p&typeid=i","cat":334134},{"id":19729,"n":"Biscuit P'tit Déli Palmiers Chocolat au lait 110g","p":1.25,"u":"11,36 €/KG","img":"https://fd1-photos.leclercdrive.fr/image.ashx?id=2573403&use=l&cat=p&typeid=i","cat":284488},{"id":19732,"n":"Les p'tites spirales P'tit Déli Chocolat  x6 - 150g","p":1.35,"u":"9,00 €/KG","img":"https://fd1-photos.leclercdrive.fr/image.ashx?id=2660422&use=l&cat=p&typeid=i","cat":284495},{"id":19743,"n":"Déodorant atomiseur Carré Homme Musc 200ml","p":1.35,"u":"6,75 €/L","img":"https://fd1-photos.leclercdrive.fr/image.ashx?id=2375998&use=l&cat=p&typeid=i","cat":284618},{"id":19744,"n":"Déodorant atomiseur Carré Homme Marine 200ml","p":1.35,"u":"6,75 €/L","img":"https://fd1-photos.leclercdrive.fr/image.ashx?id=2390707&use=l&cat=p&typeid=i","cat":284618},{"id":19750,"n":"Cotons Duo Démaquillants Inell Duo carré - Disques x50","p":1.24,"u":"0,02 €/P","img":"https://fd1-photos.leclercdrive.fr/image.ashx?id=1709937&use=l&cat=p&typeid=i","cat":285593},{"id":19758,"n":"Essuie-tout Bobine Uni Vert Compact - 500 feuilles x1","p":4.5,"img":"https://fd1-photos.leclercdrive.fr/image.ashx?id=2684826&use=l&cat=p&typeid=i","cat":284635},{"id":19788,"n":"Stick lèvres Inell Hydratant - 2 pièces","p":1.5,"u":"0,75 €/P","img":"https://fd1-photos.leclercdrive.fr/image.ashx?id=2776042&use=l&cat=p&typeid=i","cat":285485},{"id":19796,"n":"Papier aluminium Elembal 30m","p":2.75,"img":"https://fd1-photos.leclercdrive.fr/image.ashx?id=2940905&use=l&cat=p&typeid=i","cat":334134},{"id":19798,"n":"Dissolvant doux Inell Sans acétone - 150ml","p":1.42,"u":"9,47 €/L","img":"https://fd1-photos.leclercdrive.fr/image.ashx?id=2691640&use=l&cat=p&typeid=i","cat":325347},{"id":19814,"n":"Piles alcalines Foxter AA/LR6 1,5V - x8","p":1.69,"u":"0,21 €/P","img":"https://fd1-photos.leclercdrive.fr/image.ashx?id=2162174&use=l&cat=p&typeid=i","cat":300572},{"id":19815,"n":"Piles alcalines Foxter AAA/LR3 1,5V - x8","p":1.69,"img":"https://fd1-photos.leclercdrive.fr/image.ashx?id=2162153&use=l&cat=p&typeid=i","cat":300572},{"id":19834,"n":"Pastis Henri Bardouin 45%vol - 70cl","p":21.9,"pp":20.9,"u":"29,86 €/L","img":"https://fd1-photos.leclercdrive.fr/image.ashx?id=2985225&use=l&cat=p&typeid=i","cat":284548},{"id":19856,"n":"Pâtes Barilla Coquillettes - 1kg","p":1.87,"u":"1,87 €/KG","img":"https://fd1-photos.leclercdrive.fr/image.ashx?id=2392230&use=l&cat=p&typeid=i","cat":284427},{"id":19877,"n":"Mozzarella Spécial Cuisine Les Croisés - 400g","p":2.94,"u":"7,35 €/KG","img":"https://fd1-photos.leclercdrive.fr/image.ashx?id=2992531&use=l&cat=p&typeid=i","cat":314026},{"id":19881,"n":"Dés Salakis herbes de Provence Fromage brebis - 300g","p":3.34,"u":"11,13 €/KG","img":"https://fd1-photos.leclercdrive.fr/image.ashx?id=2729686&use=l&cat=p&typeid=i","cat":314026},{"id":19906,"n":"Yaourts brassés aux fruits Bio Bio village - 12x125g","p":4.49,"u":"2,99 €/KG","img":"https://fd1-photos.leclercdrive.fr/image.ashx?id=2841971&use=l&cat=p&typeid=i","cat":284410},{"id":19909,"n":"Yaourts Lait entier Bio Village Bio Vanille - 12x125g","p":3.27,"u":"2,18 €/KG","img":"https://fd1-photos.leclercdrive.fr/image.ashx?id=2032376&use=l&cat=p&typeid=i","cat":286006},{"id":19913,"n":"Mousse liégeoise Viennois  Chocolat - 4x90g","p":1.69,"u":"4,69 €/KG","img":"https://fd1-photos.leclercdrive.fr/image.ashx?id=2785172&use=l&cat=p&typeid=i","cat":285042},{"id":19924,"n":"Dessert fruitier pomme Bio Bio village - 4x100g","p":1.73,"u":"4,33 €/KG","img":"https://fd1-photos.leclercdrive.fr/image.ashx?id=2462427&use=l&cat=p&typeid=i","cat":284416},{"id":19941,"n":"Pur jus d'orange Jafaden Avec pulpe - 1L","p":2.45,"u":"2,45 €/L","img":"https://fd1-photos.leclercdrive.fr/image.ashx?id=2395258&use=l&cat=p&typeid=i","cat":285435},{"id":19957,"n":"Purée brocolis Notre Jardin Nature 750g","p":1.69,"u":"2,25 €/KG","img":"https://fd1-photos.leclercdrive.fr/image.ashx?id=2856163&use=l&cat=p&typeid=i","cat":319805},{"id":19960,"n":"Purée carottes Notre Jardin Nature 750g","p":2.43,"u":"3,24 €/KG","img":"https://fd1-photos.leclercdrive.fr/image.ashx?id=2856166&use=l&cat=p&typeid=i","cat":319805},{"id":19991,"n":"Fromage frais Délisse Fruits panachés - 6x100g","p":2.56,"u":"4,27 €/KG","img":"https://fd1-photos.leclercdrive.fr/image.ashx?id=2913669&use=l&cat=p&typeid=i","cat":284414},{"id":20008,"n":"Compote Andros Pomme nature - 12x100g","p":3.15,"u":"2,63 €/KG","img":"https://fd1-photos.leclercdrive.fr/image.ashx?id=2989114&use=l&cat=p&typeid=i","cat":284416},{"id":20010,"n":"Yaourts lait entier nature Bio  Bio village - 12x125g","p":2.46,"u":"1,64 €/KG","img":"https://fd1-photos.leclercdrive.fr/image.ashx?id=2102992&use=l&cat=p&typeid=i","cat":284409},{"id":20013,"n":"Compote Charles & Alice Pommes Abricots - 4x100g","p":1.44,"u":"3,60 €/KG","img":"https://fd1-photos.leclercdrive.fr/image.ashx?id=2757350&use=l&cat=p&typeid=i","cat":284416},{"id":20015,"n":"Compote Charles & Alice Pommes Pêches - 4x100g","p":1.64,"u":"4,10 €/KG","img":"https://fd1-photos.leclercdrive.fr/image.ashx?id=2757680&use=l&cat=p&typeid=i","cat":284416},{"id":20016,"n":"Rondelle confiturier Le Parfait Universelle 85mns x10","p":2.58,"u":"0,26 €/P","img":"https://fd1-photos.leclercdrive.fr/image.ashx?id=2807492&use=l&cat=p&typeid=i","cat":284710},{"id":20032,"n":"Whisky Jack Daniel's Old N°7 1L","p":28.5,"pp":25.65,"u":"25,65 €/L","img":"https://fd1-photos.leclercdrive.fr/image.ashx?id=2805189&use=l&cat=p&typeid=i","cat":284547},{"id":20038,"n":"Crème aux œufs La Laitière lit de caramel - 4x100g","p":1.89,"u":"4,73 €/KG","img":"https://fd1-photos.leclercdrive.fr/image.ashx?id=2744593&use=l&cat=p&typeid=i","cat":284419},{"id":20042,"n":"Bière blonde Leffe Rituel 9% - 75cl","p":2.95,"u":"3,93 €/L","img":"https://fd1-photos.leclercdrive.fr/image.ashx?id=1890052&use=l&cat=p&typeid=i","cat":334852},{"id":20044,"n":"Bière Leffe Ruby 5% - 75cl","p":2.98,"u":"3,97 €/L","img":"https://fd1-photos.leclercdrive.fr/image.ashx?id=1589629&use=l&cat=p&typeid=i","cat":334878},{"id":20050,"n":"Bière belge Duvel 8,5%vol. - 33cl","p":1.71,"u":"5,18 €/L","img":"https://fd1-photos.leclercdrive.fr/image.ashx?id=2389304&use=l&cat=p&typeid=i","cat":334872},{"id":20052,"n":"Spiritueux Kirsch Sylvain 18%vol sous blister 20cl","p":2.35,"u":"11,75 €/L","img":"https://fd1-photos.leclercdrive.fr/image.ashx?id=2962239&use=l&cat=p&typeid=i","cat":286032},{"id":20075,"n":"Corned beef Hereford 340g","p":3.39,"u":"9,97 €/KG","img":"https://fd1-photos.leclercdrive.fr/image.ashx?id=2896946&use=l&cat=p&typeid=i","cat":305149},{"id":20085,"n":"Bière bleue Chimay Brune - 9%vol. - 33cl","p":1.87,"u":"5,67 €/L","img":"https://fd1-photos.leclercdrive.fr/image.ashx?id=1758849&use=l&cat=p&typeid=i","cat":334872},{"id":20099,"n":"Boules Démanquillantes Inell x100","p":1.4,"u":"0,01 €/P","img":"https://fd1-photos.leclercdrive.fr/image.ashx?id=2558802&use=l&cat=p&typeid=i","cat":285593},{"id":20138,"n":"Chips Pom'Lisse Nature - 200g","p":1.19,"u":"5,95 €/KG","img":"https://fd1-photos.leclercdrive.fr/image.ashx?id=2710783&use=l&cat=p&typeid=i","cat":284447},{"id":20172,"n":"Petits pots bébé P'TIT SOUPER Aubergine pâtes 8M+ - 2x200g","p":2.06,"u":"5,15 €/KG","img":"https://fd1-photos.leclercdrive.fr/image.ashx?id=2526511&use=l&cat=p&typeid=i","cat":312239},{"id":20175,"n":"Petits pots bébé P'TIT SOUPER  7 légumes 8M+ - 2x200g","p":1.67,"u":"4,18 €/KG","img":"https://fd1-photos.leclercdrive.fr/image.ashx?id=2526508&use=l&cat=p&typeid=i","cat":312239},{"id":20180,"n":"Crème Fraîche Elle&Vire Epaisse Légère - 12% MG - 33cl","p":1.62,"u":"4,91 €/L","img":"https://fd1-photos.leclercdrive.fr/image.ashx?id=2871949&use=l&cat=p&typeid=i","cat":284381},{"id":20183,"n":"Emmental français Entremont 45%mg - 250g","p":2.83,"u":"11,32 €/KG","img":"https://fd1-photos.leclercdrive.fr/image.ashx?id=2983138&use=l&cat=p&typeid=i","cat":314034},{"id":20218,"n":"Mozzarella vache Casa Azzurra Boule - 125g","p":1.0,"u":"8,00 €/KG","img":"https://fd1-photos.leclercdrive.fr/image.ashx?id=2904302&use=l&cat=p&typeid=i","cat":314026},{"id":20221,"n":"Mascarpone Casa Azzurra 250g","p":1.99,"u":"7,96 €/KG","img":"https://fd1-photos.leclercdrive.fr/image.ashx?id=2290266&use=l&cat=p&typeid=i","cat":314026},{"id":20222,"n":"Ricotta Casa Azzurra 250g","p":1.59,"u":"6,36 €/KG","img":"https://fd1-photos.leclercdrive.fr/image.ashx?id=1849630&use=l&cat=p&typeid=i","cat":314026},{"id":20239,"n":"Gâteaux fourrés P'tit Déli Chocolat x7 - 189g","p":2.18,"u":"11,53 €/KG","img":"https://fd1-photos.leclercdrive.fr/image.ashx?id=2554517&use=l&cat=p&typeid=i","cat":284495},{"id":20244,"n":"Compotes Pom'Potes Gourdes BIO  Pomme Nature - 12x90g","p":6.15,"u":"5,69 €/KG","img":"https://fd1-photos.leclercdrive.fr/image.ashx?id=2901608&use=l&cat=p&typeid=i","cat":284508},{"id":20258,"n":"Biscuit bio Céréal Bio  Chocolat Noir intense - 132g","p":1.55,"u":"11,74 €/KG","img":"https://fd1-photos.leclercdrive.fr/image.ashx?id=2574278&use=l&cat=p&typeid=i","cat":284487},{"id":20267,"n":"Compote bio Bio Village Coupelle pomme poire - 4x100g","p":2.29,"u":"5,73 €/KG","img":"https://fd1-photos.leclercdrive.fr/image.ashx?id=2442710&use=l&cat=p&typeid=i","cat":284508},{"id":20288,"n":"Soufflés Snack's Tokapi Cacahuète - 55g","p":0.39,"u":"7,09 €/KG","img":"https://fd1-photos.leclercdrive.fr/image.ashx?id=2844517&use=l&cat=p&typeid=i","cat":284449},{"id":20299,"n":"AOC Saint Mont rouge  Marquis de Seillan - 75cl","p":4.99,"pp":3.29,"u":"4,39 €/L","img":"https://fd1-photos.leclercdrive.fr/image.ashx?id=2753982&use=l&cat=p&typeid=i","cat":289556},{"id":20300,"n":"Tarte Tomates Chèvre Courgette Côté Table - 400g","p":2.8,"u":"7,00 €/KG","img":"https://fd1-photos.leclercdrive.fr/image.ashx?id=2791767&use=l&cat=p&typeid=i","cat":284257},{"id":20307,"n":"Crème glacée Bio Bio Village Vanille - Bac 450g","p":2.86,"u":"6,36 €/KG","img":"https://fd1-photos.leclercdrive.fr/image.ashx?id=2902570&use=l&cat=p&typeid=i","cat":284263},{"id":20380,"n":"Jambon cru 6 tranches Aoste sans conservateur - 165g","p":4.65,"u":"28,18 €/KG","img":"https://fd1-photos.leclercdrive.fr/image.ashx?id=2950285&use=l&cat=p&typeid=i","cat":316007},{"id":20397,"n":"Tagliatelles Weight Watchers Poulet champignons 300g","p":3.41,"u":"11,37 €/KG","img":"https://fd1-photos.leclercdrive.fr/image.ashx?id=2960759&use=l&cat=p&typeid=i","cat":333665},{"id":20413,"n":"Petites gambas fettucine Marie Au pesto tomates confites 280g","p":3.23,"u":"11,54 €/KG","img":"https://fd1-photos.leclercdrive.fr/image.ashx?id=2921537&use=l&cat=p&typeid=i","cat":333665},{"id":20447,"n":"Chips Pom'lisse Nature - 350g","p":1.89,"u":"5,40 €/KG","img":"https://fd1-photos.leclercdrive.fr/image.ashx?id=2710786&use=l&cat=p&typeid=i","cat":284447},{"id":20452,"n":"Paëlla Valenciana Fleury Michon 400g","p":3.59,"u":"8,98 €/KG","img":"https://fd1-photos.leclercdrive.fr/image.ashx?id=2656739&use=l&cat=p&typeid=i","cat":333665},{"id":20484,"n":"AOP Cabernet d'Anjou rosé Plessis-Duval - 75cl","p":4.59,"u":"6,12 €/L","img":"https://fd1-photos.leclercdrive.fr/image.ashx?id=2941035&use=l&cat=p&typeid=i","cat":289558},{"id":20488,"n":"Crème de cassis de Dijon Guyot 15%vol. - 70cl","p":5.96,"u":"8,51 €/L","img":"https://fd1-photos.leclercdrive.fr/image.ashx?id=1727598&use=l&cat=p&typeid=i","cat":286032},{"id":20495,"n":"Boisson Jafaden Cranberry Light - 1L","p":1.59,"u":"1,59 €/L","img":"https://fd1-photos.leclercdrive.fr/image.ashx?id=2584014&use=l&cat=p&typeid=i","cat":284915},{"id":20501,"n":"Yaourts aux fruits Délisse Fruits Jaunes - 8x125g","p":2.29,"u":"2,29 €/KG","img":"https://fd1-photos.leclercdrive.fr/image.ashx?id=2533319&use=l&cat=p&typeid=i","cat":284410},{"id":20545,"n":"Haricots verts Bio Bio Village 600g","p":1.46,"u":"2,43 €/KG","img":"https://fd1-photos.leclercdrive.fr/image.ashx?id=2891812&use=l&cat=p&typeid=i","cat":319805},{"id":20554,"n":"Sardines Pêche Océan Huile de tournesol - 3x135g","p":2.95,"u":"7,28 €/KG","img":"https://fd1-photos.leclercdrive.fr/image.ashx?id=2692955&use=l&cat=p&typeid=i","cat":305146},{"id":20603,"n":"Sauce à l'Echalote Rustica Déshydratée 33g","p":0.68,"u":"20,61 €/KG","img":"https://fd1-photos.leclercdrive.fr/image.ashx?id=2188835&use=l&cat=p&typeid=i","cat":288381},{"id":20612,"n":"Thon Pêche Océan A la catalane - 2x135g","p":1.87,"u":"6,93 €/KG","img":"https://fd1-photos.leclercdrive.fr/image.ashx?id=2941432&use=l&cat=p&typeid=i","cat":303867},{"id":20614,"n":"Pâtes Spaghetti court Lustucru 4x250g","p":3.17,"u":"3,17 €/KG","img":"https://fd1-photos.leclercdrive.fr/image.ashx?id=2023170&use=l&cat=p&typeid=i","cat":284427},{"id":20616,"n":"Coquillettes Lustucru Oeufs frais - 4x250g","p":3.76,"u":"3,76 €/KG","img":"https://fd1-photos.leclercdrive.fr/image.ashx?id=2341065&use=l&cat=p&typeid=i","cat":284427},{"id":20628,"n":"Merguez Férial x12 - 660g","p":7.99,"u":"12,11 €/KG","img":"https://fd1-photos.leclercdrive.fr/image.ashx?id=2852285&use=l&cat=p&typeid=i","cat":284334},{"id":20634,"n":"Lait céréales Blédidej 6 mois Vanille - 4x250ml","p":3.34,"u":"3,34 €/L","img":"https://fd1-photos.leclercdrive.fr/image.ashx?id=2921046&use=l&cat=p&typeid=i","cat":312226},{"id":20635,"n":"Litière agglomérante Catsan  Pour chat - 5L","p":6.19,"u":"1,24 €/L","img":"https://fd1-photos.leclercdrive.fr/image.ashx?id=2681925&use=l&cat=p&typeid=i","cat":284683},{"id":20642,"n":"Gants de ménage Mamison Taille L - x1 paire","p":1.01,"img":"https://fd1-photos.leclercdrive.fr/image.ashx?id=2635682&use=l&cat=p&typeid=i","cat":284668},{"id":20646,"n":"Filtre à thé Britley x30","p":1.64,"u":"0,05 €/P","img":"https://fd1-photos.leclercdrive.fr/image.ashx?id=2755058&use=l&cat=p&typeid=i","cat":293233},{"id":20648,"n":"Maquereaux Pêche Océan Moutarde à l'ancienne - 169g","p":1.66,"u":"9,82 €/KG","img":"https://fd1-photos.leclercdrive.fr/image.ashx?id=2515676&use=l&cat=p&typeid=i","cat":303868},{"id":20653,"n":"Lait démaquillant Inell Peaux normales et mixtes 250ml","p":1.89,"u":"7,56 €/L","img":"https://fd1-photos.leclercdrive.fr/image.ashx?id=2691619&use=l&cat=p&typeid=i","cat":284603},{"id":20665,"n":"Saucisson sec Bio Village bio 200g","p":4.49,"u":"22,45 €/KG","img":"https://fd1-photos.leclercdrive.fr/image.ashx?id=2330511&use=l&cat=p&typeid=i","cat":316006},{"id":20683,"n":"Pommes duchesse Pom'lisse 750g","p":1.33,"u":"1,77 €/KG","img":"https://fd1-photos.leclercdrive.fr/image.ashx?id=2851577&use=l&cat=p&typeid=i","cat":319792},{"id":20685,"n":"Purée 4 légumes Notre Jardin 750g","p":2.24,"u":"2,99 €/KG","img":"https://fd1-photos.leclercdrive.fr/image.ashx?id=2389518&use=l&cat=p&typeid=i","cat":319805},{"id":20692,"n":"Filet de saumon Fleury Michon purée de brocolis - 300g","p":3.89,"u":"12,97 €/KG","img":"https://fd1-photos.leclercdrive.fr/image.ashx?id=3003278&use=l&cat=p&typeid=i","cat":333665},{"id":20700,"n":"Macaroni sauce tomate Marie Boulettes de viande 280g","p":2.84,"u":"10,14 €/KG","img":"https://fd1-photos.leclercdrive.fr/image.ashx?id=2980968&use=l&cat=p&typeid=i","cat":333665},{"id":20715,"n":"Betterave rouge Bio  Bio Village - 500g","p":1.25,"u":"2,50 €/KG","img":"https://fd1-photos.leclercdrive.fr/image.ashx?id=2888428&use=l&cat=p&typeid=i","cat":284352},{"id":20717,"n":"Sirop Frucci Cassis - 1L","p":3.11,"u":"3,11 €/L","img":"https://fd1-photos.leclercdrive.fr/image.ashx?id=2954079&use=l&cat=p&typeid=i","cat":295020},{"id":20724,"n":"Cheeseburger Charal 6x140g - 840g","p":8.95,"u":"10,65 €/KG","img":"https://fd1-photos.leclercdrive.fr/image.ashx?id=2741952&use=l&cat=p&typeid=i","cat":319822},{"id":20726,"n":"Yaourts Malo Nature Bio - 4x125g","p":1.86,"u":"3,72 €/KG","img":"https://fd1-photos.leclercdrive.fr/image.ashx?id=2908630&use=l&cat=p&typeid=i","cat":284409},{"id":20744,"n":"Philadelphia Nature - 150g","p":1.73,"u":"11,53 €/KG","img":"https://fd1-photos.leclercdrive.fr/image.ashx?id=1586142&use=l&cat=p&typeid=i","cat":314029},{"id":20753,"n":"Mouchoirs The Original Kleenex® Etuis mini x24","p":2.98,"u":"0,12 €/P","img":"https://fd1-photos.leclercdrive.fr/image.ashx?id=2840301&use=l&cat=p&typeid=i","cat":284638},{"id":20758,"n":"Riz cantonais Tables du Monde 900g","p":3.99,"u":"4,43 €/KG","img":"https://fd1-photos.leclercdrive.fr/image.ashx?id=2903953&use=l&cat=p&typeid=i","cat":284254},{"id":20760,"n":"Légumes vapeurs Notre Jardin 2x200g","p":2.47,"u":"6,18 €/KG","img":"https://fd1-photos.leclercdrive.fr/image.ashx?id=2900106&use=l&cat=p&typeid=i","cat":319805},{"id":20762,"n":"Légumes vapeurs Notre Jardin Méditerranéens 2x200g","p":1.8,"u":"4,50 €/KG","img":"https://fd1-photos.leclercdrive.fr/image.ashx?id=2916689&use=l&cat=p&typeid=i","cat":319805},{"id":20775,"n":"Carottes râpées Menu Fraîcheur  1kg","p":1.98,"u":"1,98 €/KG","img":"https://fd1-photos.leclercdrive.fr/image.ashx?id=2850814&use=l&cat=p&typeid=i","cat":333657},{"id":20811,"n":"Couronne de crevettes Delpierre ASC Sauce cocktail - 130g","p":5.29,"u":"40,69 €/KG","img":"https://fd1-photos.leclercdrive.fr/image.ashx?id=2958851&use=l&cat=p&typeid=i","cat":327284},{"id":20818,"n":"Tomate cocktail en grappe Panier du Primeur - 500g","p":2.49,"u":"4,98 €/KG","img":"https://fd1-photos.leclercdrive.fr/image.ashx?id=2649897&use=l&cat=p&typeid=i","cat":284352},{"id":20828,"n":"AOP Côtes de Bourg rouge Château du Bousquet - 75cl","p":7.2,"u":"9,60 €/L","img":"https://fd1-photos.leclercdrive.fr/image.ashx?id=2313942&use=l&cat=p&typeid=i","cat":289556},{"id":20840,"n":"Yaourts Mamie Nova Panaché de fruits - 6x150g","p":3.46,"u":"3,84 €/KG","img":"https://fd1-photos.leclercdrive.fr/image.ashx?id=2886954&use=l&cat=p&typeid=i","cat":284410},{"id":20862,"n":"Sauce Provençale Turini 190g","p":0.58,"u":"3,05 €/KG","img":"https://fd1-photos.leclercdrive.fr/image.ashx?id=2386152&use=l&cat=p&typeid=i","cat":287599},{"id":20874,"n":"Déjeunettes 500g","p":1.44,"u":"2,88 €/KG","img":"https://fd1-photos.leclercdrive.fr/image.ashx?id=2062948&use=l&cat=p&typeid=i","cat":284359},{"id":20882,"n":"Colin pané Alaska Cité Marine MSC - 200g","p":2.35,"u":"11,75 €/KG","img":"https://fd1-photos.leclercdrive.fr/image.ashx?id=2844142&use=l&cat=p&typeid=i","cat":284344},{"id":20951,"n":"Bière blonde Kronenbourg 4,2° - 40x25cl","p":20.49,"u":"2,05 €/L","img":"https://fd1-photos.leclercdrive.fr/image.ashx?id=2984853&use=l&cat=p&typeid=i","cat":334873},{"id":20982,"n":"Chipolatas Bigard Label Rouge x6 - 330g","p":5.0,"u":"15,15 €/KG","img":"https://fd1-photos.leclercdrive.fr/image.ashx?id=2008712&use=l&cat=p&typeid=i","cat":284334},{"id":20986,"n":"Sauce Napolitaine Turini 190g","p":0.85,"u":"4,47 €/KG","img":"https://fd1-photos.leclercdrive.fr/image.ashx?id=2552430&use=l&cat=p&typeid=i","cat":287599},{"id":20987,"n":"Liqueur Litchi Soho 15%vol. - 70cl","p":8.49,"u":"12,13 €/L","img":"https://fd1-photos.leclercdrive.fr/image.ashx?id=2971927&use=l&cat=p&typeid=i","cat":286032},{"id":21017,"n":"Poisson Pané Findus  Colin d'Alaska - x10 - 510g","p":3.91,"u":"7,67 €/KG","img":"https://fd1-photos.leclercdrive.fr/image.ashx?id=2735332&use=l&cat=p&typeid=i","cat":319788},{"id":21040,"n":"Whisky Monkey Shoulder 40%vol - 70cl","p":24.35,"u":"34,79 €/L","img":"https://fd1-photos.leclercdrive.fr/image.ashx?id=2917528&use=l&cat=p&typeid=i","cat":284547},{"id":21077,"n":"Bière blonde La Goudale 7.2%vol. - 6x25cl","p":4.23,"u":"2,82 €/L","img":"https://fd1-photos.leclercdrive.fr/image.ashx?id=2789865&use=l&cat=p&typeid=i","cat":334852},{"id":21081,"n":"Bière blonde Rince Cochon 50cl","p":1.88,"u":"3,76 €/L","img":"https://fd1-photos.leclercdrive.fr/image.ashx?id=2021232&use=l&cat=p&typeid=i","cat":334853},{"id":21115,"n":"Lambrusco Rosato Vilaveroni 75cl","p":3.8,"u":"5,07 €/L","img":"https://fd1-photos.leclercdrive.fr/image.ashx?id=2333030&use=l&cat=p&typeid=i","cat":289558},{"id":21222,"n":"Déodorant Bille Homme Nivea Men Dry Impact 72H - 50ml","p":2.35,"u":"47,00 €/L","img":"https://fd1-photos.leclercdrive.fr/image.ashx?id=2865995&use=l&cat=p&typeid=i","cat":284618},{"id":21232,"n":"Rasoir jetable Wilkinson Xtrème 3 Sensitive - x12","p":11.69,"u":"0,97 €/P","img":"https://fd1-photos.leclercdrive.fr/image.ashx?id=2466694&use=l&cat=p&typeid=i","cat":284616},{"id":21241,"n":"Spirales Insectivor Anti-moustiques - x10","p":1.73,"u":"0,17 €/P","img":"https://fd1-photos.leclercdrive.fr/image.ashx?id=2675682&use=l&cat=p&typeid=i","cat":298368},{"id":21244,"n":"Pièges anti-fourmis Insectivor x2","p":3.34,"u":"1,67 €/P","img":"https://fd1-photos.leclercdrive.fr/image.ashx?id=2302725&use=l&cat=p&typeid=i","cat":298368},{"id":21246,"n":"Pièges Insectivor Anti-mites alimentaires - x2","p":2.76,"u":"1,38 €/P","img":"https://fd1-photos.leclercdrive.fr/image.ashx?id=2884237&use=l&cat=p&typeid=i","cat":298368},{"id":21266,"n":"Dentifrice Homéophytol Vademecum - 75ml","p":1.67,"u":"22,27 €/L","img":"https://fd1-photos.leclercdrive.fr/image.ashx?id=2499130&use=l&cat=p&typeid=i","cat":284612},{"id":21271,"n":"Crème de jour Diadermine Expert rides 3D - 50ml","p":8.3,"pp":5.48,"u":"109,60 €/L","img":"https://fd1-photos.leclercdrive.fr/image.ashx?id=2500488&use=l&cat=p&typeid=i","cat":325345},{"id":21287,"n":"Délice de poulet et dinde Isla Délice Halal  - 160g","p":2.65,"u":"16,56 €/KG","img":"https://fd1-photos.leclercdrive.fr/image.ashx?id=2833687&use=l&cat=p&typeid=i","cat":316013},{"id":21326,"n":"Tapenade olives noires NRT 90g","p":1.84,"u":"20,44 €/KG","img":"https://fd1-photos.leclercdrive.fr/image.ashx?id=2873204&use=l&cat=p&typeid=i","cat":284451},{"id":21370,"n":"Emincés pour chat Tous mes amis Viande 4x390g","p":4.21,"u":"2,70 €/KG","img":"https://fd1-photos.leclercdrive.fr/image.ashx?id=776789&use=l&cat=p&typeid=i","cat":285601},{"id":21396,"n":"Mini feuillantine P.Schmidt Comtoise - 500g","p":5.99,"u":"11,98 €/KG","img":"https://fd1-photos.leclercdrive.fr/image.ashx?id=1987995&use=l&cat=p&typeid=i","cat":333680},{"id":21495,"n":"Whisky Glen Grant 40%vol. étui - 70cl","p":19.39,"u":"27,70 €/L","img":"https://fd1-photos.leclercdrive.fr/image.ashx?id=2578654&use=l&cat=p&typeid=i","cat":284547},{"id":21521,"n":"Galettes Kauffer's Pomme de terre - 10x67g","p":3.79,"u":"5,66 €/KG","img":"https://fd1-photos.leclercdrive.fr/image.ashx?id=1988337&use=l&cat=p&typeid=i","cat":319792},{"id":21532,"n":"IGP Saucisse de Morteau Véritable 320g","p":5.59,"u":"17,47 €/KG","img":"https://fd1-photos.leclercdrive.fr/image.ashx?id=2833522&use=l&cat=p&typeid=i","cat":316012},{"id":21533,"n":"Saucisses à cuire fumée Morteau 4x110g","p":4.99,"u":"11,34 €/KG","img":"https://fd1-photos.leclercdrive.fr/image.ashx?id=2833525&use=l&cat=p&typeid=i","cat":316012},{"id":21560,"n":"Poitrine Forêt Noire Jeca Prétranchée 100g","p":2.49,"u":"24,90 €/KG","img":"https://fd1-photos.leclercdrive.fr/image.ashx?id=2567098&use=l&cat=p&typeid=i","cat":316011},{"id":21563,"n":"Fromage Trésana fines herbes Schwarzwaldmilch - 200g","p":1.43,"u":"7,15 €/KG","img":"https://fd1-photos.leclercdrive.fr/image.ashx?id=2901076&use=l&cat=p&typeid=i","cat":314029},{"id":21572,"n":"Baguette La Boulangère Viennoise fendue 340g","p":1.45,"u":"4,26 €/KG","img":"https://fd1-photos.leclercdrive.fr/image.ashx?id=2912392&use=l&cat=p&typeid=i","cat":284985},{"id":21573,"n":"Bonbons LUTTI Arlequin Original 250g","p":1.46,"u":"5,84 €/KG","img":"https://fd1-photos.leclercdrive.fr/image.ashx?id=2817422&use=l&cat=p&typeid=i","cat":304252},{"id":21580,"n":"Steak haché Isla Délice 100% boeuf Halal x10 800g","p":11.37,"u":"14,21 €/KG","img":"https://fd1-photos.leclercdrive.fr/image.ashx?id=2349233&use=l&cat=p&typeid=i","cat":319778},{"id":21584,"n":"Olives noires Crespo Dénoyautées - 170g","p":1.49,"u":"8,76 €/KG","img":"https://fd1-photos.leclercdrive.fr/image.ashx?id=2616892&use=l&cat=p&typeid=i","cat":284458},{"id":21588,"n":"Semoule Floraline 500g","p":2.04,"u":"4,08 €/KG","img":"https://fd1-photos.leclercdrive.fr/image.ashx?id=2968187&use=l&cat=p&typeid=i","cat":284429},{"id":21592,"n":"Filets de cabillaud Findus MSC - x10 - 510g","p":7.69,"u":"15,08 €/KG","img":"https://fd1-photos.leclercdrive.fr/image.ashx?id=2735329&use=l&cat=p&typeid=i","cat":319788},{"id":21606,"n":"Cornichons Maille extra fins 380g","p":3.17,"u":"8,34 €/KG","img":"https://fd1-photos.leclercdrive.fr/image.ashx?id=2945826&use=l&cat=p&typeid=i","cat":284458},{"id":21609,"n":"Cornichons Extra-Fins MAILLE 220g","p":2.23,"u":"10,14 €/KG","img":"https://fd1-photos.leclercdrive.fr/image.ashx?id=2945823&use=l&cat=p&typeid=i","cat":284458},{"id":21610,"n":"Lotion fraîcheur Inell Tonique - 250ml","p":1.53,"u":"6,12 €/L","img":"https://fd1-photos.leclercdrive.fr/image.ashx?id=2694172&use=l&cat=p&typeid=i","cat":284603},{"id":21611,"n":"Lotion douceur Inell Tonique - 250ml","p":1.53,"u":"6,12 €/L","img":"https://fd1-photos.leclercdrive.fr/image.ashx?id=2707561&use=l&cat=p&typeid=i","cat":284603},{"id":21612,"n":"Liquide vaisselle Eco+ Citron 1L","p":0.66,"u":"0,66 €/L","img":"https://fd1-photos.leclercdrive.fr/image.ashx?id=2874368&use=l&cat=p&typeid=i","cat":284655},{"id":21652,"n":"Biscuits P'tit Déli Galettes Suédoise chocolat 150g","p":2.38,"u":"15,87 €/KG","img":"https://fd1-photos.leclercdrive.fr/image.ashx?id=2968982&use=l&cat=p&typeid=i","cat":284490},{"id":21655,"n":"Boîtes chiens Lydog Mitonnées Agneau poulet veau - 3x410g","p":3.9,"u":"3,17 €/KG","img":"https://fd1-photos.leclercdrive.fr/image.ashx?id=2710488&use=l&cat=p&typeid=i","cat":288578},{"id":21656,"n":"Boîte chiens Lydog Bouchées Boeuf carottes - 1,25kg","p":2.65,"u":"2,12 €/KG","img":"https://fd1-photos.leclercdrive.fr/image.ashx?id=2710491&use=l&cat=p&typeid=i","cat":288578},{"id":21662,"n":"Boîte chiens Lydog Bouchées Poulet légumes - 1,2kg","p":1.98,"u":"1,65 €/KG","img":"https://fd1-photos.leclercdrive.fr/image.ashx?id=2548100&use=l&cat=p&typeid=i","cat":288578},{"id":21663,"n":"Bouchées au poulet foie et  aux carottes Lydog - 1.23kg","p":2.39,"u":"1,94 €/KG","img":"https://fd1-photos.leclercdrive.fr/image.ashx?id=2691225&use=l&cat=p&typeid=i","cat":288578},{"id":21676,"n":"Bûche de chèvre Ste Maure Sélection Soignon - 200g","p":2.84,"u":"14,20 €/KG","img":"https://fd1-photos.leclercdrive.fr/image.ashx?id=2799925&use=l&cat=p&typeid=i","cat":314031},{"id":21678,"n":"AOP Munster Ermitage 50%mg - 200g","p":2.99,"u":"14,95 €/KG","img":"https://fd1-photos.leclercdrive.fr/image.ashx?id=2311279&use=l&cat=p&typeid=i","cat":329558},{"id":21685,"n":"Nuggets de poulet Côté Croc x20 - 400g","p":3.0,"u":"7,50 €/KG","img":"https://fd1-photos.leclercdrive.fr/image.ashx?id=2837045&use=l&cat=p&typeid=i","cat":333684},{"id":21686,"n":"Saucisson sec Saint Azay Spécialité 200g","p":2.99,"u":"14,95 €/KG","img":"https://fd1-photos.leclercdrive.fr/image.ashx?id=2970613&use=l&cat=p&typeid=i","cat":316006},{"id":21687,"n":"Fromage Cheddar Burger Les Croisés 10 Tranches - 200g","p":1.25,"u":"6,25 €/KG","img":"https://fd1-photos.leclercdrive.fr/image.ashx?id=2946835&use=l&cat=p&typeid=i","cat":314028},{"id":21688,"n":"Fromage Emmental Croque Les Croisés 10 Tranches - 200g","p":1.19,"u":"5,95 €/KG","img":"https://fd1-photos.leclercdrive.fr/image.ashx?id=2893313&use=l&cat=p&typeid=i","cat":314028},{"id":21693,"n":"Picodon NRT AOP  Fromage de chèvre - 2x60g","p":3.55,"u":"29,58 €/KG","img":"https://fd1-photos.leclercdrive.fr/image.ashx?id=2590931&use=l&cat=p&typeid=i","cat":314031},{"id":21697,"n":"Fromage Raclette Savoie NRT  IGP - 400g","p":6.05,"u":"15,13 €/KG","img":"https://fd1-photos.leclercdrive.fr/image.ashx?id=1937939&use=l&cat=p&typeid=i","cat":314037},{"id":21699,"n":"Crème fraîche Eco  Epaisse - 30% MG - 50cl","p":1.89,"u":"3,78 €/L","img":"https://fd1-photos.leclercdrive.fr/image.ashx?id=2981445&use=l&cat=p&typeid=i","cat":284381},{"id":21701,"n":"Glace Eco+ Vanille - 500g","p":1.25,"u":"2,50 €/KG","img":"https://fd1-photos.leclercdrive.fr/image.ashx?id=2711580&use=l&cat=p&typeid=i","cat":284263},{"id":21703,"n":"Fromage frais Eco+ Nature 20%MG - 1kg","p":1.79,"u":"1,79 €/KG","img":"https://fd1-photos.leclercdrive.fr/image.ashx?id=2699919&use=l&cat=p&typeid=i","cat":284409},{"id":21877,"n":"Purée surgelée Pom'lisse Pommes de terre 750g","p":2.04,"u":"2,72 €/KG","img":"https://fd1-photos.leclercdrive.fr/image.ashx?id=2759777&use=l&cat=p&typeid=i","cat":319793},{"id":22009,"n":"Eclairs saveur vanille  2x1p","p":2.5,"u":"1,25 €/P","img":"https://fd1-photos.leclercdrive.fr/image.ashx?id=604673&use=l&cat=p&typeid=i","cat":284360},{"id":22033,"n":"Gin Brighton's London Dry 37.5%vol - 70cl","p":9.99,"u":"14,27 €/L","img":"https://fd1-photos.leclercdrive.fr/image.ashx?id=2907183&use=l&cat=p&typeid=i","cat":284550},{"id":22040,"n":"Mini bûches glacées Eskiss Assortiment chocolat x6 - 310g","p":2.29,"u":"7,39 €/KG","img":"https://fd1-photos.leclercdrive.fr/image.ashx?id=2221944&use=l&cat=p&typeid=i","cat":284266},{"id":22065,"n":"Filets de maquereaux Saupiquet A la moutarde - 3x169g","p":5.69,"u":"11,22 €/KG","img":"https://fd1-photos.leclercdrive.fr/image.ashx?id=2826972&use=l&cat=p&typeid=i","cat":303868},{"id":22066,"n":"Filets de maquereaux Saupiquet Tomate basilic - 3x169g","p":5.45,"u":"10,75 €/KG","img":"https://fd1-photos.leclercdrive.fr/image.ashx?id=2826975&use=l&cat=p&typeid=i","cat":303868},{"id":22074,"n":"Cornichons Maille Extra fins - 380g","p":3.17,"u":"8,34 €/KG","img":"https://fd1-photos.leclercdrive.fr/image.ashx?id=2403184&use=l&cat=p&typeid=i","cat":284458},{"id":22087,"n":"Sucettes Chupa Chups Mini Assortiment x30 180g","p":2.02,"u":"11,22 €/KG","img":"https://fd1-photos.leclercdrive.fr/image.ashx?id=2647606&use=l&cat=p&typeid=i","cat":304250},{"id":22112,"n":"Vodka Sobieski 37.5%vol - 70cl","p":11.13,"u":"15,90 €/L","img":"https://fd1-photos.leclercdrive.fr/image.ashx?id=2948474&use=l&cat=p&typeid=i","cat":284550},{"id":22114,"n":"Thon Pêche Océan Mayonnaise - 2x135g","p":1.78,"u":"6,59 €/KG","img":"https://fd1-photos.leclercdrive.fr/image.ashx?id=2943650&use=l&cat=p&typeid=i","cat":303867},{"id":22115,"n":"Cidre brut Les Goelleries Bretagne 4.5%vol. - 1,5L","p":1.87,"u":"1,25 €/L","img":"https://fd1-photos.leclercdrive.fr/image.ashx?id=2842277&use=l&cat=p&typeid=i","cat":334880},{"id":22116,"n":"Pain de mie complet Epi d'Or Grandes tranches - 550g","p":1.22,"u":"2,22 €/KG","img":"https://fd1-photos.leclercdrive.fr/image.ashx?id=2861292&use=l&cat=p&typeid=i","cat":284477},{"id":22117,"n":"Pain de mie complet Epi d'Or Grandes tranches - 825g","p":1.78,"u":"2,16 €/KG","img":"https://fd1-photos.leclercdrive.fr/image.ashx?id=2860736&use=l&cat=p&typeid=i","cat":284477},{"id":22140,"n":"Crème anglaise Délisse 3x20cl","p":2.65,"u":"4,42 €/L","img":"https://fd1-photos.leclercdrive.fr/image.ashx?id=3002590&use=l&cat=p&typeid=i","cat":284382},{"id":22141,"n":"Riz Basmati Comptoir du grain Sélection Riz long - 5x90g","p":1.81,"u":"4,02 €/KG","img":"https://fd1-photos.leclercdrive.fr/image.ashx?id=2076685&use=l&cat=p&typeid=i","cat":284428},{"id":22142,"n":"Terrines chats Tous mes amis Spécial chaton - 4x400g","p":4.86,"u":"3,04 €/KG","img":"https://fd1-photos.leclercdrive.fr/image.ashx?id=647133&use=l&cat=p&typeid=i","cat":285601},{"id":22189,"n":"Lingettes Démak'up px sensibles Démaquillantes 3x25","p":6.49,"u":"0,09 €/P","img":"https://fd1-photos.leclercdrive.fr/image.ashx?id=2744683&use=l&cat=p&typeid=i","cat":284603},{"id":22207,"n":"Blanc de Poulet Tradilège -25% de sel - 4 Tranches - 160g","p":1.92,"u":"12,00 €/KG","img":"https://fd1-photos.leclercdrive.fr/image.ashx?id=2837090&use=l&cat=p&typeid=i","cat":316010},{"id":22208,"n":"Lait écrémé Bio Bio Village UHT - Bouteille : 6x1L","p":6.6,"u":"1,10 €/L","img":"https://fd1-photos.leclercdrive.fr/image.ashx?id=2970015&use=l&cat=p&typeid=i","cat":284949},{"id":22209,"n":"Lait entier UHT Bio Bio village Bouteille - 6x1L","p":8.94,"u":"1,49 €/L","img":"https://fd1-photos.leclercdrive.fr/image.ashx?id=2970024&use=l&cat=p&typeid=i","cat":285610},{"id":22212,"n":"Vin de l'Union Européenne rouge Vieux Papes - BIB 5L","p":10.41,"u":"2,08 €/L","img":"https://fd1-photos.leclercdrive.fr/image.ashx?id=2136139&use=l&cat=p&typeid=i","cat":289556},{"id":22348,"n":"Moule à cake Homeside Revêtement antiadhésif - 27cm","p":5.93,"img":"https://fd1-photos.leclercdrive.fr/image.ashx?id=2832634&use=l&cat=p&typeid=i","cat":298490},{"id":22373,"n":"Carré pour la vaisselle Mamison x5","p":1.35,"img":"https://fd1-photos.leclercdrive.fr/image.ashx?id=2622010&use=l&cat=p&typeid=i","cat":284667},{"id":22374,"n":"Chiffons secs Clair Dépouissiérants x20","p":1.97,"img":"https://fd1-photos.leclercdrive.fr/image.ashx?id=2819926&use=l&cat=p&typeid=i","cat":325364},{"id":22388,"n":"IGP Ile de Beauté vin rosé Terres Ocrées 11.5%vol - BIB 3L","p":12.99,"u":"4,33 €/L","img":"https://fd1-photos.leclercdrive.fr/image.ashx?id=2863036&use=l&cat=p&typeid=i","cat":289560},{"id":22390,"n":"AOC Côtes du Rhône vin rouge Grégoire XI - BIB 10L","p":29.99,"u":"3,00 €/L","img":"https://fd1-photos.leclercdrive.fr/image.ashx?id=2920181&use=l&cat=p&typeid=i","cat":289560},{"id":22412,"n":"Harengs Rollmops Baltic 500g","p":4.3,"u":"8,60 €/KG","img":"https://fd1-photos.leclercdrive.fr/image.ashx?id=2552526&use=l&cat=p&typeid=i","cat":285190},{"id":22418,"n":"Chapelure Bloch 375g","p":1.91,"u":"5,09 €/KG","img":"https://fd1-photos.leclercdrive.fr/image.ashx?id=1863207&use=l&cat=p&typeid=i","cat":288382},{"id":22426,"n":"IGP Pâtes Grand'Mère Spaghetti - 250g","p":1.28,"u":"5,12 €/KG","img":"https://fd1-photos.leclercdrive.fr/image.ashx?id=2018856&use=l&cat=p&typeid=i","cat":284427},{"id":22477,"n":"Pignons de pin Couleurs Vives 125g","p":5.99,"u":"47,92 €/KG","img":"https://fd1-photos.leclercdrive.fr/image.ashx?id=2617201&use=l&cat=p&typeid=i","cat":284357},{"id":22487,"n":"IGP Pays d'Oc rosé Roche Mazet Grenache Cinsault - BIB 3L","p":10.43,"u":"3,48 €/L","img":"https://fd1-photos.leclercdrive.fr/image.ashx?id=2597118&use=l&cat=p&typeid=i","cat":289560},{"id":22488,"n":"IGP Pays d'Oc rouge Roche Mazet Cabernet Sauvignon 12.5% BIB 3L","p":10.6,"u":"3,53 €/L","img":"https://fd1-photos.leclercdrive.fr/image.ashx?id=2597121&use=l&cat=p&typeid=i","cat":289560},{"id":22489,"n":"IGP Pays d'oc blancRoche Mazet Sauvignon - BIB 3L","p":10.47,"u":"3,49 €/L","img":"https://fd1-photos.leclercdrive.fr/image.ashx?id=2597124&use=l&cat=p&typeid=i","cat":289557},{"id":22512,"n":"Compote Douceur du Verger  Pomme Abricot - 4x100g","p":1.09,"u":"2,73 €/KG","img":"https://fd1-photos.leclercdrive.fr/image.ashx?id=1913442&use=l&cat=p&typeid=i","cat":284416},{"id":22515,"n":"Boisson énergisante X-tense Canette - 6x25cl","p":2.34,"u":"1,56 €/L","img":"https://fd1-photos.leclercdrive.fr/image.ashx?id=2956062&use=l&cat=p&typeid=i","cat":284533},{"id":22517,"n":"Vodka Poliakov Flask 37.5%vol - 20cl","p":3.77,"u":"18,85 €/L","img":"https://fd1-photos.leclercdrive.fr/image.ashx?id=2484029&use=l&cat=p&typeid=i","cat":284550},{"id":22556,"n":"AOC Bergerac vin rouge Terrasses d'Autan - BIB 3L","p":9.49,"u":"3,16 €/L","img":"https://fd1-photos.leclercdrive.fr/image.ashx?id=2713646&use=l&cat=p&typeid=i","cat":289560},{"id":22565,"n":"Yaourt Malo Vanille lait entier 4x125g","p":2.12,"u":"4,24 €/KG","img":"https://fd1-photos.leclercdrive.fr/image.ashx?id=2908021&use=l&cat=p&typeid=i","cat":286006},{"id":22588,"n":"IGP Pays d'Oc Chardonnay Blanc Vieux Carion 12% vol BIB 3L","p":8.99,"u":"3,00 €/L","img":"https://fd1-photos.leclercdrive.fr/image.ashx?id=2591397&use=l&cat=p&typeid=i","cat":289560},{"id":22621,"n":"AOC Côtes du Rhône vin rosé Grégoire XI - 75 cl","p":2.99,"u":"3,99 €/L","img":"https://fd1-photos.leclercdrive.fr/image.ashx?id=2148552&use=l&cat=p&typeid=i","cat":289558},{"id":22653,"n":"Crème entière fluide UHT Bio Bio Village 30% MG - 25cl","p":1.85,"u":"7,40 €/L","img":"https://fd1-photos.leclercdrive.fr/image.ashx?id=2801795&use=l&cat=p&typeid=i","cat":284381},{"id":22659,"n":"Cancoillotte nature NRT IGP 250g","p":1.97,"u":"7,88 €/KG","img":"https://fd1-photos.leclercdrive.fr/image.ashx?id=2663845&use=l&cat=p&typeid=i","cat":314037},{"id":22660,"n":"Cancoillotte à l'ail NRT IGP 250g","p":1.97,"u":"7,88 €/KG","img":"https://fd1-photos.leclercdrive.fr/image.ashx?id=2663848&use=l&cat=p&typeid=i","cat":314037},{"id":22663,"n":"Taboulé Bonduelle A la menthe - 500g","p":2.4,"u":"4,80 €/KG","img":"https://fd1-photos.leclercdrive.fr/image.ashx?id=2902657&use=l&cat=p&typeid=i","cat":333657},{"id":22689,"n":"Confiture extra bio Bio Village Fraises - 370g","p":1.79,"u":"4,84 €/KG","img":"https://fd1-photos.leclercdrive.fr/image.ashx?id=2965626&use=l&cat=p&typeid=i","cat":284480},{"id":22690,"n":"Confiture extra bio Bio Village Abricots - 370g","p":1.79,"u":"4,84 €/KG","img":"https://fd1-photos.leclercdrive.fr/image.ashx?id=2965629&use=l&cat=p&typeid=i","cat":284480},{"id":22703,"n":"Chocolat au lait Bio Ethiquable  Riz soufflé - 100g","p":2.84,"u":"28,40 €/KG","img":"https://fd1-photos.leclercdrive.fr/image.ashx?id=2870869&use=l&cat=p&typeid=i","cat":284497},{"id":22704,"n":"Chocolat au lait Bio Ethiquable  Nature tendre fondant - 100g","p":2.42,"u":"24,20 €/KG","img":"https://fd1-photos.leclercdrive.fr/image.ashx?id=2870920&use=l&cat=p&typeid=i","cat":284497},{"id":22754,"n":"Bière blonde Leffe 6,6% - format promo 24x25cl","p":13.09,"u":"2,18 €/L","img":"https://fd1-photos.leclercdrive.fr/image.ashx?id=2111076&use=l&cat=p&typeid=i","cat":334852},{"id":22787,"n":"Saumon Ronde des Mers Petites tranches - 100g","p":3.69,"u":"36,90 €/KG","img":"https://fd1-photos.leclercdrive.fr/image.ashx?id=3004612&use=l&cat=p&typeid=i","cat":285188},{"id":22799,"n":"Mayonnaise Lesieur 710g","p":3.22,"u":"4,54 €/KG","img":"https://fd1-photos.leclercdrive.fr/image.ashx?id=2917693&use=l&cat=p&typeid=i","cat":298295},{"id":22803,"n":"Brioche tranchée Epi d'Or Nature - 700g","p":2.22,"u":"3,17 €/KG","img":"https://fd1-photos.leclercdrive.fr/image.ashx?id=2860733&use=l&cat=p&typeid=i","cat":284478},{"id":22804,"n":"Boisson végétale Bio Village Soja nature bio - 1l","p":0.88,"u":"0,88 €/L","img":"https://fd1-photos.leclercdrive.fr/image.ashx?id=2372350&use=l&cat=p&typeid=i","cat":316067},{"id":22805,"n":"Boisson végétale Bio Village Soja vanille bio - 1l","p":1.42,"u":"1,42 €/L","img":"https://fd1-photos.leclercdrive.fr/image.ashx?id=2357707&use=l&cat=p&typeid=i","cat":316067},{"id":22887,"n":"Beurre Bio Grand Fermage Doux - 82% MG - 250g","p":3.62,"u":"14,48 €/KG","img":"https://fd1-photos.leclercdrive.fr/image.ashx?id=2951842&use=l&cat=p&typeid=i","cat":284379},{"id":22891,"n":"Eponges magiques Mamison x3","p":1.25,"u":"0,42 €/P","img":"https://fd1-photos.leclercdrive.fr/image.ashx?id=2978522&use=l&cat=p&typeid=i","cat":284667},{"id":22893,"n":"Cidre doux Les Goelleries 2%vol. - 1,5L","p":2.09,"u":"1,39 €/L","img":"https://fd1-photos.leclercdrive.fr/image.ashx?id=2843791&use=l&cat=p&typeid=i","cat":334880},{"id":22894,"n":"Nettoyant spray Clair Ultra dégraissant - 750ml","p":1.18,"u":"1,57 €/L","img":"https://fd1-photos.leclercdrive.fr/image.ashx?id=2840386&use=l&cat=p&typeid=i","cat":325357},{"id":22895,"n":"Nettoyant spray Clair javel Salle de bains 750ml","p":1.45,"u":"1,93 €/L","img":"https://fd1-photos.leclercdrive.fr/image.ashx?id=2840473&use=l&cat=p&typeid=i","cat":325357},{"id":22898,"n":"Nettoyant Silex vitres d'insert Barbecue ultra décapante 750ml","p":4.36,"u":"5,81 €/L","img":"https://fd1-photos.leclercdrive.fr/image.ashx?id=2657087&use=l&cat=p&typeid=i","cat":325363},{"id":22900,"n":"Eau de Cologne Belles Saisons Lavande 250ml","p":1.69,"u":"6,76 €/L","img":"https://fd1-photos.leclercdrive.fr/image.ashx?id=2851655&use=l&cat=p&typeid=i","cat":291525},{"id":22911,"n":"Gants de ménage Mamison Taille S 1 paire","p":1.01,"img":"https://fd1-photos.leclercdrive.fr/image.ashx?id=2635676&use=l&cat=p&typeid=i","cat":284668},{"id":22960,"n":"Gants de ménage Mamison Taille M 1 paire","p":1.01,"img":"https://fd1-photos.leclercdrive.fr/image.ashx?id=2635679&use=l&cat=p&typeid=i","cat":284668},{"id":22962,"n":"Gants Mamison spécial vaisselle Taille L 1 paire","p":1.01,"u":"50,50 €/L","img":"https://fd1-photos.leclercdrive.fr/image.ashx?id=2946172&use=l&cat=p&typeid=i","cat":284668},{"id":22967,"n":"Tampon à récurer Mamison Surfaces fragiles xs","p":1.32,"u":"0,66 €/P","img":"https://fd1-photos.leclercdrive.fr/image.ashx?id=2669699&use=l&cat=p&typeid=i","cat":284667},{"id":22968,"n":"Eponges grattantes Mamison Surfaces délicates x2","p":1.49,"u":"0,75 €/P","img":"https://fd1-photos.leclercdrive.fr/image.ashx?id=2202392&use=l&cat=p&typeid=i","cat":284667},{"id":22969,"n":"Lavette Mamison multi-usages Microfibre plusieurs coloris x2","p":0.84,"u":"0,42 €/P","img":"https://fd1-photos.leclercdrive.fr/image.ashx?id=2595095&use=l&cat=p&typeid=i","cat":284667},{"id":22975,"n":"Crème visage hydrante  Inell Peau normale - 50ml","p":1.96,"u":"39,20 €/L","img":"https://fd1-photos.leclercdrive.fr/image.ashx?id=1665784&use=l&cat=p&typeid=i","cat":325345},{"id":22976,"n":"Crème visage nourrissante Inell Peau sèche - 50ml","p":1.96,"u":"39,20 €/L","img":"https://fd1-photos.leclercdrive.fr/image.ashx?id=2771124&use=l&cat=p&typeid=i","cat":325345},{"id":22979,"n":"Gel nettoyant Inell visage Purifiant px norm. mixtes 150ml","p":2.58,"u":"17,20 €/L","img":"https://fd1-photos.leclercdrive.fr/image.ashx?id=1961443&use=l&cat=p&typeid=i","cat":284603},{"id":22996,"n":"Nettoyant détachant Clair Tapis moquettes 600ml","p":2.16,"u":"3,60 €/L","img":"https://fd1-photos.leclercdrive.fr/image.ashx?id=2242721&use=l&cat=p&typeid=i","cat":284907},{"id":23000,"n":"Smoothie innocent fraise banane 750ml","p":3.29,"u":"4,39 €/L","img":"https://fd1-photos.leclercdrive.fr/image.ashx?id=2891241&use=l&cat=p&typeid=i","cat":285435},{"id":23012,"n":"Huile d'Argan Floressance Pure Argan Bio - 50ml","p":8.64,"u":"172,80 €/L","img":"https://fd1-photos.leclercdrive.fr/image.ashx?id=2990688&use=l&cat=p&typeid=i","cat":325349},{"id":23031,"n":"Biscottes Heudebert  Céréales complètes - 280g","p":1.78,"u":"6,36 €/KG","img":"https://fd1-photos.leclercdrive.fr/image.ashx?id=2498371&use=l&cat=p&typeid=i","cat":284479},{"id":23040,"n":"Café moulu Méo L'original Bio - 500g","p":8.73,"u":"17,46 €/KG","img":"https://fd1-photos.leclercdrive.fr/image.ashx?id=2571287&use=l&cat=p&typeid=i","cat":284750},{"id":23122,"n":"Fromage enfant Ficello Emmental à effilocher x4 - 84g","p":2.28,"u":"27,14 €/KG","img":"https://fd1-photos.leclercdrive.fr/image.ashx?id=2409553&use=l&cat=p&typeid=i","cat":314030},{"id":23123,"n":"Fromage enfant Ficello Nature à effilocher x4 -84g","p":2.09,"u":"24,88 €/KG","img":"https://fd1-photos.leclercdrive.fr/image.ashx?id=2375373&use=l&cat=p&typeid=i","cat":314030},{"id":23132,"n":"Pâte feuilletée Tablier Blanc Epaisse - 280g","p":1.55,"u":"5,54 €/KG","img":"https://fd1-photos.leclercdrive.fr/image.ashx?id=2635910&use=l&cat=p&typeid=i","cat":333681},{"id":23133,"n":"Pâte brisée Tablier Blanc Epaisse - 280g","p":1.65,"u":"5,89 €/KG","img":"https://fd1-photos.leclercdrive.fr/image.ashx?id=2635913&use=l&cat=p&typeid=i","cat":333681},{"id":23154,"n":"AOP Crémant Wolfberger Demi-sec d'Alsace - 75cl","p":7.21,"u":"9,61 €/L","img":"https://fd1-photos.leclercdrive.fr/image.ashx?id=2764197&use=l&cat=p&typeid=i","cat":284545},{"id":23157,"n":"AOP Champagne Brut Nicolas Feuillatte - 75cl","p":26.95,"u":"35,93 €/L","img":"https://fd1-photos.leclercdrive.fr/image.ashx?id=2962791&use=l&cat=p&typeid=i","cat":284542},{"id":23158,"n":"AOC Crémant de Bourgogne  Veuve Ambal Brut - 75cl","p":7.99,"pp":5.99,"u":"7,99 €/L","img":"https://fd1-photos.leclercdrive.fr/image.ashx?id=1737205&use=l&cat=p&typeid=i","cat":284545},{"id":23168,"n":"Beurre léger Les Croisés Doux - 40% MG - 250g","p":1.75,"u":"7,00 €/KG","img":"https://fd1-photos.leclercdrive.fr/image.ashx?id=2839909&use=l&cat=p&typeid=i","cat":284379},{"id":23169,"n":"Papier toilette Mimosa Blanc - Ultra Moelleux - x6","p":3.29,"u":"0,55 €/P","img":"https://fd1-photos.leclercdrive.fr/image.ashx?id=2777857&use=l&cat=p&typeid=i","cat":284634},{"id":23176,"n":"Pur jus de tomate Bio Village Bio - 1L","p":2.77,"u":"2,77 €/L","img":"https://fd1-photos.leclercdrive.fr/image.ashx?id=2954115&use=l&cat=p&typeid=i","cat":284523},{"id":23177,"n":"Pur jus Bio Village Bio Carotte - 1L","p":2.87,"u":"2,87 €/L","img":"https://fd1-photos.leclercdrive.fr/image.ashx?id=2901533&use=l&cat=p&typeid=i","cat":284523},{"id":23179,"n":"Pur jus 7 fruits Bio Village Bio - 1L","p":2.78,"u":"2,78 €/L","img":"https://fd1-photos.leclercdrive.fr/image.ashx?id=2901530&use=l&cat=p&typeid=i","cat":284917},{"id":23182,"n":"Rasoirs jetables Siliss 3 lames - x4","p":1.99,"u":"0,50 €/P","img":"https://fd1-photos.leclercdrive.fr/image.ashx?id=2699438&use=l&cat=p&typeid=i","cat":325352},{"id":23188,"n":"Tomato Ketchup Heinz - 250g","p":1.15,"u":"4,60 €/KG","img":"https://fd1-photos.leclercdrive.fr/image.ashx?id=2943801&use=l&cat=p&typeid=i","cat":284455},{"id":23190,"n":"Mayonnaise AMORA Recette Fouettée - 398g","p":2.49,"u":"6,26 €/KG","img":"https://fd1-photos.leclercdrive.fr/image.ashx?id=2598684&use=l&cat=p&typeid=i","cat":298295},{"id":23212,"n":"Compote Douceur du Verger Coupelle pomme framboise-4x100g","p":1.63,"u":"4,08 €/KG","img":"https://fd1-photos.leclercdrive.fr/image.ashx?id=2663494&use=l&cat=p&typeid=i","cat":284508},{"id":23215,"n":"Biscuits Cookies P'tit Déli Chocolat raisin cranberrie 200g","p":1.44,"u":"7,20 €/KG","img":"https://fd1-photos.leclercdrive.fr/image.ashx?id=2529593&use=l&cat=p&typeid=i","cat":325066},{"id":23216,"n":"Sauce Hollandaise Rustica 32g","p":0.64,"u":"20,00 €/KG","img":"https://fd1-photos.leclercdrive.fr/image.ashx?id=2865059&use=l&cat=p&typeid=i","cat":288381},{"id":23219,"n":"Sauce Pesto Turini Basilic - 185g","p":1.3,"u":"7,03 €/KG","img":"https://fd1-photos.leclercdrive.fr/image.ashx?id=2546248&use=l&cat=p&typeid=i","cat":287599},{"id":23220,"n":"Chips Pom'Lisse Légumes - 100g","p":1.75,"u":"17,50 €/KG","img":"https://fd1-photos.leclercdrive.fr/image.ashx?id=2919610&use=l&cat=p&typeid=i","cat":284447},{"id":23221,"n":"Sauce Tomates Turini Basilic - 420g","p":1.15,"u":"2,74 €/KG","img":"https://fd1-photos.leclercdrive.fr/image.ashx?id=2487458&use=l&cat=p&typeid=i","cat":287599},{"id":23226,"n":"Madeleines bio Bio Village Coquilles - 250g","p":1.86,"u":"7,44 €/KG","img":"https://fd1-photos.leclercdrive.fr/image.ashx?id=2711619&use=l&cat=p&typeid=i","cat":284492},{"id":23227,"n":"Chips Bio Village Bio - Nature - 125g","p":1.99,"u":"15,92 €/KG","img":"https://fd1-photos.leclercdrive.fr/image.ashx?id=2743834&use=l&cat=p&typeid=i","cat":284447},{"id":23228,"n":"Chips paysannes Bio Village Nature bio - 125g","p":1.99,"u":"15,92 €/KG","img":"https://fd1-photos.leclercdrive.fr/image.ashx?id=2770301&use=l&cat=p&typeid=i","cat":284447},{"id":23244,"n":"Désodorisant frigo Bien Air Sans parfum 40g","p":1.83,"u":"45,75 €/KG","img":"https://fd1-photos.leclercdrive.fr/image.ashx?id=2287737&use=l&cat=p&typeid=i","cat":311628},{"id":23248,"n":"Tampons Doulys Compact Mini - x20","p":2.86,"u":"0,14 €/P","img":"https://fd1-photos.leclercdrive.fr/image.ashx?id=2965497&use=l&cat=p&typeid=i","cat":284626},{"id":23251,"n":"Bâtonnets allume-feu Silex Sans odeur x24","p":2.05,"u":"0,09 €/P","img":"https://fd1-photos.leclercdrive.fr/image.ashx?id=2999721&use=l&cat=p&typeid=i","cat":300578},{"id":23252,"n":"Cubes allume-feu Silex Sans odeur 100% naturel x40","p":1.57,"u":"0,04 €/P","img":"https://fd1-photos.leclercdrive.fr/image.ashx?id=2669735&use=l&cat=p&typeid=i","cat":300578},{"id":23253,"n":"Nettoyant spray Clair Surpuissant - 750ml","p":1.87,"u":"2,49 €/L","img":"https://fd1-photos.leclercdrive.fr/image.ashx?id=2520831&use=l&cat=p&typeid=i","cat":325357},{"id":23256,"n":"Ramequins aluminium Elembal x12","p":1.99,"u":"0,17 €/P","img":"https://fd1-photos.leclercdrive.fr/image.ashx?id=1733354&use=l&cat=p&typeid=i","cat":334134},{"id":23271,"n":"Vin mousseux de France blanc Muscador doux 11.5% Vol 75cl","p":2.67,"u":"3,56 €/L","img":"https://fd1-photos.leclercdrive.fr/image.ashx?id=2157052&use=l&cat=p&typeid=i","cat":284544},{"id":23304,"n":"Feuilletés paniers Côté Table Saumon - 4x100g","p":4.45,"u":"11,13 €/KG","img":"https://fd1-photos.leclercdrive.fr/image.ashx?id=2549400&use=l&cat=p&typeid=i","cat":319776},{"id":23323,"n":"AOP Champagne brut Marquis de Vauzelle - 75cl","p":17.45,"u":"23,27 €/L","img":"https://fd1-photos.leclercdrive.fr/image.ashx?id=2481354&use=l&cat=p&typeid=i","cat":284542},{"id":23363,"n":"Lait bébé poudre Nidal Nestlé 1er âge - 0-6 mois - 800g","p":12.9,"u":"16,13 €/KG","img":"https://fd1-photos.leclercdrive.fr/image.ashx?id=2811638&use=l&cat=p&typeid=i","cat":284726},{"id":23365,"n":"Lait bébé 2A NIDAL GEST  6-12 mois - 800g","p":12.25,"u":"15,31 €/KG","img":"https://fd1-photos.leclercdrive.fr/image.ashx?id=2890799&use=l&cat=p&typeid=i","cat":284727},{"id":23371,"n":"Mozzarella Maxi Les Croisés - 250g","p":1.86,"u":"7,44 €/KG","img":"https://fd1-photos.leclercdrive.fr/image.ashx?id=2133617&use=l&cat=p&typeid=i","cat":314026},{"id":23372,"n":"Ricotta Les Croisés - 250g","p":1.29,"u":"5,16 €/KG","img":"https://fd1-photos.leclercdrive.fr/image.ashx?id=2133294&use=l&cat=p&typeid=i","cat":314026},{"id":23387,"n":"Gâteaux St Michel Savaroises Chocolat 8 sachets 220g","p":1.97,"u":"8,95 €/KG","img":"https://fd1-photos.leclercdrive.fr/image.ashx?id=2935693&use=l&cat=p&typeid=i","cat":284495},{"id":23411,"n":"Petits pains grillés Epi d'Or Froment - 400g","p":1.39,"u":"3,48 €/KG","img":"https://fd1-photos.leclercdrive.fr/image.ashx?id=2496413&use=l&cat=p&typeid=i","cat":284479},{"id":23412,"n":"Vermicelles Tables du Monde Haricot mungo - 100g","p":1.22,"u":"12,20 €/KG","img":"https://fd1-photos.leclercdrive.fr/image.ashx?id=2679723&use=l&cat=p&typeid=i","cat":288992},{"id":23429,"n":"Croquettes chat Tous mes amis Chatons - 2kg","p":4.07,"u":"2,04 €/KG","img":"https://fd1-photos.leclercdrive.fr/image.ashx?id=2710485&use=l&cat=p&typeid=i","cat":284680},{"id":23430,"n":"Croquettes chat Tous mes amis Lapin/volailles - 2kg","p":3.99,"u":"2,00 €/KG","img":"https://fd1-photos.leclercdrive.fr/image.ashx?id=2301605&use=l&cat=p&typeid=i","cat":284680},{"id":23433,"n":"Croquettes chiens Lydog Allégées - Volaille - 4kg","p":6.99,"u":"1,75 €/KG","img":"https://fd1-photos.leclercdrive.fr/image.ashx?id=1923562&use=l&cat=p&typeid=i","cat":284672},{"id":23434,"n":"Cacahuètes Tokapi Sans sel ajouté - 200g","p":0.76,"u":"3,80 €/KG","img":"https://fd1-photos.leclercdrive.fr/image.ashx?id=2858833&use=l&cat=p&typeid=i","cat":284448},{"id":23437,"n":"Maïs Notre Jardin Croquant - 285g","p":0.85,"u":"2,98 €/KG","img":"https://fd1-photos.leclercdrive.fr/image.ashx?id=1993188&use=l&cat=p&typeid=i","cat":312611},{"id":23438,"n":"Soufflés RingsTokapi Oignon - 60g","p":0.77,"u":"12,83 €/KG","img":"https://fd1-photos.leclercdrive.fr/image.ashx?id=2898838&use=l&cat=p&typeid=i","cat":284449},{"id":23439,"n":"Crème dessert Délisse Choco Billes bicompartiment 4x117g","p":1.99,"u":"4,25 €/KG","img":"https://fd1-photos.leclercdrive.fr/image.ashx?id=2965482&use=l&cat=p&typeid=i","cat":285041},{"id":23444,"n":"Quenelles Côté Table volaille Au naturel 255g","p":1.37,"u":"5,37 €/KG","img":"https://fd1-photos.leclercdrive.fr/image.ashx?id=2977870&use=l&cat=p&typeid=i","cat":284441},{"id":23450,"n":"Yaourts aux fruits Délisse Fruits rouges - 8x125g","p":2.29,"u":"2,29 €/KG","img":"https://fd1-photos.leclercdrive.fr/image.ashx?id=2616736&use=l&cat=p&typeid=i","cat":284410},{"id":23452,"n":"Terrines chats Tous mes amis Viandes variées - 4x400g","p":3.74,"u":"2,34 €/KG","img":"https://fd1-photos.leclercdrive.fr/image.ashx?id=606862&use=l&cat=p&typeid=i","cat":285601},{"id":23485,"n":"Terrines de st Jacques Guyader 120g","p":3.44,"u":"28,67 €/KG","img":"https://fd1-photos.leclercdrive.fr/image.ashx?id=2504725&use=l&cat=p&typeid=i","cat":285191},{"id":23499,"n":"Huile Bio Village mélange 4 huiles biologiques - 75 cl","p":3.99,"u":"5,32 €/L","img":"https://fd1-photos.leclercdrive.fr/image.ashx?id=2882349&use=l&cat=p&typeid=i","cat":284453},{"id":23500,"n":"Bouillon de légumes Bio Village Bio - 8x10g","p":1.69,"u":"21,13 €/KG","img":"https://fd1-photos.leclercdrive.fr/image.ashx?id=1943409&use=l&cat=p&typeid=i","cat":288379},{"id":23520,"n":"Bloc de fromage Leerdammer L'Original - 500g","p":5.39,"u":"10,78 €/KG","img":"https://fd1-photos.leclercdrive.fr/image.ashx?id=2699035&use=l&cat=p&typeid=i","cat":314034},{"id":23522,"n":"Bûche de chèvre Les Croisés Format famililal 25%mg 300g","p":2.95,"u":"9,83 €/KG","img":"https://fd1-photos.leclercdrive.fr/image.ashx?id=2949415&use=l&cat=p&typeid=i","cat":314031},{"id":23543,"n":"Bière blonde Leffe 6,6% - 12x33cl","p":12.47,"u":"3,15 €/L","img":"https://fd1-photos.leclercdrive.fr/image.ashx?id=2811578&use=l&cat=p&typeid=i","cat":334852},{"id":23545,"n":"Rösti McCain 800g","p":2.08,"u":"2,60 €/KG","img":"https://fd1-photos.leclercdrive.fr/image.ashx?id=2988728&use=l&cat=p&typeid=i","cat":319792},{"id":23546,"n":"Poêlée savoyarde Marie Aux lardons fumés - 900g","p":4.77,"u":"5,30 €/KG","img":"https://fd1-photos.leclercdrive.fr/image.ashx?id=2996782&use=l&cat=p&typeid=i","cat":319823},{"id":23552,"n":"Lait bébé poudre Nidal Nestlé 2e âge -6-12 mois - 800g","p":10.62,"u":"13,28 €/KG","img":"https://fd1-photos.leclercdrive.fr/image.ashx?id=2805597&use=l&cat=p&typeid=i","cat":284727},{"id":23554,"n":"Vin de l'Union Européenne rosé La Villageoise 12%vol. 1,5L","p":3.63,"u":"2,42 €/L","img":"https://fd1-photos.leclercdrive.fr/image.ashx?id=2104768&use=l&cat=p&typeid=i","cat":289558},{"id":23583,"n":"Crème Fraîche Elle&Vire Epaisse Entière - 30% MG - 33cl","p":1.86,"u":"5,64 €/L","img":"https://fd1-photos.leclercdrive.fr/image.ashx?id=3003333&use=l&cat=p&typeid=i","cat":284381},{"id":23592,"n":"AOP Beaujolais Nouveau vin rouge- Paul Gibelet 2020 - 75cl","p":5.88,"u":"7,84 €/L","img":"https://fd1-photos.leclercdrive.fr/image.ashx?id=2370116&use=l&cat=p&typeid=i","cat":289556},{"id":23598,"n":"Fromage raclette Les Croisés Sans croûte - 28%mg - 400g","p":3.95,"u":"9,88 €/KG","img":"https://fd1-photos.leclercdrive.fr/image.ashx?id=2969752&use=l&cat=p&typeid=i","cat":314037},{"id":23618,"n":"Couscous Weight Watchers Oriental 300g","p":2.96,"u":"9,87 €/KG","img":"https://fd1-photos.leclercdrive.fr/image.ashx?id=2610915&use=l&cat=p&typeid=i","cat":333665},{"id":23628,"n":"Fond de volaille Rustica 110g","p":2.21,"u":"20,09 €/KG","img":"https://fd1-photos.leclercdrive.fr/image.ashx?id=2140914&use=l&cat=p&typeid=i","cat":288379},{"id":23631,"n":"Chocolat noir Equador Mini carrés 72% cacao 200g","p":4.35,"u":"21,75 €/KG","img":"https://fd1-photos.leclercdrive.fr/image.ashx?id=2856483&use=l&cat=p&typeid=i","cat":284956},{"id":23636,"n":"Bouillon de volaille Rustica Dégraissé - Tablettes 12x10g","p":0.79,"u":"6,58 €/KG","img":"https://fd1-photos.leclercdrive.fr/image.ashx?id=1880033&use=l&cat=p&typeid=i","cat":288379},{"id":23642,"n":"Huile spéciale fondue Rustica Aux aromates - 1L","p":3.46,"u":"3,46 €/L","img":"https://fd1-photos.leclercdrive.fr/image.ashx?id=2546245&use=l&cat=p&typeid=i","cat":284453},{"id":23712,"n":"Saumon fumé Eco+ Atlantique - 200g","p":4.67,"u":"23,35 €/KG","img":"https://fd1-photos.leclercdrive.fr/image.ashx?id=2856733&use=l&cat=p&typeid=i","cat":285188},{"id":23715,"n":"Samoussa Tables du Monde Au boeuf - x4 - 220g","p":3.29,"u":"14,95 €/KG","img":"https://fd1-photos.leclercdrive.fr/image.ashx?id=2807190&use=l&cat=p&typeid=i","cat":333673},{"id":23725,"n":"Liquide vaisselle Eco+ Pomme - 1L","p":0.74,"u":"0,74 €/L","img":"https://fd1-photos.leclercdrive.fr/image.ashx?id=2949161&use=l&cat=p&typeid=i","cat":284655},{"id":23726,"n":"Aluminium Eco+ 30m","p":1.91,"u":"0,06 €/MT","img":"https://fd1-photos.leclercdrive.fr/image.ashx?id=2880216&use=l&cat=p&typeid=i","cat":334134},{"id":23727,"n":"Sacs poubelle 100L Eco+ x10","p":0.78,"u":"0,08 €/P","img":"https://fd1-photos.leclercdrive.fr/image.ashx?id=2793137&use=l&cat=p&typeid=i","cat":285168},{"id":23728,"n":"Huile de tournesol Eco+ 1L","p":1.63,"u":"1,63 €/L","img":"https://fd1-photos.leclercdrive.fr/image.ashx?id=2913636&use=l&cat=p&typeid=i","cat":284453},{"id":23753,"n":"Alcool modifié Primoplast 70° 250ml","p":2.2,"u":"8,80 €/L","img":"https://fd1-photos.leclercdrive.fr/image.ashx?id=2856498&use=l&cat=p&typeid=i","cat":284630},{"id":23754,"n":"Eau oxygénée Primoplast 250ml","p":1.86,"u":"7,44 €/L","img":"https://fd1-photos.leclercdrive.fr/image.ashx?id=2832936&use=l&cat=p&typeid=i","cat":284630},{"id":23759,"n":"Vin de l'Union Européenne La Villageoise  11% Vol. - 1.5L","p":3.64,"u":"2,43 €/L","img":"https://fd1-photos.leclercdrive.fr/image.ashx?id=2153492&use=l&cat=p&typeid=i","cat":289556},{"id":23791,"n":"Tartines craquantes Epi d'Or Au blé complet - 250g","p":1.29,"u":"5,16 €/KG","img":"https://fd1-photos.leclercdrive.fr/image.ashx?id=2843788&use=l&cat=p&typeid=i","cat":284479},{"id":23794,"n":"Pain grillé Epi d'Or Blé complet x24 - 500g","p":1.72,"u":"3,44 €/KG","img":"https://fd1-photos.leclercdrive.fr/image.ashx?id=2680545&use=l&cat=p&typeid=i","cat":284479},{"id":23797,"n":"Lentilles vertes Bio Village Bio 500g","p":2.15,"u":"4,30 €/KG","img":"https://fd1-photos.leclercdrive.fr/image.ashx?id=2120317&use=l&cat=p&typeid=i","cat":284430},{"id":23798,"n":"Riz Risotto Comptoir du Grain 500g","p":1.42,"u":"2,84 €/KG","img":"https://fd1-photos.leclercdrive.fr/image.ashx?id=2363283&use=l&cat=p&typeid=i","cat":284428},{"id":23799,"n":"Riz rond Comptoir du Grain Dessert - 1kg","p":1.94,"u":"1,94 €/KG","img":"https://fd1-photos.leclercdrive.fr/image.ashx?id=1957084&use=l&cat=p&typeid=i","cat":284428},{"id":23827,"n":"Cordon Bleu poulet Père Dodu  Les Bons plans x10 - 1kg","p":6.46,"u":"6,46 €/KG","img":"https://fd1-photos.leclercdrive.fr/image.ashx?id=2971095&use=l&cat=p&typeid=i","cat":333683},{"id":23936,"n":"Fromage blanc jockey Stracciatella - 4x120g","p":2.11,"u":"4,40 €/KG","img":"https://fd1-photos.leclercdrive.fr/image.ashx?id=2280011&use=l&cat=p&typeid=i","cat":314999},{"id":23937,"n":"Boisson aux fruits Oasis Pomme framboise cassis 4x2L","p":10.16,"u":"1,27 €/L","img":"https://fd1-photos.leclercdrive.fr/image.ashx?id=2118734&use=l&cat=p&typeid=i","cat":295018},{"id":23958,"n":"Dentifrice Sanogyl Blancheur et soin 3x75ml","p":5.44,"u":"24,18 €/L","img":"https://fd1-photos.leclercdrive.fr/image.ashx?id=2177995&use=l&cat=p&typeid=i","cat":284612},{"id":23959,"n":"Dentifrice Sanogyl Soin gencives - 3x75ml","p":6.99,"u":"31,07 €/L","img":"https://fd1-photos.leclercdrive.fr/image.ashx?id=2178001&use=l&cat=p&typeid=i","cat":284612},{"id":23963,"n":"Beurre Tendre Les Croisés Demi-sel Allegé - 40% MG - 250g","p":2.25,"u":"9,00 €/KG","img":"https://fd1-photos.leclercdrive.fr/image.ashx?id=2839912&use=l&cat=p&typeid=i","cat":284379},{"id":23967,"n":"Lait demi-écrémé Grandlait Candia Bouteille - 6x50cl","p":5.34,"u":"1,78 €/L","img":"https://fd1-photos.leclercdrive.fr/image.ashx?id=2916195&use=l&cat=p&typeid=i","cat":284377},{"id":23968,"n":"Roquefort AOP Les Croisés Tranché 150g","p":2.29,"u":"15,27 €/KG","img":"https://fd1-photos.leclercdrive.fr/image.ashx?id=2676537&use=l&cat=p&typeid=i","cat":314032},{"id":23972,"n":"Fusili Côté Snack Pâtes Bolognaise - 300g","p":1.89,"u":"6,30 €/KG","img":"https://fd1-photos.leclercdrive.fr/image.ashx?id=2650898&use=l&cat=p&typeid=i","cat":334983},{"id":23973,"n":"Fusili Côté Snack Pâtes Carbonara - 300g","p":1.89,"u":"6,30 €/KG","img":"https://fd1-photos.leclercdrive.fr/image.ashx?id=1872415&use=l&cat=p&typeid=i","cat":334983},{"id":24009,"n":"Crackers Tuc Fromage - 100g","p":0.83,"u":"8,30 €/KG","img":"https://fd1-photos.leclercdrive.fr/image.ashx?id=3002291&use=l&cat=p&typeid=i","cat":297000},{"id":24035,"n":"Echalotes semoule Rustica 36g","p":1.29,"u":"35,83 €/KG","img":"https://fd1-photos.leclercdrive.fr/image.ashx?id=2772951&use=l&cat=p&typeid=i","cat":298297},{"id":24043,"n":"Thé vert Britley Menthe x25 sachets - 40g","p":0.79,"u":"19,75 €/KG","img":"https://fd1-photos.leclercdrive.fr/image.ashx?id=2672930&use=l&cat=p&typeid=i","cat":293233},{"id":24047,"n":"Yaourts aromatisés Délisse Vanille - 4x125g","p":1.29,"u":"2,58 €/KG","img":"https://fd1-photos.leclercdrive.fr/image.ashx?id=2804184&use=l&cat=p&typeid=i","cat":286006},{"id":24050,"n":"Pâtée chats Tous mes amis Poulet en sauce - 80g","p":0.99,"u":"12,38 €/KG","img":"https://fd1-photos.leclercdrive.fr/image.ashx?id=2450309&use=l&cat=p&typeid=i","cat":285601},{"id":24081,"n":"Mayonnaise Fins Gourmets MAILLE Bocal - 320g","p":2.39,"u":"7,47 €/KG","img":"https://fd1-photos.leclercdrive.fr/image.ashx?id=2812750&use=l&cat=p&typeid=i","cat":298295},{"id":24082,"n":"Mayonnaise Fine MAILLE Qualité Traiteur Bocal - 320g","p":2.36,"u":"7,38 €/KG","img":"https://fd1-photos.leclercdrive.fr/image.ashx?id=2908369&use=l&cat=p&typeid=i","cat":298295},{"id":24094,"n":"Jus de pommes pressées Andros 1,5L","p":3.78,"u":"2,52 €/L","img":"https://fd1-photos.leclercdrive.fr/image.ashx?id=2902981&use=l&cat=p&typeid=i","cat":285435},{"id":24095,"n":"Jus de clémentines préssées Andros - 1,5L","p":4.33,"u":"2,89 €/L","img":"https://fd1-photos.leclercdrive.fr/image.ashx?id=2902984&use=l&cat=p&typeid=i","cat":285435},{"id":24160,"n":"Riz Comptoir du Grain 3 Riz Long/Rouge/Sauvage - 500g","p":1.86,"u":"3,72 €/KG","img":"https://fd1-photos.leclercdrive.fr/image.ashx?id=2549403&use=l&cat=p&typeid=i","cat":284428},{"id":24162,"n":"Vinaigre balsamique Bio Village Bio 50cl","p":3.49,"u":"6,98 €/L","img":"https://fd1-photos.leclercdrive.fr/image.ashx?id=2865206&use=l&cat=p&typeid=i","cat":298543},{"id":24163,"n":"Infusion Tiséa Tilleul Citron 25 sachets 34g","p":1.69,"u":"48,29 €/KG","img":"https://fd1-photos.leclercdrive.fr/image.ashx?id=2854240&use=l&cat=p&typeid=i","cat":293234},{"id":24164,"n":"Thé vert Briley 32.5g","p":0.79,"u":"24,69 €/KG","img":"https://fd1-photos.leclercdrive.fr/image.ashx?id=2645939&use=l&cat=p&typeid=i","cat":293233},{"id":24186,"n":"Bandes à découper Mercurochrome 5 bandes - 10x6cm","p":3.19,"img":"https://fd1-photos.leclercdrive.fr/image.ashx?id=2862152&use=l&cat=p&typeid=i","cat":284630},{"id":24258,"n":"Philadelphia Nature - 300g","p":2.97,"u":"9,90 €/KG","img":"https://fd1-photos.leclercdrive.fr/image.ashx?id=2787863&use=l&cat=p&typeid=i","cat":314029},{"id":24293,"n":"Céréales Extra Kellogg's Chocolat Noir Noisettes - 500g","p":3.26,"u":"6,52 €/KG","img":"https://fd1-photos.leclercdrive.fr/image.ashx?id=2692284&use=l&cat=p&typeid=i","cat":309512},{"id":24294,"n":"Filets de maquereaux Saupiquet Escabèche - 3x169g","p":5.69,"u":"11,22 €/KG","img":"https://fd1-photos.leclercdrive.fr/image.ashx?id=2826978&use=l&cat=p&typeid=i","cat":303868},{"id":24296,"n":"Sauce apéritif Old El Paso Salsa doux - 312g","p":2.49,"u":"7,98 €/KG","img":"https://fd1-photos.leclercdrive.fr/image.ashx?id=2859944&use=l&cat=p&typeid=i","cat":288993},{"id":24350,"n":"Lingettes rince doigt Clair x24","p":1.96,"u":"0,08 €/P","img":"https://fd1-photos.leclercdrive.fr/image.ashx?id=2949418&use=l&cat=p&typeid=i","cat":325358},{"id":24390,"n":"Pétales de blé Eco+ Chocolat - 750g","p":2.05,"u":"2,73 €/KG","img":"https://fd1-photos.leclercdrive.fr/image.ashx?id=2927836&use=l&cat=p&typeid=i","cat":309513},{"id":24403,"n":"Vodka Novotna Pure grain 37.5%vol - 1L","p":14.99,"u":"14,99 €/L","img":"https://fd1-photos.leclercdrive.fr/image.ashx?id=784848&use=l&cat=p&typeid=i","cat":284550},{"id":24410,"n":"Bonbons Copains Copines Tendres fruits - 360 g","p":2.05,"u":"5,69 €/KG","img":"https://fd1-photos.leclercdrive.fr/image.ashx?id=2934694&use=l&cat=p&typeid=i","cat":304250},{"id":24418,"n":"Sauces gourmandes Rustica Pour viande 4 saveurs - 4x90g","p":2.41,"u":"6,69 €/KG","img":"https://fd1-photos.leclercdrive.fr/image.ashx?id=2275513&use=l&cat=p&typeid=i","cat":318430},{"id":24420,"n":"Galettes Bretonnes NRT 100g","p":1.68,"u":"16,80 €/KG","img":"https://fd1-photos.leclercdrive.fr/image.ashx?id=2909419&use=l&cat=p&typeid=i","cat":284487},{"id":24474,"n":"Petites crevettes roses Pêche Océan - 125g","p":2.49,"u":"19,92 €/KG","img":"https://fd1-photos.leclercdrive.fr/image.ashx?id=2953635&use=l&cat=p&typeid=i","cat":284343},{"id":24492,"n":"Blanc de poulet Tradilège Doré à la broche - 120g","p":1.39,"u":"11,58 €/KG","img":"https://fd1-photos.leclercdrive.fr/image.ashx?id=2765858&use=l&cat=p&typeid=i","cat":316010},{"id":24495,"n":"Capsules Nescafé Dolce Gusto  Nesquik - x16","p":4.48,"u":"17,50 €/KG","img":"https://fd1-photos.leclercdrive.fr/image.ashx?id=2946634&use=l&cat=p&typeid=i","cat":293239},{"id":24574,"n":"Bandes de cire froide L.Dumont Visage x20 bandes","p":3.58,"u":"0,18 €/P","img":"https://fd1-photos.leclercdrive.fr/image.ashx?id=2606355&use=l&cat=p&typeid=i","cat":325351},{"id":24615,"n":"Soin de jour Bio vital Mixa Tube 50ml","p":6.44,"u":"128,80 €/L","img":"https://fd1-photos.leclercdrive.fr/image.ashx?id=2286350&use=l&cat=p&typeid=i","cat":325345},{"id":24642,"n":"Déodorant Rexona Confidence Stick anti-transpirant - 45ml","p":4.37,"u":"97,11 €/L","img":"https://fd1-photos.leclercdrive.fr/image.ashx?id=2738194&use=l&cat=p&typeid=i","cat":284595},{"id":24652,"n":"Déodorant Stick Rexona Anti- Transpirant CleanScent 96H 45ml","p":3.48,"u":"77,33 €/L","img":"https://fd1-photos.leclercdrive.fr/image.ashx?id=2895101&use=l&cat=p&typeid=i","cat":284595},{"id":24659,"n":"Secret de mousse la Laitière Chocolat au lait - 8x59g","p":2.94,"u":"6,23 €/KG","img":"https://fd1-photos.leclercdrive.fr/image.ashx?id=3007984&use=l&cat=p&typeid=i","cat":284417},{"id":24671,"n":"Crème Chantilly Bridelice Légère fouettée 20%mg - 250g","p":2.78,"u":"11,12 €/KG","img":"https://fd1-photos.leclercdrive.fr/image.ashx?id=2939313&use=l&cat=p&typeid=i","cat":284382},{"id":24672,"n":"Lait Matin Léger Lactel Sans lactose écrémé - 6x1l","p":11.94,"u":"1,99 €/L","img":"https://fd1-photos.leclercdrive.fr/image.ashx?id=2883546&use=l&cat=p&typeid=i","cat":317169},{"id":24674,"n":"Dentifrice Dentamyl 2en1 blancheur 75ml","p":1.3,"u":"17,33 €/L","img":"https://fd1-photos.leclercdrive.fr/image.ashx?id=2613834&use=l&cat=p&typeid=i","cat":284612},{"id":24694,"n":"Brosses à dent souple Dentamyl x4","p":0.99,"u":"0,25 €/P","img":"https://fd1-photos.leclercdrive.fr/image.ashx?id=2790946&use=l&cat=p&typeid=i","cat":284614},{"id":24729,"n":"Shampooing Pétrole Hahn Stop pellicules - 250ml","p":2.36,"u":"9,44 €/L","img":"https://fd1-photos.leclercdrive.fr/image.ashx?id=2293946&use=l&cat=p&typeid=i","cat":284606},{"id":24758,"n":"IGP Saucisse de Montbéliard VPF - 5x100g","p":6.2,"u":"12,40 €/KG","img":"https://fd1-photos.leclercdrive.fr/image.ashx?id=2833534&use=l&cat=p&typeid=i","cat":316012},{"id":24759,"n":"Mini nems Tables du Monde porc x5/poulet x5 +sauce - 220g","p":2.99,"u":"13,59 €/KG","img":"https://fd1-photos.leclercdrive.fr/image.ashx?id=2613276&use=l&cat=p&typeid=i","cat":333673},{"id":24847,"n":"Gâche tranchée ovale NRT Beurre - 450g","p":2.48,"u":"5,51 €/KG","img":"https://fd1-photos.leclercdrive.fr/image.ashx?id=2670443&use=l&cat=p&typeid=i","cat":284478},{"id":24886,"n":"Bâtonnets Trium Vanille Spéculoos x4 - 280g","p":3.19,"u":"11,39 €/KG","img":"https://fd1-photos.leclercdrive.fr/image.ashx?id=2920770&use=l&cat=p&typeid=i","cat":284265},{"id":24906,"n":"Mozzarella mini billes  Les Croisés - 150g","p":1.7,"u":"11,33 €/KG","img":"https://fd1-photos.leclercdrive.fr/image.ashx?id=2463468&use=l&cat=p&typeid=i","cat":314026},{"id":24961,"n":"Soin de jour L'Oréal Paris Age Perfect anti-âge - 50ml","p":11.97,"pp":7.9,"u":"158,00 €/L","img":"https://fd1-photos.leclercdrive.fr/image.ashx?id=2868047&use=l&cat=p&typeid=i","cat":325345},{"id":24967,"n":"Fondue Savoyarde RichesMonts  3 fromages - 450g","p":5.93,"u":"13,18 €/KG","img":"https://fd1-photos.leclercdrive.fr/image.ashx?id=2986239&use=l&cat=p&typeid=i","cat":314037},{"id":24968,"n":"Fromage de chèvre Petit Billy 45%mg - 200g","p":2.79,"u":"13,95 €/KG","img":"https://fd1-photos.leclercdrive.fr/image.ashx?id=2543136&use=l&cat=p&typeid=i","cat":314031},{"id":24970,"n":"Crottin de chèvre Rians 23%mg - 2x60g","p":2.62,"u":"21,83 €/KG","img":"https://fd1-photos.leclercdrive.fr/image.ashx?id=2762094&use=l&cat=p&typeid=i","cat":314031},{"id":24972,"n":"Chèvre à dorer Les Croisés x4 - 100g","p":1.77,"u":"17,70 €/KG","img":"https://fd1-photos.leclercdrive.fr/image.ashx?id=2460592&use=l&cat=p&typeid=i","cat":314027},{"id":24977,"n":"Pain hot dog Jacquet x4 -  240g","p":1.72,"u":"7,17 €/KG","img":"https://fd1-photos.leclercdrive.fr/image.ashx?id=2799293&use=l&cat=p&typeid=i","cat":284985},{"id":24982,"n":"Fromage à tartiner Philadelphia Light nature - 150g","p":2.33,"u":"15,53 €/KG","img":"https://fd1-photos.leclercdrive.fr/image.ashx?id=1626572&use=l&cat=p&typeid=i","cat":314029},{"id":25006,"n":"Sauce béchamel Maggi Saveur à l'ancienne sachet -60g","p":0.62,"u":"10,33 €/KG","img":"https://fd1-photos.leclercdrive.fr/image.ashx?id=2697297&use=l&cat=p&typeid=i","cat":288381},{"id":25010,"n":"Barres Chocolatées KINDER Maxi Chocolat au Lait x10 - 210g","p":3.12,"u":"14,86 €/KG","img":"https://fd1-photos.leclercdrive.fr/image.ashx?id=2679609&use=l&cat=p&typeid=i","cat":284498},{"id":25026,"n":"Brassé chèvre poire Babybio Bio Dès 6 mois - 2x130g","p":3.41,"u":"8,53 €/L","img":"https://fd1-photos.leclercdrive.fr/image.ashx?id=2962821&use=l&cat=p&typeid=i","cat":312392},{"id":25027,"n":"Pots soir bébé bio Babybio Légumes riz - 6 mois - 2x200g","p":2.71,"u":"6,78 €/KG","img":"https://fd1-photos.leclercdrive.fr/image.ashx?id=2833474&use=l&cat=p&typeid=i","cat":312239},{"id":25028,"n":"Assiette Babybio Bio 12 mois Panais carotte polenta - 230g","p":1.94,"u":"8,43 €/KG","img":"https://fd1-photos.leclercdrive.fr/image.ashx?id=2875390&use=l&cat=p&typeid=i","cat":312239},{"id":25029,"n":"Assiette bébé bio Babybio Légumes agneau - 12 mois - 230g","p":2.27,"u":"9,87 €/KG","img":"https://fd1-photos.leclercdrive.fr/image.ashx?id=2855909&use=l&cat=p&typeid=i","cat":312237},{"id":25030,"n":"Petits pots Babynat Petits pois Cabillaud - 8mois 2x200g","p":3.05,"u":"7,63 €/KG","img":"https://fd1-photos.leclercdrive.fr/image.ashx?id=2825742&use=l&cat=p&typeid=i","cat":312236},{"id":25035,"n":"Salade Menu Fraîcheur Concombre au fromage blanc 300g","p":1.64,"u":"5,47 €/KG","img":"https://fd1-photos.leclercdrive.fr/image.ashx?id=3005679&use=l&cat=p&typeid=i","cat":333657},{"id":25044,"n":"Nettoyant spray Clair Salle de bain - Mousse - 600ml","p":1.99,"u":"3,32 €/L","img":"https://fd1-photos.leclercdrive.fr/image.ashx?id=2856678&use=l&cat=p&typeid=i","cat":325357},{"id":25051,"n":"Boulettes de boeuf Férial x30 - 900g","p":7.39,"u":"8,21 €/KG","img":"https://fd1-photos.leclercdrive.fr/image.ashx?id=2966520&use=l&cat=p&typeid=i","cat":319779},{"id":25061,"n":"Cornichons Rustica Vinaigre - 360g","p":1.65,"u":"4,58 €/KG","img":"https://fd1-photos.leclercdrive.fr/image.ashx?id=2799763&use=l&cat=p&typeid=i","cat":284458},{"id":25064,"n":"Film étirable Alfapac Extensible auto-adhérent 50m","p":2.12,"img":"https://fd1-photos.leclercdrive.fr/image.ashx?id=2918271&use=l&cat=p&typeid=i","cat":334134},{"id":25067,"n":"Oeufs frais De Nos Régions Plein Air - Label Rouge - x12","p":3.58,"u":"0,30 €/P","img":"https://fd1-photos.leclercdrive.fr/image.ashx?id=2969746&use=l&cat=p&typeid=i","cat":284378},{"id":25069,"n":"Fromage à Tartiner St Môret  Nature Léger - 9 portions 180g","p":2.4,"u":"13,33 €/KG","img":"https://fd1-photos.leclercdrive.fr/image.ashx?id=2755453&use=l&cat=p&typeid=i","cat":314029},{"id":25079,"n":"Mozzarella bufala Casa Azzurra Boule - 125g","p":2.19,"u":"17,52 €/KG","img":"https://fd1-photos.leclercdrive.fr/image.ashx?id=2899533&use=l&cat=p&typeid=i","cat":314026},{"id":25080,"n":"Parmigiano Reggiano AOP Les Croisés - 200G","p":4.99,"u":"24,95 €/KG","img":"https://fd1-photos.leclercdrive.fr/image.ashx?id=2909389&use=l&cat=p&typeid=i","cat":314034},{"id":25085,"n":"Lait bio Bio Village Bouteille  Demi-écrémé UHT -  6x50cl","p":5.22,"u":"1,74 €/L","img":"https://fd1-photos.leclercdrive.fr/image.ashx?id=2970009&use=l&cat=p&typeid=i","cat":284377},{"id":25093,"n":"Yaourts brassés Délisse Fruits jaunes - 8x125 g","p":2.28,"u":"2,28 €/KG","img":"https://fd1-photos.leclercdrive.fr/image.ashx?id=2495536&use=l&cat=p&typeid=i","cat":284410},{"id":25095,"n":"Yaourts brassés Délisse Fruits rouges - 8X125g","p":2.27,"u":"2,27 €/KG","img":"https://fd1-photos.leclercdrive.fr/image.ashx?id=2494217&use=l&cat=p&typeid=i","cat":284410},{"id":25124,"n":"Pur jus Multifruits Bio Village Bio - 6x20cl","p":3.11,"u":"2,59 €/L","img":"https://fd1-photos.leclercdrive.fr/image.ashx?id=2843626&use=l&cat=p&typeid=i","cat":284524},{"id":25125,"n":"Pur jus d'orange Bio Village Bio - 6x20cl","p":3.0,"u":"2,50 €/L","img":"https://fd1-photos.leclercdrive.fr/image.ashx?id=2671016&use=l&cat=p&typeid=i","cat":284521},{"id":25172,"n":"Sacs poubelle 30L Alfapac Ultra résistant Coulissac - x20","p":3.22,"u":"0,16 €/P","img":"https://fd1-photos.leclercdrive.fr/image.ashx?id=2732359&use=l&cat=p&typeid=i","cat":285168},{"id":25203,"n":"Queues de crevettes Pêche Océan Décortiquées cuites 300g","p":6.58,"u":"21,93 €/KG","img":"https://fd1-photos.leclercdrive.fr/image.ashx?id=2955878&use=l&cat=p&typeid=i","cat":319787},{"id":25204,"n":"Petits pois d'aucy  Tendres et fondants - 560g","p":1.92,"u":"3,43 €/KG","img":"https://fd1-photos.leclercdrive.fr/image.ashx?id=2438126&use=l&cat=p&typeid=i","cat":312607},{"id":25205,"n":"Pois carottes D'aucy  Tendres et fondants -530g","p":1.74,"u":"3,28 €/KG","img":"https://fd1-photos.leclercdrive.fr/image.ashx?id=2426367&use=l&cat=p&typeid=i","cat":312607},{"id":25207,"n":"Cornichons Rustica Extra fins - 185g","p":1.28,"u":"6,92 €/KG","img":"https://fd1-photos.leclercdrive.fr/image.ashx?id=2799760&use=l&cat=p&typeid=i","cat":284458},{"id":25220,"n":"Cotons Démaquillants Demak'Up Sensitive - Disques x64","p":1.28,"u":"0,02 €/P","img":"https://fd1-photos.leclercdrive.fr/image.ashx?id=2966983&use=l&cat=p&typeid=i","cat":285593},{"id":25283,"n":"Barres céréales Grany Pommes - 125g","p":1.84,"u":"14,72 €/KG","img":"https://fd1-photos.leclercdrive.fr/image.ashx?id=3002093&use=l&cat=p&typeid=i","cat":285869},{"id":25322,"n":"Protège pied Tissaia Taille 38/41 noir x2","p":3.5,"u":"1,75 €/P","img":"https://fd1-photos.leclercdrive.fr/image.ashx?id=2193377&use=l&cat=p&typeid=i","cat":334130},{"id":25323,"n":"Protège pieds opaque Tissaia  T35/37 beige - x2","p":3.5,"u":"1,75 €/P","img":"https://fd1-photos.leclercdrive.fr/image.ashx?id=2193374&use=l&cat=p&typeid=i","cat":334130},{"id":25337,"n":"Café moulu L'Or Absolu 100% Arabica - 2x250g","p":9.45,"u":"18,90 €/KG","img":"https://fd1-photos.leclercdrive.fr/image.ashx?id=2294935&use=l&cat=p&typeid=i","cat":284750},{"id":25342,"n":"Céréales Trésor Kellogg's Chocolat au lait - 1kg","p":6.3,"u":"6,30 €/KG","img":"https://fd1-photos.leclercdrive.fr/image.ashx?id=2598319&use=l&cat=p&typeid=i","cat":309513},{"id":25343,"n":"Céréales Trésor de Kellogg's Chocolat Noisettes - 1kg","p":6.3,"u":"6,30 €/KG","img":"https://fd1-photos.leclercdrive.fr/image.ashx?id=2598316&use=l&cat=p&typeid=i","cat":309513},{"id":25359,"n":"Tablette chocolat blanc Lindt Vanille - 100g","p":2.5,"u":"25,00 €/KG","img":"https://fd1-photos.leclercdrive.fr/image.ashx?id=2755318&use=l&cat=p&typeid=i","cat":284957},{"id":25361,"n":"Chocolat Pâtissier Nestlé Dessert : Caramel - 170g","p":3.09,"u":"18,18 €/KG","img":"https://fd1-photos.leclercdrive.fr/image.ashx?id=2902346&use=l&cat=p&typeid=i","cat":285562},{"id":25366,"n":"Tablette de chocolat noir Lindt 90% cacao - 100g","p":2.24,"u":"22,40 €/KG","img":"https://fd1-photos.leclercdrive.fr/image.ashx?id=2689502&use=l&cat=p&typeid=i","cat":284956},{"id":25370,"n":"Tablette chocolat Côte d'Or Chocolat lait/Noisettes - 200g","p":4.23,"u":"21,15 €/KG","img":"https://fd1-photos.leclercdrive.fr/image.ashx?id=2961218&use=l&cat=p&typeid=i","cat":284497},{"id":25372,"n":"Tablette chocolat Milka Au lait du pays Alpin - 200g","p":2.66,"u":"13,30 €/KG","img":"https://fd1-photos.leclercdrive.fr/image.ashx?id=2994455&use=l&cat=p&typeid=i","cat":284497},{"id":25375,"n":"Tablette chocolat Milka Chocolat lait/Noisettes - 200g","p":3.51,"u":"17,55 €/KG","img":"https://fd1-photos.leclercdrive.fr/image.ashx?id=2381748&use=l&cat=p&typeid=i","cat":284497},{"id":25393,"n":"Pâte à pizza Bio Bio village - 260g","p":1.82,"u":"7,00 €/KG","img":"https://fd1-photos.leclercdrive.fr/image.ashx?id=2879955&use=l&cat=p&typeid=i","cat":333681},{"id":25407,"n":"Bonbons LUTTI Luttimint Menthe - 250g","p":1.75,"u":"7,00 €/KG","img":"https://fd1-photos.leclercdrive.fr/image.ashx?id=2815019&use=l&cat=p&typeid=i","cat":304252},{"id":25408,"n":"Dragolo Haribo Sachet bonbons - 300g","p":1.52,"u":"5,07 €/KG","img":"https://fd1-photos.leclercdrive.fr/image.ashx?id=2803574&use=l&cat=p&typeid=i","cat":304250},{"id":25425,"n":"Biscuits apéritif Lay's 3D's Goût Cacahuetes - 85g","p":0.8,"u":"9,41 €/KG","img":"https://fd1-photos.leclercdrive.fr/image.ashx?id=2916824&use=l&cat=p&typeid=i","cat":284449},{"id":25426,"n":"Infusion détente Bio Village Bio - x20 - 30g","p":1.79,"u":"59,67 €/KG","img":"https://fd1-photos.leclercdrive.fr/image.ashx?id=2897895&use=l&cat=p&typeid=i","cat":293234},{"id":25432,"n":"Herbes de provence Ducros Boîte ménagère 40g","p":1.5,"u":"37,50 €/KG","img":"https://fd1-photos.leclercdrive.fr/image.ashx?id=2486548&use=l&cat=p&typeid=i","cat":298297},{"id":25445,"n":"Lait poudre Croissance Modilac  De 12 mois à 36 mois - 800g","p":13.34,"u":"16,68 €/KG","img":"https://fd1-photos.leclercdrive.fr/image.ashx?id=2873390&use=l&cat=p&typeid=i","cat":290219},{"id":25446,"n":"Lait croissance Nidal Nestlé Dès 12 mois - 800g","p":9.02,"u":"11,28 €/KG","img":"https://fd1-photos.leclercdrive.fr/image.ashx?id=2806405&use=l&cat=p&typeid=i","cat":290219},{"id":25452,"n":"Sucettes au lait Chupa Chups Sachet - 192g","p":2.42,"u":"12,60 €/KG","img":"https://fd1-photos.leclercdrive.fr/image.ashx?id=2647648&use=l&cat=p&typeid=i","cat":304252},{"id":25465,"n":"Recharge distributeur Canderel Comprimés x600 - 51g","p":5.01,"u":"98,24 €/KG","img":"https://fd1-photos.leclercdrive.fr/image.ashx?id=2811008&use=l&cat=p&typeid=i","cat":324846},{"id":25482,"n":"Soupe liquide Liebig  Cèpes et Bolets - 1L","p":2.69,"u":"2,69 €/L","img":"https://fd1-photos.leclercdrive.fr/image.ashx?id=2766728&use=l&cat=p&typeid=i","cat":284462},{"id":25485,"n":"Miel de fleurs Lune de Miel Spécialités 500g","p":4.21,"u":"8,42 €/KG","img":"https://fd1-photos.leclercdrive.fr/image.ashx?id=2972409&use=l&cat=p&typeid=i","cat":287643},{"id":25492,"n":"Confiture Bonne Maman Fraise & fraises des bois 370g","p":2.53,"u":"6,84 €/KG","img":"https://fd1-photos.leclercdrive.fr/image.ashx?id=2999841&use=l&cat=p&typeid=i","cat":284480},{"id":25493,"n":"Bouillon Cube Maggi Pot au feu - 180g","p":1.5,"u":"8,33 €/KG","img":"https://fd1-photos.leclercdrive.fr/image.ashx?id=2212315&use=l&cat=p&typeid=i","cat":288379},{"id":25515,"n":"Eau minérale naturelle Vittel 6x1L","p":2.58,"u":"0,43 €/L","img":"https://fd1-photos.leclercdrive.fr/image.ashx?id=2276654&use=l&cat=p&typeid=i","cat":284535},{"id":25516,"n":"Eau de source Cristaline 12x50cl","p":1.8,"u":"0,30 €/L","img":"https://fd1-photos.leclercdrive.fr/image.ashx?id=2872874&use=l&cat=p&typeid=i","cat":284535},{"id":25525,"n":"Boisson aux fruits Oasis Tropical - 4x50cl","p":4.44,"u":"2,22 €/L","img":"https://fd1-photos.leclercdrive.fr/image.ashx?id=3014446&use=l&cat=p&typeid=i","cat":295018},{"id":25530,"n":"Sucre Béghin Say pure canne petits morceaux - 1kg","p":3.13,"u":"3,13 €/KG","img":"https://fd1-photos.leclercdrive.fr/image.ashx?id=2949919&use=l&cat=p&typeid=i","cat":284502},{"id":25540,"n":"Soda à l'orange Orangina 4x50cl","p":4.54,"u":"2,27 €/L","img":"https://fd1-photos.leclercdrive.fr/image.ashx?id=2574952&use=l&cat=p&typeid=i","cat":284532},{"id":25541,"n":"Soda à l'orange Orangina 6x25cl","p":4.19,"u":"2,79 €/L","img":"https://fd1-photos.leclercdrive.fr/image.ashx?id=2495653&use=l&cat=p&typeid=i","cat":284532},{"id":25550,"n":"Soda Schweppes Indian Tonic Zero - 1,5L","p":1.71,"u":"1,14 €/L","img":"https://fd1-photos.leclercdrive.fr/image.ashx?id=2852393&use=l&cat=p&typeid=i","cat":284531},{"id":25552,"n":"Soda Schweppes Indian Tonic - 4x50cl","p":3.91,"u":"1,96 €/L","img":"https://fd1-photos.leclercdrive.fr/image.ashx?id=2852405&use=l&cat=p&typeid=i","cat":284531},{"id":25553,"n":"Soda Schweppes Saveur Agrumes - 4x50cl","p":4.19,"u":"2,10 €/L","img":"https://fd1-photos.leclercdrive.fr/image.ashx?id=2852402&use=l&cat=p&typeid=i","cat":284532},{"id":25554,"n":"Soda Schweppes Saveur Citron Zero - 1,5L","p":1.69,"u":"1,13 €/L","img":"https://fd1-photos.leclercdrive.fr/image.ashx?id=2852396&use=l&cat=p&typeid=i","cat":284532},{"id":25557,"n":"Soda Schweppes Saveur Pomme - 1,5L","p":2.14,"u":"1,43 €/L","img":"https://fd1-photos.leclercdrive.fr/image.ashx?id=2852411&use=l&cat=p&typeid=i","cat":284532},{"id":25567,"n":"Jus d'orange Jafaden A base de concentré  - 2L","p":3.51,"u":"1,76 €/L","img":"https://fd1-photos.leclercdrive.fr/image.ashx?id=2751892&use=l&cat=p&typeid=i","cat":284521},{"id":25575,"n":"Limonade artisanale Lorina Bouteille - 1L","p":3.09,"u":"3,09 €/L","img":"https://fd1-photos.leclercdrive.fr/image.ashx?id=2735137&use=l&cat=p&typeid=i","cat":284531},{"id":25576,"n":"Limonade Cristal Lorina 1,25L","p":2.33,"u":"1,86 €/L","img":"https://fd1-photos.leclercdrive.fr/image.ashx?id=2575555&use=l&cat=p&typeid=i","cat":284531},{"id":25587,"n":"Vin mousseux de France Kriter Blanc Brut - 75cl","p":4.85,"u":"6,47 €/L","img":"https://fd1-photos.leclercdrive.fr/image.ashx?id=2840868&use=l&cat=p&typeid=i","cat":284544},{"id":25589,"n":"Nectar Bio Pressade Orange pêche abricot - 1,5L","p":2.61,"u":"1,74 €/L","img":"https://fd1-photos.leclercdrive.fr/image.ashx?id=2732503&use=l&cat=p&typeid=i","cat":284521},{"id":25593,"n":"Boisson aux fruits Capri Sun Multivitaminé - 10x20cl","p":3.4,"u":"1,70 €/L","img":"https://fd1-photos.leclercdrive.fr/image.ashx?id=2447067&use=l&cat=p&typeid=i","cat":295018},{"id":25596,"n":"Nectar Bio Pressade Multifruits - 6x20cl","p":2.78,"u":"2,32 €/L","img":"https://fd1-photos.leclercdrive.fr/image.ashx?id=2732518&use=l&cat=p&typeid=i","cat":284524},{"id":25607,"n":"Eau minérale gazeuse Perrier  Naturelle  - 6x50cl","p":3.52,"u":"1,17 €/L","img":"https://fd1-photos.leclercdrive.fr/image.ashx?id=2493916&use=l&cat=p&typeid=i","cat":284536},{"id":25609,"n":"Saucisses aux lentilles  William Saurin- 840g","p":3.41,"u":"4,06 €/KG","img":"https://fd1-photos.leclercdrive.fr/image.ashx?id=2890070&use=l&cat=p&typeid=i","cat":284441},{"id":25614,"n":"Boisson Citronnade Pulco Citron - 1,5L","p":2.14,"u":"1,43 €/L","img":"https://fd1-photos.leclercdrive.fr/image.ashx?id=2941526&use=l&cat=p&typeid=i","cat":295018},{"id":25615,"n":"Concentré à diluer Pulco Agrumes - 70cl","p":2.83,"u":"4,04 €/L","img":"https://fd1-photos.leclercdrive.fr/image.ashx?id=2687851&use=l&cat=p&typeid=i","cat":295020},{"id":25619,"n":"Pastis Ricard Anisé 45% vol - 1,5L","p":29.86,"u":"19,91 €/L","img":"https://fd1-photos.leclercdrive.fr/image.ashx?id=2839115&use=l&cat=p&typeid=i","cat":284548},{"id":25627,"n":"Sirop Moulin de Valdonne Violette - 70cl","p":3.24,"u":"4,63 €/L","img":"https://fd1-photos.leclercdrive.fr/image.ashx?id=2756918&use=l&cat=p&typeid=i","cat":295020},{"id":25630,"n":"Taboulé Menu Fraîcheur Poulet - 500g","p":2.11,"u":"4,22 €/KG","img":"https://fd1-photos.leclercdrive.fr/image.ashx?id=2901449&use=l&cat=p&typeid=i","cat":333657},{"id":25632,"n":"Vodka Absolut 40% vol - 70cl","p":17.81,"u":"25,44 €/L","img":"https://fd1-photos.leclercdrive.fr/image.ashx?id=2887239&use=l&cat=p&typeid=i","cat":284550},{"id":25656,"n":"Crème Pieds Anti-Callosités Et Cornes - 75ml","p":4.84,"u":"64,53 €/L","img":"https://fd1-photos.leclercdrive.fr/image.ashx?id=2981310&use=l&cat=p&typeid=i","cat":325354},{"id":25661,"n":"Rasoir Siliss 3 lames - +1 recharge","p":4.25,"img":"https://fd1-photos.leclercdrive.fr/image.ashx?id=2699411&use=l&cat=p&typeid=i","cat":325352},{"id":25663,"n":"Chips à l'ancienne Pom'Lisse Nature - 270g","p":1.85,"u":"6,85 €/KG","img":"https://fd1-photos.leclercdrive.fr/image.ashx?id=2724835&use=l&cat=p&typeid=i","cat":284447},{"id":25685,"n":"Bouillon Cube Maggi Boeuf - 180g","p":1.5,"u":"8,33 €/KG","img":"https://fd1-photos.leclercdrive.fr/image.ashx?id=2882896&use=l&cat=p&typeid=i","cat":288379},{"id":25686,"n":"Bouillon Cube Maggi Volaille - 180g","p":1.5,"u":"8,33 €/KG","img":"https://fd1-photos.leclercdrive.fr/image.ashx?id=2737003&use=l&cat=p&typeid=i","cat":288379},{"id":25689,"n":"AOC Coteaux Varois rosé Terres de Saint-Louis - 75cl","p":6.75,"u":"9,00 €/L","img":"https://fd1-photos.leclercdrive.fr/image.ashx?id=2105905&use=l&cat=p&typeid=i","cat":289558},{"id":25729,"n":"Vinaigrette balsamique Puget Tomate séchée - 33cl","p":2.29,"u":"6,94 €/L","img":"https://fd1-photos.leclercdrive.fr/image.ashx?id=2912143&use=l&cat=p&typeid=i","cat":284456},{"id":25738,"n":"Blanc de poulet Fleury Michon -25% de sel x4 - 160g","p":2.23,"u":"13,94 €/KG","img":"https://fd1-photos.leclercdrive.fr/image.ashx?id=2885974&use=l&cat=p&typeid=i","cat":316010},{"id":25739,"n":"Bûche de chèvre Les Croisés Fondante 22%mg - 180g","p":1.84,"u":"10,22 €/KG","img":"https://fd1-photos.leclercdrive.fr/image.ashx?id=2946838&use=l&cat=p&typeid=i","cat":314031},{"id":25741,"n":"Grana Padano AOP Les Croisés - 200g","p":3.35,"u":"16,75 €/KG","img":"https://fd1-photos.leclercdrive.fr/image.ashx?id=2954091&use=l&cat=p&typeid=i","cat":314034},{"id":25742,"n":"Macédoine Menu Fraîcheur  Légumes - 300g","p":1.59,"u":"5,30 €/KG","img":"https://fd1-photos.leclercdrive.fr/image.ashx?id=2901446&use=l&cat=p&typeid=i","cat":333657},{"id":25743,"n":"Mascarpone Les Croisés - 500g","p":3.08,"u":"6,16 €/KG","img":"https://fd1-photos.leclercdrive.fr/image.ashx?id=2123626&use=l&cat=p&typeid=i","cat":314026},{"id":25744,"n":"Nems au Poulet Tables du Monde  x4  - 280g","p":1.79,"u":"6,39 €/KG","img":"https://fd1-photos.leclercdrive.fr/image.ashx?id=2953338&use=l&cat=p&typeid=i","cat":333673},{"id":25748,"n":"Hachés au colin d'Alaska Pêche Océan - 200g","p":2.24,"u":"11,20 €/KG","img":"https://fd1-photos.leclercdrive.fr/image.ashx?id=2953623&use=l&cat=p&typeid=i","cat":284344},{"id":25749,"n":"Hachés au saumon Pêche Océan à la ciboulette - 200g","p":2.25,"u":"11,25 €/KG","img":"https://fd1-photos.leclercdrive.fr/image.ashx?id=2953632&use=l&cat=p&typeid=i","cat":284344},{"id":25751,"n":"Barres céréales moelleux Grany Fruits des bois - 192g","p":1.98,"u":"10,31 €/KG","img":"https://fd1-photos.leclercdrive.fr/image.ashx?id=2963916&use=l&cat=p&typeid=i","cat":285869},{"id":25753,"n":"Génoises fourrées Eco+ Framboise - 300g","p":1.9,"u":"6,33 €/KG","img":"https://fd1-photos.leclercdrive.fr/image.ashx?id=2808197&use=l&cat=p&typeid=i","cat":284489},{"id":25759,"n":"Barquettes chats Gourmet Gold Double délice luxe mix - 12x85g","p":5.93,"u":"5,81 €/KG","img":"https://fd1-photos.leclercdrive.fr/image.ashx?id=2857096&use=l&cat=p&typeid=i","cat":285286},{"id":25762,"n":"Bâtonnets Dentastix Pedigree Grand chien x28 - 1080g","p":8.23,"u":"7,62 €/KG","img":"https://fd1-photos.leclercdrive.fr/image.ashx?id=2924776&use=l&cat=p&typeid=i","cat":294527},{"id":25764,"n":"Olives noires Tramier Dénoyautées - 150g","p":1.57,"u":"10,47 €/KG","img":"https://fd1-photos.leclercdrive.fr/image.ashx?id=2840814&use=l&cat=p&typeid=i","cat":284458},{"id":25765,"n":"Céréales Nestlé Mix Chocapic, Lion, Nesquik x6","p":2.29,"u":"12,05 €/KG","img":"https://fd1-photos.leclercdrive.fr/image.ashx?id=2981364&use=l&cat=p&typeid=i","cat":309513},{"id":25779,"n":"Yaourts Lait de chèvre Soignon Nature - 4x125g","p":2.31,"u":"4,62 €/KG","img":"https://fd1-photos.leclercdrive.fr/image.ashx?id=2518250&use=l&cat=p&typeid=i","cat":314998},{"id":25790,"n":"Sucre pure canne Bio Village En morceaux bio - 500g","p":2.09,"u":"4,18 €/KG","img":"https://fd1-photos.leclercdrive.fr/image.ashx?id=3010440&use=l&cat=p&typeid=i","cat":284502},{"id":25793,"n":"AOP Côtes du Rhône rouge Cellier des Dauphins - BIB 3L","p":11.35,"u":"3,78 €/L","img":"https://fd1-photos.leclercdrive.fr/image.ashx?id=2830006&use=l&cat=p&typeid=i","cat":289560},{"id":25801,"n":"Lingettes Wc Syphon Désinfectantes x40","p":2.2,"img":"https://fd1-photos.leclercdrive.fr/image.ashx?id=2768092&use=l&cat=p&typeid=i","cat":325358},{"id":25805,"n":"Légumes pour pot au feu Panier du Primeur - 1kg","p":2.49,"u":"2,49 €/KG","img":"https://fd1-photos.leclercdrive.fr/image.ashx?id=2958717&use=l&cat=p&typeid=i","cat":284352},{"id":25806,"n":"Lingettes bébé H2O Biolane Epaisses - x72","p":1.93,"u":"0,03 €/P","img":"https://fd1-photos.leclercdrive.fr/image.ashx?id=2877910&use=l&cat=p&typeid=i","cat":284738},{"id":25808,"n":"Protection incontinence Chorys Homme - Important - x20","p":5.38,"u":"0,27 €/P","img":"https://fd1-photos.leclercdrive.fr/image.ashx?id=2672933&use=l&cat=p&typeid=i","cat":291514},{"id":25811,"n":"Salade Coleslaw Menu Fraîcheur  500g","p":1.83,"u":"3,66 €/KG","img":"https://fd1-photos.leclercdrive.fr/image.ashx?id=2645930&use=l&cat=p&typeid=i","cat":333657},{"id":25817,"n":"Emincés de saumon fumé ASC Ronde des mers - 100g","p":4.45,"u":"44,50 €/KG","img":"https://fd1-photos.leclercdrive.fr/image.ashx?id=2953620&use=l&cat=p&typeid=i","cat":285188},{"id":25818,"n":"Émincés de saumon fumé ASC Ronde de mers - 100g","p":4.39,"u":"43,90 €/KG","img":"https://fd1-photos.leclercdrive.fr/image.ashx?id=2953617&use=l&cat=p&typeid=i","cat":285188},{"id":25819,"n":"Feuilletés Jambon Emmental Coté Table - 2x140g","p":2.99,"u":"10,68 €/KG","img":"https://fd1-photos.leclercdrive.fr/image.ashx?id=2846517&use=l&cat=p&typeid=i","cat":333671},{"id":25820,"n":"Flammekueche Coté Table 350g","p":1.85,"u":"5,29 €/KG","img":"https://fd1-photos.leclercdrive.fr/image.ashx?id=2064819&use=l&cat=p&typeid=i","cat":333680},{"id":25822,"n":"Fromage à tartiner Les Croisés Nature - 24%mg - 300g","p":1.84,"u":"6,13 €/KG","img":"https://fd1-photos.leclercdrive.fr/image.ashx?id=1630699&use=l&cat=p&typeid=i","cat":314029},{"id":25825,"n":"Fromage de brebis Les Croisés 210g","p":2.86,"u":"13,62 €/KG","img":"https://fd1-photos.leclercdrive.fr/image.ashx?id=2900112&use=l&cat=p&typeid=i","cat":329184},{"id":25836,"n":"Choucroute garnie  William Saurin - 800g","p":3.95,"u":"4,94 €/KG","img":"https://fd1-photos.leclercdrive.fr/image.ashx?id=2890058&use=l&cat=p&typeid=i","cat":284441},{"id":25839,"n":"Couscous parfumé Tipiak Prêt en 5 min  - 500g","p":2.02,"u":"4,04 €/KG","img":"https://fd1-photos.leclercdrive.fr/image.ashx?id=2946937&use=l&cat=p&typeid=i","cat":284429},{"id":25841,"n":"Couscous Tipiak  Prêt en 1 min 30 s - 500g","p":1.31,"u":"2,62 €/KG","img":"https://fd1-photos.leclercdrive.fr/image.ashx?id=2640431&use=l&cat=p&typeid=i","cat":284429},{"id":25848,"n":"Lait de coco Suzi Wan 500ml","p":2.73,"u":"5,46 €/L","img":"https://fd1-photos.leclercdrive.fr/image.ashx?id=2892934&use=l&cat=p&typeid=i","cat":288992},{"id":25854,"n":"Mignonnettes Côte d'Or Chocolat noir /orange - 24x10g","p":5.34,"u":"22,25 €/KG","img":"https://fd1-photos.leclercdrive.fr/image.ashx?id=3009152&use=l&cat=p&typeid=i","cat":284499},{"id":25855,"n":"Noix d'epaule Tulip Boîte - 340g","p":2.5,"u":"7,35 €/KG","img":"https://fd1-photos.leclercdrive.fr/image.ashx?id=2465598&use=l&cat=p&typeid=i","cat":305149},{"id":25860,"n":"Pain au chocolat La Boulangère Pur beurre - x8 - 400g","p":2.84,"u":"7,10 €/KG","img":"https://fd1-photos.leclercdrive.fr/image.ashx?id=2912182&use=l&cat=p&typeid=i","cat":296366},{"id":25865,"n":"Préparation taboulé Tipiak Menthe citron olive - 350g","p":2.03,"u":"5,80 €/KG","img":"https://fd1-photos.leclercdrive.fr/image.ashx?id=2973862&use=l&cat=p&typeid=i","cat":284429},{"id":25868,"n":"Flocons d'avoine Quaker Oats Classic - 800g","p":2.31,"u":"2,89 €/KG","img":"https://fd1-photos.leclercdrive.fr/image.ashx?id=2344498&use=l&cat=p&typeid=i","cat":309512},{"id":25879,"n":"Bâtonnets Dentastix Pedigree Petit chien x28 - 440g","p":5.52,"u":"12,55 €/KG","img":"https://fd1-photos.leclercdrive.fr/image.ashx?id=2877106&use=l&cat=p&typeid=i","cat":294527},{"id":25889,"n":"Mignonnettes Côte d'Or Chocolat au lait - 24x10g","p":5.62,"u":"23,42 €/KG","img":"https://fd1-photos.leclercdrive.fr/image.ashx?id=3002210&use=l&cat=p&typeid=i","cat":284499},{"id":25914,"n":"Tablette chocolat Côte d'Or Chocolat noir praliné - 200g","p":3.48,"u":"17,40 €/KG","img":"https://fd1-photos.leclercdrive.fr/image.ashx?id=2941943&use=l&cat=p&typeid=i","cat":284956},{"id":26026,"n":"Gel douche Eco+ Amande - 500ml","p":0.65,"u":"1,30 €/L","img":"https://fd1-photos.leclercdrive.fr/image.ashx?id=2979328&use=l&cat=p&typeid=i","cat":284594},{"id":26027,"n":"Gel douche Eco  Senteur vanille - 500ml","p":0.65,"u":"1,30 €/L","img":"https://fd1-photos.leclercdrive.fr/image.ashx?id=2079795&use=l&cat=p&typeid=i","cat":284594},{"id":26030,"n":"Masque Inell Film purifiant x2","p":0.99,"img":"https://fd1-photos.leclercdrive.fr/image.ashx?id=2691625&use=l&cat=p&typeid=i","cat":325346},{"id":26035,"n":"Bain de bouche Dentamyl Fraîcheur menthe - 500ml","p":1.89,"u":"3,78 €/L","img":"https://fd1-photos.leclercdrive.fr/image.ashx?id=2526604&use=l&cat=p&typeid=i","cat":284613},{"id":26038,"n":"Recharge savon mains Manava Crème Lait et miel - 250ml","p":0.57,"u":"2,28 €/L","img":"https://fd1-photos.leclercdrive.fr/image.ashx?id=2935489&use=l&cat=p&typeid=i","cat":284597},{"id":26040,"n":"Recharge savon mains Manava Gel spécial cuisine - 250ml","p":0.66,"u":"2,64 €/L","img":"https://fd1-photos.leclercdrive.fr/image.ashx?id=2935492&use=l&cat=p&typeid=i","cat":284597},{"id":26045,"n":"Activateur biologique Syphon Pour fosses septiques 26sachets","p":6.23,"img":"https://fd1-photos.leclercdrive.fr/image.ashx?id=2558805&use=l&cat=p&typeid=i","cat":284908},{"id":26065,"n":"Saucisson Petit Justin Bridou  Bâton de Berger Nature - 100g","p":2.4,"u":"24,00 €/KG","img":"https://fd1-photos.leclercdrive.fr/image.ashx?id=2851036&use=l&cat=p&typeid=i","cat":316006},{"id":26075,"n":"Liqueur Pisang Ambon 17%vol. - 70cl","p":9.95,"u":"14,21 €/L","img":"https://fd1-photos.leclercdrive.fr/image.ashx?id=2262647&use=l&cat=p&typeid=i","cat":286032},{"id":26093,"n":"Viande Bovine hachée Socopa  15% - 500g","p":7.75,"u":"15,50 €/KG","img":"https://fd1-photos.leclercdrive.fr/image.ashx?id=2453271&use=l&cat=p&typeid=i","cat":284332},{"id":26119,"n":"Extrait naturel Sainte Lucie Vanille blister 20ml","p":3.68,"u":"184,00 €/L","img":"https://fd1-photos.leclercdrive.fr/image.ashx?id=2774963&use=l&cat=p&typeid=i","cat":284504},{"id":26122,"n":"Décor anniversaire Sainte Lucie 1 bougie + 10 chiffres + socle","p":3.27,"img":"https://fd1-photos.leclercdrive.fr/image.ashx?id=2774364&use=l&cat=p&typeid=i","cat":284504},{"id":26133,"n":"Pistaches vertes Sainte Lucie Emondées Reine de Saba 50g","p":5.19,"u":"103,80 €/KG","img":"https://fd1-photos.leclercdrive.fr/image.ashx?id=2118764&use=l&cat=p&typeid=i","cat":284448},{"id":26137,"n":"Piment d'Espelette AOP Sainte Lucie - 50g","p":9.48,"u":"189,60 €/KG","img":"https://fd1-photos.leclercdrive.fr/image.ashx?id=2974342&use=l&cat=p&typeid=i","cat":298297},{"id":26138,"n":"Persillade Sainte Lucie 30g","p":3.74,"u":"124,67 €/KG","img":"https://fd1-photos.leclercdrive.fr/image.ashx?id=2774430&use=l&cat=p&typeid=i","cat":298297},{"id":26146,"n":"Sucre vanillé bio Sainte Lucie  Sachets - 5x7.5g","p":2.26,"u":"0,60 €/KG","img":"https://fd1-photos.leclercdrive.fr/image.ashx?id=2731519&use=l&cat=p&typeid=i","cat":284504},{"id":26150,"n":"Spéculoos Sainte Lucie Concassés 125g","p":2.38,"u":"19,04 €/KG","img":"https://fd1-photos.leclercdrive.fr/image.ashx?id=2144092&use=l&cat=p&typeid=i","cat":284504},{"id":26152,"n":"Salade Mexicaine Eco+ Au thon - 280g","p":1.12,"u":"4,00 €/KG","img":"https://fd1-photos.leclercdrive.fr/image.ashx?id=2884201&use=l&cat=p&typeid=i","cat":284437},{"id":26161,"n":"Yaourt nature brassé bifidus Activia - 8x125g","p":2.78,"u":"2,78 €/KG","img":"https://fd1-photos.leclercdrive.fr/image.ashx?id=2741691&use=l&cat=p&typeid=i","cat":315000},{"id":26183,"n":"Adoucissant Hyperdou Rêve de fraîcheur - 3x250ml","p":1.23,"u":"1,64 €/L","img":"https://fd1-photos.leclercdrive.fr/image.ashx?id=2643318&use=l&cat=p&typeid=i","cat":284650},{"id":26184,"n":"Adoucissant Hyperdou Senteur de provence - 3x250ml","p":1.2,"u":"1,60 €/L","img":"https://fd1-photos.leclercdrive.fr/image.ashx?id=2171991&use=l&cat=p&typeid=i","cat":284650},{"id":26185,"n":"Lingettes désinfectante Sanytol Multi-usage Eucalyptus - x72","p":1.58,"u":"0,03 €/P","img":"https://fd1-photos.leclercdrive.fr/image.ashx?id=2899353&use=l&cat=p&typeid=i","cat":325358},{"id":26193,"n":"Edulcorant Canderel sticks x120 - 120g","p":2.59,"u":"21,58 €/KG","img":"https://fd1-photos.leclercdrive.fr/image.ashx?id=2811011&use=l&cat=p&typeid=i","cat":324846},{"id":26223,"n":"Sauce Sacla'Italia Arrabbiata - 190g","p":2.3,"u":"12,11 €/KG","img":"https://fd1-photos.leclercdrive.fr/image.ashx?id=2971413&use=l&cat=p&typeid=i","cat":287599},{"id":26258,"n":"Madeleines coquilles P'tit déli Sachet 600g","p":2.39,"u":"3,98 €/KG","img":"https://fd1-photos.leclercdrive.fr/image.ashx?id=2540948&use=l&cat=p&typeid=i","cat":284492},{"id":26271,"n":"Rôti de porc Tradilège 6 tranches VPF 180g","p":2.38,"u":"13,22 €/KG","img":"https://fd1-photos.leclercdrive.fr/image.ashx?id=2675786&use=l&cat=p&typeid=i","cat":316009},{"id":26279,"n":"Mélange couscous royal Ducros Sachet malin - 20g","p":1.48,"u":"74,00 €/KG","img":"https://fd1-photos.leclercdrive.fr/image.ashx?id=2490491&use=l&cat=p&typeid=i","cat":298297},{"id":26281,"n":"Mélange malin Ducros Pour plats Mexicains - 40g","p":1.92,"u":"48,00 €/KG","img":"https://fd1-photos.leclercdrive.fr/image.ashx?id=2559445&use=l&cat=p&typeid=i","cat":298297},{"id":26289,"n":"Sauce froide Suzi Wan Aigre douce 330g","p":2.06,"u":"6,24 €/KG","img":"https://fd1-photos.leclercdrive.fr/image.ashx?id=2990886&use=l&cat=p&typeid=i","cat":288992},{"id":26303,"n":"Céréales Corn Flakes Eco+ sucrés - 750g","p":2.13,"u":"2,84 €/KG","img":"https://fd1-photos.leclercdrive.fr/image.ashx?id=2699099&use=l&cat=p&typeid=i","cat":309513},{"id":26307,"n":"Boisson énergisante Red Bull 473ml","p":2.09,"u":"4,42 €/L","img":"https://fd1-photos.leclercdrive.fr/image.ashx?id=3011986&use=l&cat=p&typeid=i","cat":284533},{"id":26309,"n":"Boîte chat Whiskas  Gelée mer & campagne - 8x400g","p":9.24,"u":"2,96 €/KG","img":"https://fd1-photos.leclercdrive.fr/image.ashx?id=2759628&use=l&cat=p&typeid=i","cat":285601},{"id":26310,"n":"Cornichons Kühne Aigre doux - 360g","p":2.31,"u":"6,42 €/KG","img":"https://fd1-photos.leclercdrive.fr/image.ashx?id=2550925&use=l&cat=p&typeid=i","cat":284458},{"id":26316,"n":"Mini-crêpes fourrées Tokapi Bacon - 65g","p":1.9,"u":"29,23 €/KG","img":"https://fd1-photos.leclercdrive.fr/image.ashx?id=2853886&use=l&cat=p&typeid=i","cat":297000},{"id":26319,"n":"Noix de cajou Tokapi Sans sel ajouté - 125g","p":1.79,"u":"14,32 €/KG","img":"https://fd1-photos.leclercdrive.fr/image.ashx?id=2794000&use=l&cat=p&typeid=i","cat":284448},{"id":26320,"n":"Oignons frits snack Kühne Boîte -  100g","p":1.4,"u":"14,00 €/KG","img":"https://fd1-photos.leclercdrive.fr/image.ashx?id=2447079&use=l&cat=p&typeid=i","cat":298297},{"id":26323,"n":"Soda Jean's Cola Canette - 12x15cl","p":3.72,"u":"2,07 €/L","img":"https://fd1-photos.leclercdrive.fr/image.ashx?id=2637895&use=l&cat=p&typeid=i","cat":284530},{"id":26325,"n":"Noisettes Sainte Lucie En poudre 125g","p":3.52,"u":"28,16 €/KG","img":"https://fd1-photos.leclercdrive.fr/image.ashx?id=2122046&use=l&cat=p&typeid=i","cat":284504},{"id":26328,"n":"Arôme amande amère Sainte Lucie Blister - 20ml","p":1.41,"u":"70,50 €/L","img":"https://fd1-photos.leclercdrive.fr/image.ashx?id=2774313&use=l&cat=p&typeid=i","cat":284504},{"id":26329,"n":"Arôme Sainte Lucie Fleur d'oranger flacon 250ml","p":2.08,"u":"8,32 €/L","img":"https://fd1-photos.leclercdrive.fr/image.ashx?id=2774316&use=l&cat=p&typeid=i","cat":284504},{"id":26330,"n":"Amandes California Sainte Lucie Blanches effilées sachet 125g","p":3.39,"u":"27,12 €/KG","img":"https://fd1-photos.leclercdrive.fr/image.ashx?id=2776109&use=l&cat=p&typeid=i","cat":284504},{"id":26332,"n":"Gélifiant naturel Sainte Lucie Végétal Agar Agar 4 sachets x2g","p":2.45,"u":"122,50 €/KG","img":"https://fd1-photos.leclercdrive.fr/image.ashx?id=2774325&use=l&cat=p&typeid=i","cat":284504},{"id":26335,"n":"Bougies anniversaire Ste Lucie Plusieurs coloris blister x20","p":2.48,"img":"https://fd1-photos.leclercdrive.fr/image.ashx?id=2774361&use=l&cat=p&typeid=i","cat":284504},{"id":26337,"n":"Clous de girofle Sainte Lucie 30g","p":3.55,"u":"118,33 €/KG","img":"https://fd1-photos.leclercdrive.fr/image.ashx?id=2774385&use=l&cat=p&typeid=i","cat":298297},{"id":26339,"n":"Cumin moulu Sainte Lucie 40g","p":2.74,"u":"68,50 €/KG","img":"https://fd1-photos.leclercdrive.fr/image.ashx?id=2974315&use=l&cat=p&typeid=i","cat":298297},{"id":26343,"n":"Piment doux Sainte Lucie Moulus - 50g","p":2.31,"u":"46,20 €/KG","img":"https://fd1-photos.leclercdrive.fr/image.ashx?id=2774388&use=l&cat=p&typeid=i","cat":298297},{"id":26348,"n":"Piments de cayenne Sainte Lucie Moulu - 40g","p":2.42,"u":"60,50 €/KG","img":"https://fd1-photos.leclercdrive.fr/image.ashx?id=2774400&use=l&cat=p&typeid=i","cat":298297},{"id":26351,"n":"Poivre blanc Sainte Lucie En grains étui - 100g","p":4.43,"u":"44,30 €/KG","img":"https://fd1-photos.leclercdrive.fr/image.ashx?id=1892858&use=l&cat=p&typeid=i","cat":284457},{"id":26362,"n":"Ail semoule Sainte Lucie 60g","p":2.22,"u":"37,00 €/KG","img":"https://fd1-photos.leclercdrive.fr/image.ashx?id=1892852&use=l&cat=p&typeid=i","cat":298297},{"id":26363,"n":"5 baies Sainte Lucie Flacon - 45g","p":3.13,"u":"69,56 €/KG","img":"https://fd1-photos.leclercdrive.fr/image.ashx?id=2974324&use=l&cat=p&typeid=i","cat":284457},{"id":26366,"n":"Caramel liquide Sainte Lucie Nature flacon 250ml","p":2.5,"u":"10,00 €/L","img":"https://fd1-photos.leclercdrive.fr/image.ashx?id=2776106&use=l&cat=p&typeid=i","cat":284504},{"id":26369,"n":"Demi feuilles de gélatine  Sainte Lucie","p":1.48,"img":"https://fd1-photos.leclercdrive.fr/image.ashx?id=2859024&use=l&cat=p&typeid=i","cat":284504},{"id":26372,"n":"Noix de coco Sainte Lucie Des Tropiques râpée sachet 125g","p":2.05,"u":"16,40 €/KG","img":"https://fd1-photos.leclercdrive.fr/image.ashx?id=2776115&use=l&cat=p&typeid=i","cat":284504},{"id":26375,"n":"Pâte d'amandes Sainte Lucie Tricolore pain - 200g","p":2.68,"u":"13,40 €/KG","img":"https://fd1-photos.leclercdrive.fr/image.ashx?id=2774352&use=l&cat=p&typeid=i","cat":284504},{"id":26376,"n":"Pepites de chocolat au lait Vahiné - 100g","p":2.26,"u":"22,60 €/KG","img":"https://fd1-photos.leclercdrive.fr/image.ashx?id=2983243&use=l&cat=p&typeid=i","cat":284504},{"id":26377,"n":"Pépites Vahiné Chocolat chunks - 100g","p":2.87,"u":"28,70 €/KG","img":"https://fd1-photos.leclercdrive.fr/image.ashx?id=2606262&use=l&cat=p&typeid=i","cat":284504},{"id":26378,"n":"Curcuma moulu Sainte Lucie 55g","p":2.47,"u":"44,91 €/KG","img":"https://fd1-photos.leclercdrive.fr/image.ashx?id=2774391&use=l&cat=p&typeid=i","cat":298297},{"id":26379,"n":"Echalote semoule Sainte Lucie 40g","p":1.79,"u":"44,75 €/KG","img":"https://fd1-photos.leclercdrive.fr/image.ashx?id=2974318&use=l&cat=p&typeid=i","cat":298297},{"id":26381,"n":"Vermicelles Multicolores Sainte Lucie - 65g","p":2.08,"u":"32,00 €/KG","img":"https://fd1-photos.leclercdrive.fr/image.ashx?id=2774340&use=l&cat=p&typeid=i","cat":284504},{"id":26384,"n":"Pépites Vahiné Chocolat noir 200g","p":4.34,"u":"21,70 €/KG","img":"https://fd1-photos.leclercdrive.fr/image.ashx?id=2606265&use=l&cat=p&typeid=i","cat":284504},{"id":26385,"n":"Aneth feuilles Sainte Lucie 15g","p":1.77,"u":"118,00 €/KG","img":"https://fd1-photos.leclercdrive.fr/image.ashx?id=2774382&use=l&cat=p&typeid=i","cat":298297},{"id":26386,"n":"Basilic feuilles Sainte Lucie Coupées - 15g","p":1.65,"u":"110,00 €/KG","img":"https://fd1-photos.leclercdrive.fr/image.ashx?id=2774376&use=l&cat=p&typeid=i","cat":298297},{"id":26390,"n":"Poivre noir grains Sainte Lucie Saveurs préservées flacon 50g","p":2.7,"u":"54,00 €/KG","img":"https://fd1-photos.leclercdrive.fr/image.ashx?id=2974327&use=l&cat=p&typeid=i","cat":284457},{"id":26391,"n":"Poivre noir moulu Sainte Lucie Saveurs préservées - 50g","p":2.18,"u":"43,60 €/KG","img":"https://fd1-photos.leclercdrive.fr/image.ashx?id=2974330&use=l&cat=p&typeid=i","cat":284457},{"id":26392,"n":"Poivre gris moulu Sainte Lucie Flacon 50g","p":1.98,"u":"39,60 €/KG","img":"https://fd1-photos.leclercdrive.fr/image.ashx?id=2176776&use=l&cat=p&typeid=i","cat":284457},{"id":26393,"n":"Poivre gris moulu Sainte Lucie 95g","p":3.61,"u":"38,00 €/KG","img":"https://fd1-photos.leclercdrive.fr/image.ashx?id=2774445&use=l&cat=p&typeid=i","cat":284457},{"id":26394,"n":"Poivre noir grains Sainte Lucie Etui - 100g","p":3.92,"u":"39,20 €/KG","img":"https://fd1-photos.leclercdrive.fr/image.ashx?id=2774442&use=l&cat=p&typeid=i","cat":284457},{"id":26395,"n":"Sucre vanillé Sainte Lucie Bourbon 5 sachets - 38g","p":1.56,"u":"41,05 €/KG","img":"https://fd1-photos.leclercdrive.fr/image.ashx?id=2774286&use=l&cat=p&typeid=i","cat":284504},{"id":26398,"n":"Sucre vanilliné Vahiné 10 sachets 75g","p":0.95,"u":"12,67 €/KG","img":"https://fd1-photos.leclercdrive.fr/image.ashx?id=2490539&use=l&cat=p&typeid=i","cat":294686},{"id":26402,"n":"Thym feuilles Sainte Lucie Aromatiques - 18g","p":1.57,"u":"87,22 €/KG","img":"https://fd1-photos.leclercdrive.fr/image.ashx?id=2774966&use=l&cat=p&typeid=i","cat":298297},{"id":26407,"n":"Raisins secs bruns Sainte Lucie De Smyrne - 125g","p":1.45,"u":"11,60 €/KG","img":"https://fd1-photos.leclercdrive.fr/image.ashx?id=2774337&use=l&cat=p&typeid=i","cat":323809},{"id":26408,"n":"Raisins blonds Sainte Lucie Sultanine - 125g","p":2.09,"u":"16,72 €/KG","img":"https://fd1-photos.leclercdrive.fr/image.ashx?id=2142638&use=l&cat=p&typeid=i","cat":284357},{"id":26443,"n":"Liqueur Litchi Yen Li 15%vol. - 70cl","p":7.23,"u":"10,33 €/L","img":"https://fd1-photos.leclercdrive.fr/image.ashx?id=1898904&use=l&cat=p&typeid=i","cat":286032},{"id":26447,"n":"Pralin doré haché Sainte Lucie Sachet 75g","p":1.89,"u":"25,20 €/KG","img":"https://fd1-photos.leclercdrive.fr/image.ashx?id=2774355&use=l&cat=p&typeid=i","cat":284504},{"id":26458,"n":"Armagnac Duc de Borzac VSOP - 40%vol. - 70cl","p":26.99,"u":"38,56 €/L","img":"https://fd1-photos.leclercdrive.fr/image.ashx?id=1648332&use=l&cat=p&typeid=i","cat":286032},{"id":26464,"n":"Steak haché 5% MG Bio Village Bio 2x100g","p":4.59,"u":"22,95 €/KG","img":"https://fd1-photos.leclercdrive.fr/image.ashx?id=2951338&use=l&cat=p&typeid=i","cat":284332},{"id":26465,"n":"Steak haché 15% MG Bio Village Bio 2x100g","p":4.19,"u":"20,95 €/KG","img":"https://fd1-photos.leclercdrive.fr/image.ashx?id=2951341&use=l&cat=p&typeid=i","cat":284332},{"id":26484,"n":"Croquette chat stérilisé Ultima  Poulet - 3kg","p":11.57,"u":"3,86 €/KG","img":"https://fd1-photos.leclercdrive.fr/image.ashx?id=2918886&use=l&cat=p&typeid=i","cat":284680},{"id":26512,"n":"Fromage blanc Délisse Fraise 5.5%MG - 500g","p":2.55,"u":"5,10 €/KG","img":"https://fd1-photos.leclercdrive.fr/image.ashx?id=3009514&use=l&cat=p&typeid=i","cat":284409},{"id":26513,"n":"Poulet entier Maître Coq Graine de Lin - 1,4kg","p":8.26,"u":"5,90 €/KG","img":"https://fd1-photos.leclercdrive.fr/image.ashx?id=2881338&use=l&cat=p&typeid=i","cat":284336},{"id":26562,"n":"Lait sans lactose Délisse UHT Bouteille -  6x1L","p":7.5,"u":"1,25 €/L","img":"https://fd1-photos.leclercdrive.fr/image.ashx?id=2366292&use=l&cat=p&typeid=i","cat":317169},{"id":26569,"n":"Filet de poulet blanc Le Gaulois 720g","p":10.59,"u":"14,71 €/KG","img":"https://fd1-photos.leclercdrive.fr/image.ashx?id=3003212&use=l&cat=p&typeid=i","cat":284336},{"id":26586,"n":"Fromage blanc Déli'light Vanille 0%MG - 8x100g","p":2.66,"u":"3,33 €/KG","img":"https://fd1-photos.leclercdrive.fr/image.ashx?id=2043352&use=l&cat=p&typeid=i","cat":315000},{"id":26611,"n":"Sel moulu Le Guérandais Tradition - 250g","p":1.71,"u":"6,84 €/KG","img":"https://fd1-photos.leclercdrive.fr/image.ashx?id=1954622&use=l&cat=p&typeid=i","cat":284457},{"id":26646,"n":"AOP Champagne Brut Nicolas Feuillatte Grande Réserve 75cl","p":22.35,"pp":20.11,"u":"26,81 €/L","img":"https://fd1-photos.leclercdrive.fr/image.ashx?id=2733184&use=l&cat=p&typeid=i","cat":284542},{"id":26648,"n":"Couscous Grain Moyen Regia - 500G","p":1.38,"u":"2,76 €/KG","img":"https://fd1-photos.leclercdrive.fr/image.ashx?id=2870206&use=l&cat=p&typeid=i","cat":284429},{"id":26649,"n":"Cacahuètes Benenuts-Twinuts Nature Sel - 150g","p":1.12,"u":"7,47 €/KG","img":"https://fd1-photos.leclercdrive.fr/image.ashx?id=2967735&use=l&cat=p&typeid=i","cat":284448},{"id":26659,"n":"Fonds d'artichauts Notre Jardin 210g","p":2.75,"u":"13,10 €/KG","img":"https://fd1-photos.leclercdrive.fr/image.ashx?id=2607921&use=l&cat=p&typeid=i","cat":312611},{"id":26663,"n":"Farine de sarrasin Treblec 1kg","p":2.81,"u":"2,81 €/KG","img":"https://fd1-photos.leclercdrive.fr/image.ashx?id=2734843&use=l&cat=p&typeid=i","cat":284503},{"id":26708,"n":"Cacahuètes Benenuts-Twinuts Bacon Grillé - 150g","p":1.14,"u":"7,60 €/KG","img":"https://fd1-photos.leclercdrive.fr/image.ashx?id=2967738&use=l&cat=p&typeid=i","cat":284448},{"id":26713,"n":"Brownie Brossard Chocolat pépites 285g","p":2.5,"u":"8,77 €/KG","img":"https://fd1-photos.leclercdrive.fr/image.ashx?id=2977492&use=l&cat=p&typeid=i","cat":294776},{"id":26722,"n":"Ratatouille Cuisinée Cassegrain à la Provençale 660g","p":3.65,"u":"5,53 €/KG","img":"https://fd1-photos.leclercdrive.fr/image.ashx?id=2902660&use=l&cat=p&typeid=i","cat":312612},{"id":26725,"n":"Infusion camomille Tiséa 25 sachets - 37,5g","p":0.92,"u":"0,25 €/KG","img":"https://fd1-photos.leclercdrive.fr/image.ashx?id=2441288&use=l&cat=p&typeid=i","cat":293234},{"id":26733,"n":"Dessert végétal au soja Sojasun Nature - 12x100g","p":3.16,"u":"2,63 €/KG","img":"https://fd1-photos.leclercdrive.fr/image.ashx?id=2355665&use=l&cat=p&typeid=i","cat":316071},{"id":26737,"n":"Terreau pour sol Eco  40L","p":2.55,"u":"0,06 €/L","img":"https://fd1-photos.leclercdrive.fr/image.ashx?id=2162132&use=l&cat=p&typeid=i","cat":335919},{"id":26765,"n":"Mayonnaise Rustica A la moutarde de Dijon - 470g","p":1.6,"u":"3,40 €/KG","img":"https://fd1-photos.leclercdrive.fr/image.ashx?id=2954361&use=l&cat=p&typeid=i","cat":298295},{"id":26797,"n":"Compote Douceur du Verger Coupelle pomme fraise - 4x100g","p":1.15,"u":"2,88 €/KG","img":"https://fd1-photos.leclercdrive.fr/image.ashx?id=2663503&use=l&cat=p&typeid=i","cat":284508},{"id":26805,"n":"Crêpes dentelle Gavottes Nature étui 125g","p":2.03,"u":"16,24 €/KG","img":"https://fd1-photos.leclercdrive.fr/image.ashx?id=2664473&use=l&cat=p&typeid=i","cat":284487},{"id":26808,"n":"Thon blanc entier Connétable Naturel Label Rouge - 120g","p":3.27,"u":"27,25 €/KG","img":"https://fd1-photos.leclercdrive.fr/image.ashx?id=2901935&use=l&cat=p&typeid=i","cat":303867},{"id":26818,"n":"Boisson base vin rosée Very Pamp Pamplemousse - 75cl","p":2.99,"u":"3,99 €/L","img":"https://fd1-photos.leclercdrive.fr/image.ashx?id=2446629&use=l&cat=p&typeid=i","cat":304569},{"id":26819,"n":"Boisson aromatisée Vin rosé Pamplemousse 7.5%,vol BIB 3L","p":9.5,"u":"3,17 €/L","img":"https://fd1-photos.leclercdrive.fr/image.ashx?id=2470024&use=l&cat=p&typeid=i","cat":304569},{"id":26820,"n":"IGP Pays d'Oc rouge Roche Mazet Merlot - BIB 3L","p":10.6,"u":"3,53 €/L","img":"https://fd1-photos.leclercdrive.fr/image.ashx?id=2597387&use=l&cat=p&typeid=i","cat":289560},{"id":26840,"n":"Spray Détachant Vanish  Avant-lavage - 750ml","p":4.46,"u":"5,95 €/L","img":"https://fd1-photos.leclercdrive.fr/image.ashx?id=2963913&use=l&cat=p&typeid=i","cat":284651},{"id":26877,"n":"Crackers Mini pizza Tokapi 85g","p":0.69,"u":"8,12 €/KG","img":"https://fd1-photos.leclercdrive.fr/image.ashx?id=2351232&use=l&cat=p&typeid=i","cat":297000},{"id":26926,"n":"Couches bébé Mots d'Enfants -T3 Ultra confort - 4/9kg - x162","p":19.7,"u":"0,12 €/P","img":"https://fd1-photos.leclercdrive.fr/image.ashx?id=2573987&use=l&cat=p&typeid=i","cat":284737},{"id":26945,"n":"Bâtonnets Trium Noix de coco x4 - 292g","p":2.69,"u":"9,21 €/KG","img":"https://fd1-photos.leclercdrive.fr/image.ashx?id=2767501&use=l&cat=p&typeid=i","cat":284265},{"id":26978,"n":"Chewing-gum menthol Airwaves Eucalyptus s/sucre 5x10","p":2.22,"img":"https://fd1-photos.leclercdrive.fr/image.ashx?id=2355902&use=l&cat=p&typeid=i","cat":304251},{"id":26979,"n":"Chewing-gum Airwaves Cool cassis s/sucre 5x10","p":2.14,"img":"https://fd1-photos.leclercdrive.fr/image.ashx?id=2355905&use=l&cat=p&typeid=i","cat":304251},{"id":26998,"n":"Sachet repas chats Gourmet Les filettines en sauce -12x85g","p":5.35,"u":"5,25 €/KG","img":"https://fd1-photos.leclercdrive.fr/image.ashx?id=2902277&use=l&cat=p&typeid=i","cat":285286},{"id":27086,"n":"Crème légère fluide UHT Bio Bio Village 15%mg - 3x20cl","p":3.65,"u":"6,08 €/L","img":"https://fd1-photos.leclercdrive.fr/image.ashx?id=2694434&use=l&cat=p&typeid=i","cat":284381},{"id":27087,"n":"Crème entière fluide UHT Bio Bio Village 30% MG - 3x20cl","p":3.96,"u":"6,60 €/L","img":"https://fd1-photos.leclercdrive.fr/image.ashx?id=2496899&use=l&cat=p&typeid=i","cat":284381},{"id":27088,"n":"Glace à l'eau Stick Smicy 5 parfums x20 - 845g","p":2.74,"u":"3,24 €/KG","img":"https://fd1-photos.leclercdrive.fr/image.ashx?id=2073057&use=l&cat=p&typeid=i","cat":285250},{"id":27091,"n":"Mayonnaise Rustica A la moutarde de Dijon - 235g","p":1.13,"u":"4,81 €/KG","img":"https://fd1-photos.leclercdrive.fr/image.ashx?id=2954358&use=l&cat=p&typeid=i","cat":298295},{"id":27093,"n":"Compote Douceur du Verger Coupelle pomme abricot - 4x100g","p":1.19,"u":"2,98 €/KG","img":"https://fd1-photos.leclercdrive.fr/image.ashx?id=2663500&use=l&cat=p&typeid=i","cat":284508},{"id":27096,"n":"Mayonnaise allégée Rustica 450g","p":1.14,"u":"2,53 €/KG","img":"https://fd1-photos.leclercdrive.fr/image.ashx?id=1026709&use=l&cat=p&typeid=i","cat":298295},{"id":27098,"n":"Café moulu Plantation Brésil - 250g","p":3.71,"u":"14,84 €/KG","img":"https://fd1-photos.leclercdrive.fr/image.ashx?id=2607512&use=l&cat=p&typeid=i","cat":284750},{"id":27106,"n":"Couches bébé Mots d'Enfants Mini - T2 : 3/6kg - x35 changes","p":5.18,"u":"0,15 €/P","img":"https://fd1-photos.leclercdrive.fr/image.ashx?id=2904568&use=l&cat=p&typeid=i","cat":284737},{"id":27108,"n":"Steak haché 5%mg Férial façon bouchère - 250g","p":4.49,"u":"17,96 €/KG","img":"https://fd1-photos.leclercdrive.fr/image.ashx?id=2903989&use=l&cat=p&typeid=i","cat":284332},{"id":27114,"n":"Lait céréales Blédidej 12 mois Chocolat - 4x250ml","p":3.44,"u":"3,44 €/L","img":"https://fd1-photos.leclercdrive.fr/image.ashx?id=2921058&use=l&cat=p&typeid=i","cat":312226},{"id":27123,"n":"Petit sucre Beghin Say Morceaux boite - 1kg","p":2.58,"u":"2,58 €/KG","img":"https://fd1-photos.leclercdrive.fr/image.ashx?id=2855100&use=l&cat=p&typeid=i","cat":284502},{"id":27126,"n":"Sucre Beghin Say Saveur vergeoise brune - 500g","p":1.79,"u":"3,58 €/KG","img":"https://fd1-photos.leclercdrive.fr/image.ashx?id=2860178&use=l&cat=p&typeid=i","cat":284502},{"id":27129,"n":"Papillotes Préparation Maggi Poulet ail et oignons - 36g","p":0.73,"u":"20,28 €/KG","img":"https://fd1-photos.leclercdrive.fr/image.ashx?id=2965295&use=l&cat=p&typeid=i","cat":288380},{"id":27137,"n":"Friandises Picnic Fido Festival 3 variétés  x15  -126g","p":1.58,"u":"12,54 €/KG","img":"https://fd1-photos.leclercdrive.fr/image.ashx?id=2382595&use=l&cat=p&typeid=i","cat":294527},{"id":27139,"n":"Viande hachée tradition Charal 15%MG - 600g","p":8.6,"u":"14,33 €/KG","img":"https://fd1-photos.leclercdrive.fr/image.ashx?id=2014373&use=l&cat=p&typeid=i","cat":284332},{"id":27149,"n":"Bonbons Croibleu Sève de pin - 250g","p":1.88,"u":"7,52 €/KG","img":"https://fd1-photos.leclercdrive.fr/image.ashx?id=1640045&use=l&cat=p&typeid=i","cat":304252},{"id":27158,"n":"Mini Barre Chocolat Lait KitKat x21 barres - 350g","p":4.63,"u":"13,23 €/KG","img":"https://fd1-photos.leclercdrive.fr/image.ashx?id=2762611&use=l&cat=p&typeid=i","cat":284498},{"id":27174,"n":"Bière blonde Tripel Karmeliet 8,4% - 75cl","p":4.6,"u":"6,13 €/L","img":"https://fd1-photos.leclercdrive.fr/image.ashx?id=2861180&use=l&cat=p&typeid=i","cat":334872},{"id":27178,"n":"Friandises Fun Tastix Fido Jambon fromage - 150g","p":1.64,"u":"10,93 €/KG","img":"https://fd1-photos.leclercdrive.fr/image.ashx?id=2681212&use=l&cat=p&typeid=i","cat":294527},{"id":27186,"n":"Bière blonde Leffe Triple 8,5% - 75cl","p":2.91,"u":"3,88 €/L","img":"https://fd1-photos.leclercdrive.fr/image.ashx?id=1890049&use=l&cat=p&typeid=i","cat":334852},{"id":27214,"n":"Bière blonde Triple Karmeliet 33cl","p":2.62,"u":"7,94 €/L","img":"https://fd1-photos.leclercdrive.fr/image.ashx?id=1875926&use=l&cat=p&typeid=i","cat":334872},{"id":27228,"n":"Couches bébé Mots d'Enfants Ecologique - T3 : 4/9kg - x36","p":8.99,"u":"0,25 €/P","img":"https://fd1-photos.leclercdrive.fr/image.ashx?id=2914258&use=l&cat=p&typeid=i","cat":284737},{"id":27229,"n":"Couches bébé Mots d'Enfants Ecologique - T4 : 7/18kg - x32","p":8.99,"u":"0,28 €/P","img":"https://fd1-photos.leclercdrive.fr/image.ashx?id=2487150&use=l&cat=p&typeid=i","cat":284737},{"id":27230,"n":"Couches bébé Mots d'Enfants Ecologique - T5 : 11/25kg - x28","p":9.29,"u":"0,33 €/P","img":"https://fd1-photos.leclercdrive.fr/image.ashx?id=2904565&use=l&cat=p&typeid=i","cat":284737},{"id":27366,"n":"Viande haché 5% MG Bio Village Bio 350g","p":7.96,"u":"22,74 €/KG","img":"https://fd1-photos.leclercdrive.fr/image.ashx?id=2942256&use=l&cat=p&typeid=i","cat":284332},{"id":27372,"n":"Adoucissant Hyperdou Douceur pêche - 3x250ml","p":1.24,"u":"1,65 €/L","img":"https://fd1-photos.leclercdrive.fr/image.ashx?id=2657208&use=l&cat=p&typeid=i","cat":284650},{"id":27377,"n":"Cordons bleus Isla Délice Halal - x4 400g","p":3.63,"u":"9,08 €/KG","img":"https://fd1-photos.leclercdrive.fr/image.ashx?id=2249689&use=l&cat=p&typeid=i","cat":319780},{"id":27379,"n":"Steak haché Isla Délice 80% pur boeuf Halal - 800g","p":10.47,"u":"13,09 €/KG","img":"https://fd1-photos.leclercdrive.fr/image.ashx?id=1583297&use=l&cat=p&typeid=i","cat":319778},{"id":27434,"n":"Coupelles Pêches DDV Sirop léger - 4x70 g","p":2.49,"u":"8,89 €/KG","img":"https://fd1-photos.leclercdrive.fr/image.ashx?id=2100784&use=l&cat=p&typeid=i","cat":284507},{"id":27454,"n":"Maïs Notre Jardin Croquant - 3x140g","p":1.83,"u":"4,36 €/KG","img":"https://fd1-photos.leclercdrive.fr/image.ashx?id=2052802&use=l&cat=p&typeid=i","cat":312611},{"id":27487,"n":"Dés Salakis basilic Fromage brebis - 300g","p":3.5,"u":"11,67 €/KG","img":"https://fd1-photos.leclercdrive.fr/image.ashx?id=2729695&use=l&cat=p&typeid=i","cat":314026},{"id":27523,"n":"Colin d'Alaska Pêche Océan À la parisienne - MSC - 400g","p":2.79,"u":"6,98 €/KG","img":"https://fd1-photos.leclercdrive.fr/image.ashx?id=2930120&use=l&cat=p&typeid=i","cat":319786},{"id":27524,"n":"Colin d'Alaska Côté Table A la provençale - MSC - 400g","p":2.79,"u":"6,98 €/KG","img":"https://fd1-photos.leclercdrive.fr/image.ashx?id=2930123&use=l&cat=p&typeid=i","cat":319786},{"id":27564,"n":"Blé précuit Comptoir du Grain Sachet cuisson - x4 - 500g","p":1.7,"u":"3,40 €/KG","img":"https://fd1-photos.leclercdrive.fr/image.ashx?id=2515494&use=l&cat=p&typeid=i","cat":284429},{"id":27567,"n":"Ruban adhésif double face Siléa Largeur 50mm x 25 mètres","p":6.5,"img":"https://fd1-photos.leclercdrive.fr/image.ashx?id=2162351&use=l&cat=p&typeid=i","cat":300576},{"id":27676,"n":"Flocons d'avoine Rapidoats 500g","p":1.94,"u":"3,88 €/KG","img":"https://fd1-photos.leclercdrive.fr/image.ashx?id=2066314&use=l&cat=p&typeid=i","cat":309512},{"id":27677,"n":"Café moulu Mövenpick Le divin - 500g","p":9.14,"u":"18,28 €/KG","img":"https://fd1-photos.leclercdrive.fr/image.ashx?id=2802644&use=l&cat=p&typeid=i","cat":284750},{"id":27679,"n":"Confiture Beyer Mirabelles 370g","p":2.27,"u":"6,14 €/KG","img":"https://fd1-photos.leclercdrive.fr/image.ashx?id=2763382&use=l&cat=p&typeid=i","cat":284480},{"id":27680,"n":"Confiture Beyer Myrtilles 370g","p":2.94,"u":"7,95 €/KG","img":"https://fd1-photos.leclercdrive.fr/image.ashx?id=2954226&use=l&cat=p&typeid=i","cat":284480},{"id":27685,"n":"IGP Pâtes Grand'Mère Torsades - 250g","p":1.24,"u":"4,96 €/KG","img":"https://fd1-photos.leclercdrive.fr/image.ashx?id=2503903&use=l&cat=p&typeid=i","cat":284427},{"id":27686,"n":"IGP Pâtes Grand'Mère Nids - 500g","p":2.48,"u":"4,96 €/KG","img":"https://fd1-photos.leclercdrive.fr/image.ashx?id=2191990&use=l&cat=p&typeid=i","cat":284427},{"id":27687,"n":"Pâtes Grand'Mère Spaghetti - 500g","p":2.27,"u":"4,54 €/KG","img":"https://fd1-photos.leclercdrive.fr/image.ashx?id=1604027&use=l&cat=p&typeid=i","cat":284427},{"id":27692,"n":"Eau gazeuse Lisbeth 6x1,25L","p":3.66,"u":"0,49 €/L","img":"https://fd1-photos.leclercdrive.fr/image.ashx?id=2838643&use=l&cat=p&typeid=i","cat":284536},{"id":27693,"n":"Eau minérale Wattwiller 9x50cl","p":3.5,"u":"0,78 €/L","img":"https://fd1-photos.leclercdrive.fr/image.ashx?id=2925406&use=l&cat=p&typeid=i","cat":284535},{"id":27694,"n":"Soda Elsass Cola Bouteille - 6x1,25L","p":7.86,"u":"1,05 €/L","img":"https://fd1-photos.leclercdrive.fr/image.ashx?id=2838640&use=l&cat=p&typeid=i","cat":284530},{"id":27696,"n":"AOC Riesling vin blanc sec Sélection Turckheim - 75cl","p":4.2,"u":"5,60 €/L","img":"https://fd1-photos.leclercdrive.fr/image.ashx?id=2585789&use=l&cat=p&typeid=i","cat":289557},{"id":27697,"n":"Vin blanc Cave de Turckheim Riesling - 37,5cl","p":5.02,"u":"13,39 €/L","img":"https://fd1-photos.leclercdrive.fr/image.ashx?id=1573640&use=l&cat=p&typeid=i","cat":289557},{"id":27698,"n":"AOP Alsace pinot gris blanc Cave de Turckheim - 75cl","p":5.99,"u":"7,99 €/L","img":"https://fd1-photos.leclercdrive.fr/image.ashx?id=1965222&use=l&cat=p&typeid=i","cat":289557},{"id":27699,"n":"AOC Vin blanc Cave de Turckheim moelleux Gewurztraminer - 75cl","p":6.5,"u":"8,67 €/L","img":"https://fd1-photos.leclercdrive.fr/image.ashx?id=2555484&use=l&cat=p&typeid=i","cat":289557},{"id":27709,"n":"Dentifrice Dentamyl Soin complet sensitive 75ml","p":0.92,"u":"12,27 €/L","img":"https://fd1-photos.leclercdrive.fr/image.ashx?id=2489119&use=l&cat=p&typeid=i","cat":284612},{"id":27721,"n":"Emmental Les Croisés En tranches - 200g","p":1.94,"u":"9,70 €/KG","img":"https://fd1-photos.leclercdrive.fr/image.ashx?id=2436317&use=l&cat=p&typeid=i","cat":314028},{"id":27798,"n":"Bière ambrée corse Pietra 6° - 75cl","p":3.89,"u":"5,19 €/L","img":"https://fd1-photos.leclercdrive.fr/image.ashx?id=2992921&use=l&cat=p&typeid=i","cat":334872},{"id":27836,"n":"Pizza Crousti-moelleuse Marie Poulet kebab - 530g","p":4.03,"u":"7,60 €/KG","img":"https://fd1-photos.leclercdrive.fr/image.ashx?id=2996752&use=l&cat=p&typeid=i","cat":284256},{"id":27941,"n":"Cotons Duo Démaquillants Inell Disques x110","p":0.97,"img":"https://fd1-photos.leclercdrive.fr/image.ashx?id=1709588&use=l&cat=p&typeid=i","cat":285593},{"id":27976,"n":"Eau minérale naturelle Vittel 8x33cl","p":2.56,"u":"0,97 €/L","img":"https://fd1-photos.leclercdrive.fr/image.ashx?id=3000423&use=l&cat=p&typeid=i","cat":284535},{"id":27977,"n":"Eau minérale naturelle Vittel 6x50cl","p":2.39,"u":"0,80 €/L","img":"https://fd1-photos.leclercdrive.fr/image.ashx?id=2999850&use=l&cat=p&typeid=i","cat":284535},{"id":27987,"n":"Fromage Petit Munster Dodin AOP - 250g","p":3.94,"u":"15,76 €/KG","img":"https://fd1-photos.leclercdrive.fr/image.ashx?id=2398946&use=l&cat=p&typeid=i","cat":329558},{"id":27991,"n":"Rösti Schneider 400g","p":3.49,"u":"8,73 €/KG","img":"https://fd1-photos.leclercdrive.fr/image.ashx?id=1933242&use=l&cat=p&typeid=i","cat":333671},{"id":27992,"n":"Fleischschnacka Maurer x4","p":3.89,"u":"0,97 €/P","img":"https://fd1-photos.leclercdrive.fr/image.ashx?id=2662343&use=l&cat=p&typeid=i","cat":333666},{"id":27996,"n":"Fromage blanc Bibeleskaes Nature - 8%mg - 1kg","p":2.98,"u":"2,98 €/KG","img":"https://fd1-photos.leclercdrive.fr/image.ashx?id=2839722&use=l&cat=p&typeid=i","cat":284409},{"id":28004,"n":"Sucre cristal Daddy Sac 5kg","p":8.04,"u":"1,61 €/KG","img":"https://fd1-photos.leclercdrive.fr/image.ashx?id=2936068&use=l&cat=p&typeid=i","cat":284502},{"id":28021,"n":"Dentifrice enfant Dentamyl Gel fraise - 75ml","p":1.25,"u":"16,67 €/L","img":"https://fd1-photos.leclercdrive.fr/image.ashx?id=2613831&use=l&cat=p&typeid=i","cat":288898},{"id":28023,"n":"Duo céréales Comptoir du Grain  Quinoa et Boulgour - 400g","p":2.05,"u":"5,13 €/KG","img":"https://fd1-photos.leclercdrive.fr/image.ashx?id=3012830&use=l&cat=p&typeid=i","cat":284429},{"id":28076,"n":"AOP Madiran rouge Terroirs de Tilhet - 75cl","p":5.25,"pp":3.46,"u":"4,61 €/L","img":"https://fd1-photos.leclercdrive.fr/image.ashx?id=2996830&use=l&cat=p&typeid=i","cat":289556},{"id":28078,"n":"Coton bébé Mots d'Enfants Duo maxi carrés - x80","p":1.79,"u":"0,02 €/P","img":"https://fd1-photos.leclercdrive.fr/image.ashx?id=1947722&use=l&cat=p&typeid=i","cat":284739},{"id":28083,"n":"Maïs Notre Jardin Tendre  - 2x300g","p":1.88,"u":"3,13 €/KG","img":"https://fd1-photos.leclercdrive.fr/image.ashx?id=3005661&use=l&cat=p&typeid=i","cat":312611},{"id":28099,"n":"Eau minérale gazeuse St Diery Naturelle - 6x1,25L","p":2.16,"u":"0,29 €/L","img":"https://fd1-photos.leclercdrive.fr/image.ashx?id=2863075&use=l&cat=p&typeid=i","cat":284536},{"id":28104,"n":"IGP Pays d'Oc Merlot vin rosé Vieux Carion 12.5% vol -75 cl","p":2.25,"u":"3,00 €/L","img":"https://fd1-photos.leclercdrive.fr/image.ashx?id=2903962&use=l&cat=p&typeid=i","cat":289558},{"id":28203,"n":"Fromage : Le Carré Les Croisés 23%mg - 230g","p":1.92,"u":"8,35 €/KG","img":"https://fd1-photos.leclercdrive.fr/image.ashx?id=2974801&use=l&cat=p&typeid=i","cat":314033},{"id":28209,"n":"Noix de cajou grillées Tokapi Salées - 125g","p":1.49,"u":"11,92 €/KG","img":"https://fd1-photos.leclercdrive.fr/image.ashx?id=2839821&use=l&cat=p&typeid=i","cat":284448},{"id":28211,"n":"Pistaches Tokapi Grillées et salées - 125g","p":1.85,"u":"14,80 €/KG","img":"https://fd1-photos.leclercdrive.fr/image.ashx?id=2795550&use=l&cat=p&typeid=i","cat":284448},{"id":28216,"n":"Café en grains Bio Village Bio 100% arabica - 250g","p":4.43,"u":"17,72 €/KG","img":"https://fd1-photos.leclercdrive.fr/image.ashx?id=1470434&use=l&cat=p&typeid=i","cat":293237},{"id":28217,"n":"Pain d'épices bio Bio Village Miel - Pré-tranché - 300g","p":1.66,"u":"5,53 €/KG","img":"https://fd1-photos.leclercdrive.fr/image.ashx?id=769642&use=l&cat=p&typeid=i","cat":284493},{"id":28226,"n":"Cotons Duo Démaquillants Inell Duo ovale - Disques x70","p":1.56,"img":"https://fd1-photos.leclercdrive.fr/image.ashx?id=1709940&use=l&cat=p&typeid=i","cat":285593},{"id":28227,"n":"Tablette bio Bio Village Chocolat au lait - 100g","p":1.76,"u":"17,60 €/KG","img":"https://fd1-photos.leclercdrive.fr/image.ashx?id=2791057&use=l&cat=p&typeid=i","cat":284497},{"id":28228,"n":"Chocolat Pâtissier Bio Village Bio - Noir  52% cacao - 200g","p":2.75,"u":"13,75 €/KG","img":"https://fd1-photos.leclercdrive.fr/image.ashx?id=2802305&use=l&cat=p&typeid=i","cat":285562},{"id":28241,"n":"Savon mains en crème Manava Lait et miel - 300ml","p":1.05,"u":"3,50 €/L","img":"https://fd1-photos.leclercdrive.fr/image.ashx?id=2935486&use=l&cat=p&typeid=i","cat":284597},{"id":28269,"n":"Sacs congélation Eco+ Moyen modèle - x75","p":1.71,"u":"0,02 €/P","img":"https://fd1-photos.leclercdrive.fr/image.ashx?id=2558748&use=l&cat=p&typeid=i","cat":334134},{"id":28280,"n":"Flan entremets Tablier Blanc Vanille x4 192g","p":0.99,"u":"5,16 €/KG","img":"https://fd1-photos.leclercdrive.fr/image.ashx?id=2487464&use=l&cat=p&typeid=i","cat":284505},{"id":28281,"n":"Flan entremets Tablier Blanc Chocolat x4 232g","p":1.57,"u":"6,77 €/KG","img":"https://fd1-photos.leclercdrive.fr/image.ashx?id=2487461&use=l&cat=p&typeid=i","cat":284505},{"id":28308,"n":"Paëlla Royale Côté Table Poulet, moule et chorizo 940g","p":3.69,"u":"3,93 €/KG","img":"https://fd1-photos.leclercdrive.fr/image.ashx?id=2218877&use=l&cat=p&typeid=i","cat":325094},{"id":28311,"n":"Liqueur Grand Marnier Orange & Cognac - 40%vol - 70cl","p":20.14,"u":"28,77 €/L","img":"https://fd1-photos.leclercdrive.fr/image.ashx?id=3007909&use=l&cat=p&typeid=i","cat":286032},{"id":28323,"n":"Mayonnaise à l'ancienne Rustica 235g","p":1.28,"u":"5,45 €/KG","img":"https://fd1-photos.leclercdrive.fr/image.ashx?id=2954364&use=l&cat=p&typeid=i","cat":298295},{"id":28344,"n":"Olives vertes La Ciota Farcies poivrons - 120g","p":1.81,"u":"15,08 €/KG","img":"https://fd1-photos.leclercdrive.fr/image.ashx?id=2296584&use=l&cat=p&typeid=i","cat":284458},{"id":28368,"n":"Tablette de chocolat Equador Noir fleur de sel 100g","p":1.39,"u":"13,90 €/KG","img":"https://fd1-photos.leclercdrive.fr/image.ashx?id=2660565&use=l&cat=p&typeid=i","cat":284956},{"id":28415,"n":"Colin d'Alaska Pêche Océan À la moutarde - MSC - 400g","p":2.99,"u":"7,48 €/KG","img":"https://fd1-photos.leclercdrive.fr/image.ashx?id=2930117&use=l&cat=p&typeid=i","cat":319786},{"id":28419,"n":"Lingettes anti-transfert Texil Tous textiles x25","p":2.32,"u":"0,09 €/P","img":"https://fd1-photos.leclercdrive.fr/image.ashx?id=2964571&use=l&cat=p&typeid=i","cat":290450},{"id":28432,"n":"Jus d'ananas Eco + Brique 1L","p":1.57,"u":"1,57 €/L","img":"https://fd1-photos.leclercdrive.fr/image.ashx?id=2802263&use=l&cat=p&typeid=i","cat":284916},{"id":28444,"n":"Fleur de sel de Camargue Le Saunier de Camargue - 125g","p":1.9,"u":"15,20 €/KG","img":"https://fd1-photos.leclercdrive.fr/image.ashx?id=2819343&use=l&cat=p&typeid=i","cat":284457},{"id":28562,"n":"Oranges à déguster Panier du Primeur Filet 2kg","p":3.19,"u":"1,60 €/KG","img":"https://fd1-photos.leclercdrive.fr/image.ashx?id=2414567&use=l&cat=p&typeid=i","cat":284356},{"id":28594,"n":"Soupe instantanée Royco  Crème d'asperges - 4x200ml","p":1.63,"u":"2,04 €/L","img":"https://fd1-photos.leclercdrive.fr/image.ashx?id=2650982&use=l&cat=p&typeid=i","cat":293527},{"id":28613,"n":"Nectar multifruits  1L","p":0.98,"u":"0,98 €/L","img":"https://fd1-photos.leclercdrive.fr/image.ashx?id=2869263&use=l&cat=p&typeid=i","cat":284917},{"id":28614,"n":"Pur jus d'orange Eco+ Brique - 1L","p":1.87,"u":"1,87 €/L","img":"https://fd1-photos.leclercdrive.fr/image.ashx?id=2802260&use=l&cat=p&typeid=i","cat":284521},{"id":28710,"n":"Lingettes Mots d'Enfants Bio Bébé - x72 lingettes","p":2.53,"u":"0,04 €/P","img":"https://fd1-photos.leclercdrive.fr/image.ashx?id=2856504&use=l&cat=p&typeid=i","cat":284738},{"id":28724,"n":"Nettoyant écologique Uni Vert Spécial Vitres - 750ml","p":1.79,"u":"2,39 €/L","img":"https://fd1-photos.leclercdrive.fr/image.ashx?id=2370993&use=l&cat=p&typeid=i","cat":325363},{"id":28725,"n":"Nettoyant écologique Uni Vert Spécial Vitres - 750ml","p":1.47,"u":"1,96 €/L","img":"https://fd1-photos.leclercdrive.fr/image.ashx?id=2372341&use=l&cat=p&typeid=i","cat":325363},{"id":28727,"n":"Tablettes anti-calcaire Calgon  4 en 1 - x48","p":9.73,"u":"15,59 €/KG","img":"https://fd1-photos.leclercdrive.fr/image.ashx?id=2954881&use=l&cat=p&typeid=i","cat":284653},{"id":28730,"n":"Bain moussant Manava Vanille et ambre 500ml","p":2.14,"u":"4,28 €/L","img":"https://fd1-photos.leclercdrive.fr/image.ashx?id=2618326&use=l&cat=p&typeid=i","cat":284594},{"id":28809,"n":"Pain burger géant Epi d'Or Nature x4 - 330g","p":0.87,"u":"2,64 €/KG","img":"https://fd1-photos.leclercdrive.fr/image.ashx?id=1861089&use=l&cat=p&typeid=i","cat":325067},{"id":28827,"n":"Chili con carne Côté Table Au piment de Cayenne - 820g","p":3.24,"u":"3,95 €/KG","img":"https://fd1-photos.leclercdrive.fr/image.ashx?id=2977156&use=l&cat=p&typeid=i","cat":325094},{"id":28828,"n":"Pâtes fraîches Turini Gnocchi 380g","p":1.09,"u":"2,87 €/KG","img":"https://fd1-photos.leclercdrive.fr/image.ashx?id=2254526&use=l&cat=p&typeid=i","cat":333682},{"id":28831,"n":"Cookies Méga pépites P'tit Déli Choco amandes caramelisées 184g","p":1.51,"u":"8,21 €/KG","img":"https://fd1-photos.leclercdrive.fr/image.ashx?id=2116128&use=l&cat=p&typeid=i","cat":325066},{"id":28832,"n":"Cookies Méga pépites P'tit Déli Chocolat 184g","p":1.51,"u":"8,21 €/KG","img":"https://fd1-photos.leclercdrive.fr/image.ashx?id=2722814&use=l&cat=p&typeid=i","cat":325066},{"id":28853,"n":"Piment d'Espelette AOP NRT 40g","p":5.99,"u":"149,75 €/KG","img":"https://fd1-photos.leclercdrive.fr/image.ashx?id=2472083&use=l&cat=p&typeid=i","cat":298297},{"id":28856,"n":"Pain burger Epi d'Or Géant complet x4 - 330g","p":0.97,"u":"2,94 €/KG","img":"https://fd1-photos.leclercdrive.fr/image.ashx?id=2042561&use=l&cat=p&typeid=i","cat":325067},{"id":28864,"n":"Cassoulet au confit canard NRT - 300g","p":2.97,"u":"9,90 €/KG","img":"https://fd1-photos.leclercdrive.fr/image.ashx?id=2791926&use=l&cat=p&typeid=i","cat":284953},{"id":28866,"n":"Coq au vin et ses torsades NRT 300g","p":2.61,"u":"8,70 €/KG","img":"https://fd1-photos.leclercdrive.fr/image.ashx?id=2723240&use=l&cat=p&typeid=i","cat":284953},{"id":28869,"n":"Parmentier canard Sud Ouest NRT - 300g","p":2.99,"u":"9,97 €/KG","img":"https://fd1-photos.leclercdrive.fr/image.ashx?id=2925210&use=l&cat=p&typeid=i","cat":284953},{"id":28872,"n":"Saucisses de Toulouse lentilles NRT - 300g","p":2.36,"u":"7,87 €/KG","img":"https://fd1-photos.leclercdrive.fr/image.ashx?id=2723234&use=l&cat=p&typeid=i","cat":284953},{"id":28912,"n":"Pastis 51 Anisé 45% vol - 70cl","p":14.54,"u":"20,77 €/L","img":"https://fd1-photos.leclercdrive.fr/image.ashx?id=2452041&use=l&cat=p&typeid=i","cat":284548},{"id":28938,"n":"Velouté bio Bio Village Légumes variés  - 1L","p":2.04,"u":"2,04 €/L","img":"https://fd1-photos.leclercdrive.fr/image.ashx?id=2404154&use=l&cat=p&typeid=i","cat":284462},{"id":28961,"n":"AOP Beaujolais Nouveau Vin Rouge - Georges Duboeuf - 75cl","p":7.34,"u":"9,79 €/L","img":"https://fd1-photos.leclercdrive.fr/image.ashx?id=2966029&use=l&cat=p&typeid=i","cat":289556},{"id":28966,"n":"Liqueur Malibu Coco 18% vol - 70cl","p":10.31,"u":"14,73 €/L","img":"https://fd1-photos.leclercdrive.fr/image.ashx?id=2993481&use=l&cat=p&typeid=i","cat":284551},{"id":28974,"n":"Saumon fumé MSC Sauvage Ronde des Mers x4T - 120g","p":6.65,"u":"55,42 €/KG","img":"https://fd1-photos.leclercdrive.fr/image.ashx?id=2837692&use=l&cat=p&typeid=i","cat":285188},{"id":28996,"n":"Mayonnaise de Dijon AMORA 235g","p":1.93,"u":"8,21 €/KG","img":"https://fd1-photos.leclercdrive.fr/image.ashx?id=2946649&use=l&cat=p&typeid=i","cat":298295},{"id":28997,"n":"Mayonnaise de Dijon Amora 235g","p":1.52,"u":"6,47 €/KG","img":"https://fd1-photos.leclercdrive.fr/image.ashx?id=2877208&use=l&cat=p&typeid=i","cat":298295},{"id":28999,"n":"Mayonnaise de Dijon Amora Sans conservateur  - 415g","p":2.27,"u":"5,47 €/KG","img":"https://fd1-photos.leclercdrive.fr/image.ashx?id=2964207&use=l&cat=p&typeid=i","cat":298295},{"id":29000,"n":"Mayonnaise de Dijon Amora 710g","p":3.23,"u":"4,55 €/KG","img":"https://fd1-photos.leclercdrive.fr/image.ashx?id=2598672&use=l&cat=p&typeid=i","cat":298295},{"id":29009,"n":"Bûche glacée Eskiss Façon dame blanche - 530g","p":3.75,"u":"7,08 €/KG","img":"https://fd1-photos.leclercdrive.fr/image.ashx?id=2791293&use=l&cat=p&typeid=i","cat":284266},{"id":29011,"n":"Foie gras canard IGP Landes Nos Régions ont du Talent 200g","p":16.95,"u":"84,75 €/KG","img":"https://fd1-photos.leclercdrive.fr/image.ashx?id=2743873&use=l&cat=p&typeid=i","cat":316008},{"id":29017,"n":"Bloc de Foie gras canard 200g","p":9.49,"u":"47,45 €/KG","img":"https://fd1-photos.leclercdrive.fr/image.ashx?id=2814845&use=l&cat=p&typeid=i","cat":316008},{"id":29032,"n":"Chips Bret's Poulet braisé - 125g","p":1.2,"u":"9,60 €/KG","img":"https://fd1-photos.leclercdrive.fr/image.ashx?id=1927788&use=l&cat=p&typeid=i","cat":284447},{"id":29044,"n":"Cerneaux de noix Tablier Blanc 50g","p":1.3,"u":"26,00 €/KG","img":"https://fd1-photos.leclercdrive.fr/image.ashx?id=2460607&use=l&cat=p&typeid=i","cat":323809},{"id":29047,"n":"Pignons de pin Tablier Blanc 50g","p":2.39,"u":"47,80 €/KG","img":"https://fd1-photos.leclercdrive.fr/image.ashx?id=2867907&use=l&cat=p&typeid=i","cat":323809},{"id":29117,"n":"Bonbons sans sucres Confiséo Menthe - 150g","p":1.98,"u":"13,20 €/KG","img":"https://fd1-photos.leclercdrive.fr/image.ashx?id=2934697&use=l&cat=p&typeid=i","cat":304252},{"id":29119,"n":"Potage gourmand Régal Soupe 8 légumes à la crème - 1L","p":1.69,"u":"1,69 €/L","img":"https://fd1-photos.leclercdrive.fr/image.ashx?id=2607521&use=l&cat=p&typeid=i","cat":284462},{"id":29128,"n":"Lentilles Raynal et Roquelaure À l'auvergnate - 2x820g","p":3.79,"u":"2,31 €/KG","img":"https://fd1-photos.leclercdrive.fr/image.ashx?id=1625547&use=l&cat=p&typeid=i","cat":312609},{"id":29129,"n":"Bonbons acidulés Confiséo Aux fruits - 400g","p":2.65,"u":"6,63 €/KG","img":"https://fd1-photos.leclercdrive.fr/image.ashx?id=2934706&use=l&cat=p&typeid=i","cat":304252},{"id":29133,"n":"Sacs poubelle Haute 50L Elembal Poignées coulissantes - x15","p":1.94,"u":"0,13 €/P","img":"https://fd1-photos.leclercdrive.fr/image.ashx?id=2958726&use=l&cat=p&typeid=i","cat":285168},{"id":29134,"n":"Mousse coiffante Vitanove Effet boucles - 200ml","p":1.48,"u":"7,40 €/L","img":"https://fd1-photos.leclercdrive.fr/image.ashx?id=2490040&use=l&cat=p&typeid=i","cat":284609},{"id":29174,"n":"Lait de douche Manava Pêche de vigne - 250ml","p":0.94,"u":"3,76 €/L","img":"https://fd1-photos.leclercdrive.fr/image.ashx?id=2618323&use=l&cat=p&typeid=i","cat":284594},{"id":29182,"n":"AOC Bordeaux rouge Yvecourt - 75cl","p":4.73,"u":"6,31 €/L","img":"https://fd1-photos.leclercdrive.fr/image.ashx?id=2529297&use=l&cat=p&typeid=i","cat":289556},{"id":29189,"n":"Bûche de chèvre Bio Bio Village 180g","p":2.66,"u":"14,78 €/KG","img":"https://fd1-photos.leclercdrive.fr/image.ashx?id=2070437&use=l&cat=p&typeid=i","cat":314031},{"id":29323,"n":"Superlevure Gayelord Hauser Paillettes étui 150g","p":2.93,"u":"19,53 €/KG","img":"https://fd1-photos.leclercdrive.fr/image.ashx?id=2786012&use=l&cat=p&typeid=i","cat":294686},{"id":29334,"n":"Biscuits miel sésame GERBLE  crousti'son - 4x5 200g","p":1.68,"u":"8,40 €/KG","img":"https://fd1-photos.leclercdrive.fr/image.ashx?id=2662280&use=l&cat=p&typeid=i","cat":318651},{"id":29358,"n":"Pur jus pamplemousse Jafaden Rose - 1L","p":1.67,"u":"1,67 €/L","img":"https://fd1-photos.leclercdrive.fr/image.ashx?id=2869269&use=l&cat=p&typeid=i","cat":284914},{"id":29360,"n":"AOP Cabernet d'Anjou vin rosé Les Caractères - BIB 5L","p":21.49,"u":"4,30 €/L","img":"https://fd1-photos.leclercdrive.fr/image.ashx?id=2776045&use=l&cat=p&typeid=i","cat":289560},{"id":29361,"n":"Sacs poubelle haute 30L Elembal Poignées coulissantes - x25","p":3.23,"u":"0,13 €/P","img":"https://fd1-photos.leclercdrive.fr/image.ashx?id=2958723&use=l&cat=p&typeid=i","cat":285168},{"id":29364,"n":"Boisson base vin rosé Festalie Pamplemousse - 7.5% - 75 cl","p":1.89,"u":"2,52 €/L","img":"https://fd1-photos.leclercdrive.fr/image.ashx?id=2774891&use=l&cat=p&typeid=i","cat":304569},{"id":29365,"n":"Boisson à base de vin rosé  pamplemousse Festalie - BIB 3L","p":6.99,"u":"2,33 €/L","img":"https://fd1-photos.leclercdrive.fr/image.ashx?id=2745472&use=l&cat=p&typeid=i","cat":304569},{"id":29368,"n":"Boisson à base de vin blanc saveur pêche Festalie - 75 cl","p":2.75,"u":"3,67 €/L","img":"https://fd1-photos.leclercdrive.fr/image.ashx?id=2774894&use=l&cat=p&typeid=i","cat":304569},{"id":29369,"n":"AOC Côtes du Rhône vin rosé Grégoire XI - BIB 3L","p":9.99,"u":"3,33 €/L","img":"https://fd1-photos.leclercdrive.fr/image.ashx?id=2677071&use=l&cat=p&typeid=i","cat":289560},{"id":29370,"n":"AOP Crémant de Loire brut Les Caractères - 75cl","p":4.99,"u":"6,65 €/L","img":"https://fd1-photos.leclercdrive.fr/image.ashx?id=2898844&use=l&cat=p&typeid=i","cat":284545},{"id":29378,"n":"AOP Côtes du Rhône rouge Bio Rives & Terrasses - 3L","p":13.99,"u":"4,66 €/L","img":"https://fd1-photos.leclercdrive.fr/image.ashx?id=2946868&use=l&cat=p&typeid=i","cat":289560},{"id":29396,"n":"Mousse coiffante Vitanove Effet volume - 200ml","p":1.5,"u":"7,50 €/L","img":"https://fd1-photos.leclercdrive.fr/image.ashx?id=2490037&use=l&cat=p&typeid=i","cat":284609},{"id":29419,"n":"Tortillas chips Tokapi Nature - 150g","p":0.55,"u":"3,67 €/KG","img":"https://fd1-photos.leclercdrive.fr/image.ashx?id=2647955&use=l&cat=p&typeid=i","cat":287899},{"id":29447,"n":"Truite fumée Ronde des mers France 6 tranches - 150g","p":4.95,"u":"33,00 €/KG","img":"https://fd1-photos.leclercdrive.fr/image.ashx?id=2832939&use=l&cat=p&typeid=i","cat":285188},{"id":29493,"n":"Tomato Ketchup Bio Heinz - 580g","p":2.64,"u":"4,55 €/KG","img":"https://fd1-photos.leclercdrive.fr/image.ashx?id=2927726&use=l&cat=p&typeid=i","cat":284455},{"id":29535,"n":"Croûtons Epi d'Or Ail - 2x90g","p":1.19,"u":"6,61 €/KG","img":"https://fd1-photos.leclercdrive.fr/image.ashx?id=2606049&use=l&cat=p&typeid=i","cat":284464},{"id":29570,"n":"Saucisson Petit Justin Bridou  Bâton de Berger Nature - 160g","p":3.49,"u":"21,81 €/KG","img":"https://fd1-photos.leclercdrive.fr/image.ashx?id=2894893&use=l&cat=p&typeid=i","cat":316006},{"id":29718,"n":"La Belle Escalope de Dinde  Le Gaulois x2 - 240g","p":4.17,"u":"17,38 €/KG","img":"https://fd1-photos.leclercdrive.fr/image.ashx?id=2259646&use=l&cat=p&typeid=i","cat":284337},{"id":29724,"n":"Escalope de dinde Le Gaulois Milanaise x2 - 240g","p":4.19,"u":"17,46 €/KG","img":"https://fd1-photos.leclercdrive.fr/image.ashx?id=2259652&use=l&cat=p&typeid=i","cat":284337},{"id":29729,"n":"Escalope de dinde Le Gaulois Extra tendre x2 - 250g","p":3.69,"u":"14,76 €/KG","img":"https://fd1-photos.leclercdrive.fr/image.ashx?id=2259649&use=l&cat=p&typeid=i","cat":284337},{"id":29753,"n":"Eau gazeuse La Pétillante Citron vert sans sucre - 1L","p":0.4,"u":"0,40 €/L","img":"https://fd1-photos.leclercdrive.fr/image.ashx?id=2669738&use=l&cat=p&typeid=i","cat":284536},{"id":29754,"n":"Eau gazeuse La Pétillante Citron sans sucre - 1L","p":0.4,"u":"0,40 €/L","img":"https://fd1-photos.leclercdrive.fr/image.ashx?id=2590442&use=l&cat=p&typeid=i","cat":284536},{"id":29758,"n":"Tequila San José 35%vol - 70cl","p":14.69,"u":"20,99 €/L","img":"https://fd1-photos.leclercdrive.fr/image.ashx?id=2243143&use=l&cat=p&typeid=i","cat":284550},{"id":29759,"n":"Bière Hoegaarden rosée 3% - 6x25cl","p":4.74,"u":"3,16 €/L","img":"https://fd1-photos.leclercdrive.fr/image.ashx?id=1562515&use=l&cat=p&typeid=i","cat":334878},{"id":29764,"n":"Galettes blé noir Bio village Bio x4 - 200g","p":1.83,"u":"9,15 €/KG","img":"https://fd1-photos.leclercdrive.fr/image.ashx?id=2907258&use=l&cat=p&typeid=i","cat":333672},{"id":29765,"n":"Eau gazeuse aromatisée Badoit citron sans sucres - 1l","p":0.91,"u":"0,91 €/L","img":"https://fd1-photos.leclercdrive.fr/image.ashx?id=2730634&use=l&cat=p&typeid=i","cat":284537},{"id":29766,"n":"Mister Cocktail sans alcool Citron vert kiwi - 75cl","p":3.39,"u":"4,52 €/L","img":"https://fd1-photos.leclercdrive.fr/image.ashx?id=3014461&use=l&cat=p&typeid=i","cat":284549},{"id":29767,"n":"Eau gazeuse aromatisée Badoit citron vert sans sucres- 1L","p":0.88,"u":"0,88 €/L","img":"https://fd1-photos.leclercdrive.fr/image.ashx?id=3011044&use=l&cat=p&typeid=i","cat":284537},{"id":29768,"n":"Bière blonde 1664 5,5° - 50cl canette","p":1.21,"u":"2,42 €/L","img":"https://fd1-photos.leclercdrive.fr/image.ashx?id=2887563&use=l&cat=p&typeid=i","cat":334853},{"id":29773,"n":"Eau minérale naturelle Mag Source de magnésium - 6x1L","p":1.92,"u":"0,32 €/L","img":"https://fd1-photos.leclercdrive.fr/image.ashx?id=2423520&use=l&cat=p&typeid=i","cat":284535},{"id":29794,"n":"Triangolo Fromage enfants vache Les Croisés 24 portions - 400g","p":2.67,"u":"6,68 €/KG","img":"https://fd1-photos.leclercdrive.fr/image.ashx?id=2791779&use=l&cat=p&typeid=i","cat":314030},{"id":29795,"n":"Fromage à tartiner Les Croisés Ail et fines herbes 24%mg 250g","p":2.09,"u":"8,36 €/KG","img":"https://fd1-photos.leclercdrive.fr/image.ashx?id=2476143&use=l&cat=p&typeid=i","cat":314029},{"id":29802,"n":"Kit Pâte à pizza Tablier Blanc 600g","p":2.59,"u":"4,32 €/KG","img":"https://fd1-photos.leclercdrive.fr/image.ashx?id=1731167&use=l&cat=p&typeid=i","cat":333681},{"id":29816,"n":"Bicarbonate alimentaire La Baleine - 800g","p":2.48,"u":"3,10 €/KG","img":"https://fd1-photos.leclercdrive.fr/image.ashx?id=2468335&use=l&cat=p&typeid=i","cat":284457},{"id":29838,"n":"Bouillon cubes Knorr Bœuf - x15 cubes - 150g","p":1.52,"u":"10,13 €/KG","img":"https://fd1-photos.leclercdrive.fr/image.ashx?id=2848542&use=l&cat=p&typeid=i","cat":288379},{"id":29840,"n":"Bouillon cubes herbes Knorr Huile d'olive Puget x15 -150g","p":1.39,"u":"9,27 €/KG","img":"https://fd1-photos.leclercdrive.fr/image.ashx?id=2890601&use=l&cat=p&typeid=i","cat":288379},{"id":29841,"n":"Bouillon de Poule KNORR 15 Tablettes - 150g","p":1.18,"u":"7,87 €/KG","img":"https://fd1-photos.leclercdrive.fr/image.ashx?id=2906043&use=l&cat=p&typeid=i","cat":288379},{"id":29845,"n":"Moulin saveur Ducros Assaisonnement steak - 35g","p":2.99,"u":"85,43 €/KG","img":"https://fd1-photos.leclercdrive.fr/image.ashx?id=2559448&use=l&cat=p&typeid=i","cat":298297},{"id":29854,"n":"Beurre de Bretagne Les Croisés Doux - 82% MG - 250g","p":2.61,"u":"10,44 €/KG","img":"https://fd1-photos.leclercdrive.fr/image.ashx?id=2778042&use=l&cat=p&typeid=i","cat":284379},{"id":29855,"n":"Beurre de Bretagne Les Croisés Demi-sel - 80% MG - 250g","p":2.61,"u":"10,44 €/KG","img":"https://fd1-photos.leclercdrive.fr/image.ashx?id=2778048&use=l&cat=p&typeid=i","cat":284379},{"id":29856,"n":"Beurre Extra fin Les Croisés Doux - 82 % MG - 125g","p":1.39,"u":"11,12 €/KG","img":"https://fd1-photos.leclercdrive.fr/image.ashx?id=2791275&use=l&cat=p&typeid=i","cat":284379},{"id":29861,"n":"Boisson lactée Délisse Fraise - 6x20cl","p":2.13,"u":"1,78 €/L","img":"https://fd1-photos.leclercdrive.fr/image.ashx?id=2174693&use=l&cat=p&typeid=i","cat":295246},{"id":29862,"n":"Champignons Bio Bio Village Emincés - 600g","p":2.99,"u":"4,98 €/KG","img":"https://fd1-photos.leclercdrive.fr/image.ashx?id=2891815&use=l&cat=p&typeid=i","cat":319805},{"id":29864,"n":"Crème fraîche entière Délisse Fleurette - 30% MG - 40cl","p":1.72,"u":"4,30 €/L","img":"https://fd1-photos.leclercdrive.fr/image.ashx?id=3002575&use=l&cat=p&typeid=i","cat":284381},{"id":29865,"n":"Crème fraîche légère Délisse Fleurette - 12% MG - 40cl","p":1.62,"u":"4,05 €/L","img":"https://fd1-photos.leclercdrive.fr/image.ashx?id=3002578&use=l&cat=p&typeid=i","cat":284381},{"id":29866,"n":"Crème légère fluide UHT Délisse Brique 12%mg - 1L","p":3.39,"u":"3,39 €/L","img":"https://fd1-photos.leclercdrive.fr/image.ashx?id=3015248&use=l&cat=p&typeid=i","cat":284381},{"id":29872,"n":"Crème semi-épaisse légère UHT Délisse 18%mg - 2x25cl","p":2.34,"u":"4,68 €/L","img":"https://fd1-photos.leclercdrive.fr/image.ashx?id=3002593&use=l&cat=p&typeid=i","cat":284381},{"id":29874,"n":"Emincés poireaux Notre Jardin A la crème 750g","p":2.55,"u":"3,40 €/KG","img":"https://fd1-photos.leclercdrive.fr/image.ashx?id=2873144&use=l&cat=p&typeid=i","cat":319805},{"id":29875,"n":"Crevettes Nord Pêche Océan Entières cuites - MSC - 500g","p":5.25,"u":"10,50 €/KG","img":"https://fd1-photos.leclercdrive.fr/image.ashx?id=2478769&use=l&cat=p&typeid=i","cat":319787},{"id":29897,"n":"Liqueur pomme verte Manzella 17%vol. - 70cl","p":6.5,"u":"9,29 €/L","img":"https://fd1-photos.leclercdrive.fr/image.ashx?id=2715997&use=l&cat=p&typeid=i","cat":286032},{"id":29906,"n":"Bière blonde Bellerose 6.5%vol. - 75cl","p":3.84,"u":"5,12 €/L","img":"https://fd1-photos.leclercdrive.fr/image.ashx?id=2744290&use=l&cat=p&typeid=i","cat":334872},{"id":29910,"n":"Bière blonde La Démon 12%vol. - 33cl","p":1.98,"u":"6,00 €/L","img":"https://fd1-photos.leclercdrive.fr/image.ashx?id=2686855&use=l&cat=p&typeid=i","cat":334872},{"id":29911,"n":"Bière blonde La Goudale 7.2%vol. - 33cl","p":1.38,"u":"4,18 €/L","img":"https://fd1-photos.leclercdrive.fr/image.ashx?id=1624257&use=l&cat=p&typeid=i","cat":334852},{"id":29927,"n":"Bière belge Rince Cochon Blonde - 8.5%vol. - 75cl","p":3.43,"u":"4,57 €/L","img":"https://fd1-photos.leclercdrive.fr/image.ashx?id=1741463&use=l&cat=p&typeid=i","cat":334872},{"id":29961,"n":"AOC Buzet rouge L'Excellence - 75cl","p":4.5,"u":"6,00 €/L","img":"https://fd1-photos.leclercdrive.fr/image.ashx?id=2831891&use=l&cat=p&typeid=i","cat":289556},{"id":30042,"n":"Lait frais demi-écrémé Délisse Bouteille - 1L","p":1.12,"u":"1,12 €/L","img":"https://fd1-photos.leclercdrive.fr/image.ashx?id=2970581&use=l&cat=p&typeid=i","cat":285609},{"id":30043,"n":"Lait frais Délisse Entier Bouteille - 1L","p":1.33,"u":"1,33 €/L","img":"https://fd1-photos.leclercdrive.fr/image.ashx?id=2970584&use=l&cat=p&typeid=i","cat":285609},{"id":30045,"n":"Lait fermenté Délisse 1L","p":1.39,"u":"1,39 €/L","img":"https://fd1-photos.leclercdrive.fr/image.ashx?id=1889087&use=l&cat=p&typeid=i","cat":285609},{"id":30051,"n":"Mini gratins Côté Table Choux fleurs - x4 480g","p":3.19,"u":"6,65 €/KG","img":"https://fd1-photos.leclercdrive.fr/image.ashx?id=2029370&use=l&cat=p&typeid=i","cat":319802},{"id":30055,"n":"Légumes pour potage Bio Bio Village - 600g","p":1.99,"u":"3,32 €/KG","img":"https://fd1-photos.leclercdrive.fr/image.ashx?id=2891818&use=l&cat=p&typeid=i","cat":319805},{"id":30056,"n":"Ratatouille Bio Bio Village Cuisinée - 600g","p":3.49,"u":"5,82 €/KG","img":"https://fd1-photos.leclercdrive.fr/image.ashx?id=2891821&use=l&cat=p&typeid=i","cat":319823},{"id":30067,"n":"Assaisonnement En Poudre KNORR Secret d’Arômes Tube - 60g","p":1.31,"u":"21,83 €/KG","img":"https://fd1-photos.leclercdrive.fr/image.ashx?id=3014401&use=l&cat=p&typeid=i","cat":298297},{"id":30069,"n":"Roux minute Maïzena Béchamel - 250g","p":2.0,"u":"8,00 €/KG","img":"https://fd1-photos.leclercdrive.fr/image.ashx?id=2769603&use=l&cat=p&typeid=i","cat":288382},{"id":30084,"n":"Bacon Saint Azay 100g","p":1.61,"u":"16,10 €/KG","img":"https://fd1-photos.leclercdrive.fr/image.ashx?id=2943653&use=l&cat=p&typeid=i","cat":316007},{"id":30089,"n":"Blanc de poulet Tradilège 6 tranches - 180g","p":1.51,"u":"8,39 €/KG","img":"https://fd1-photos.leclercdrive.fr/image.ashx?id=2943677&use=l&cat=p&typeid=i","cat":316010},{"id":30091,"n":"Blanc de dinde Tradilège 6 tranches 180g","p":1.96,"u":"10,89 €/KG","img":"https://fd1-photos.leclercdrive.fr/image.ashx?id=2925744&use=l&cat=p&typeid=i","cat":316010},{"id":30110,"n":"Pommes de terre NRT à la Sarladaise - 600g","p":2.99,"u":"4,98 €/KG","img":"https://fd1-photos.leclercdrive.fr/image.ashx?id=2699816&use=l&cat=p&typeid=i","cat":319823},{"id":30114,"n":"Pansements Mercurochrome Hydrocolloïdes - x6","p":6.29,"u":"1,05 €/P","img":"https://fd1-photos.leclercdrive.fr/image.ashx?id=2663962&use=l&cat=p&typeid=i","cat":284630},{"id":30128,"n":"Céréales Chocapic Nestlé Chocolat - 1kg","p":5.4,"u":"5,40 €/KG","img":"https://fd1-photos.leclercdrive.fr/image.ashx?id=2977729&use=l&cat=p&typeid=i","cat":309513},{"id":30144,"n":"Croquettes chiens adulte Ultima Medium/maxi - poulet 7.5kg","p":22.28,"u":"2,97 €/KG","img":"https://fd1-photos.leclercdrive.fr/image.ashx?id=2872033&use=l&cat=p&typeid=i","cat":284672},{"id":30150,"n":"Eau aromatisée Volvic Juicy Agrumes -1,5L","p":1.43,"u":"0,95 €/L","img":"https://fd1-photos.leclercdrive.fr/image.ashx?id=2961987&use=l&cat=p&typeid=i","cat":284537},{"id":30156,"n":"Eau aromatisée Volvic Juicy Mangue ananas - 6x50cl","p":4.1,"u":"1,37 €/L","img":"https://fd1-photos.leclercdrive.fr/image.ashx?id=2943885&use=l&cat=p&typeid=i","cat":284537},{"id":30185,"n":"Haché moelleux oignon Férial x10 - 1kg","p":7.49,"u":"7,49 €/KG","img":"https://fd1-photos.leclercdrive.fr/image.ashx?id=2704517&use=l&cat=p&typeid=i","cat":319778},{"id":30186,"n":"Haché moelleux Férial x10 - 1kg","p":9.71,"u":"9,71 €/KG","img":"https://fd1-photos.leclercdrive.fr/image.ashx?id=2966514&use=l&cat=p&typeid=i","cat":319778},{"id":30189,"n":"Tortillas chips Tokapi Chili - 150g","p":0.99,"u":"6,60 €/KG","img":"https://fd1-photos.leclercdrive.fr/image.ashx?id=2647958&use=l&cat=p&typeid=i","cat":287899},{"id":30193,"n":"IGP Var rosé 12.5% vol - BIB 5L","p":13.43,"u":"2,69 €/L","img":"https://fd1-photos.leclercdrive.fr/image.ashx?id=2774550&use=l&cat=p&typeid=i","cat":289560},{"id":30195,"n":"IGP Vin de Pays de l'Hérault Rouge JL Parsat 11.5%vol BIB 5L","p":11.5,"u":"2,30 €/L","img":"https://fd1-photos.leclercdrive.fr/image.ashx?id=2572197&use=l&cat=p&typeid=i","cat":289560},{"id":30213,"n":"Soufflés l'Original Curly Cacahuète - 2x100g","p":1.79,"u":"8,95 €/KG","img":"https://fd1-photos.leclercdrive.fr/image.ashx?id=2962887&use=l&cat=p&typeid=i","cat":284449},{"id":30235,"n":"Bonbons Tic Tac  Menthe x100 - 49g","p":1.6,"u":"32,65 €/KG","img":"https://fd1-photos.leclercdrive.fr/image.ashx?id=2729470&use=l&cat=p&typeid=i","cat":304256},{"id":30256,"n":"Pâte à tartiner Nutella 825g","p":5.94,"u":"7,20 €/KG","img":"https://fd1-photos.leclercdrive.fr/image.ashx?id=2961813&use=l&cat=p&typeid=i","cat":284481},{"id":30272,"n":"IGP Pays d'Oc rouge Merlot Les Ormes de Cambras 12.5% BIB 5L","p":15.55,"u":"3,11 €/L","img":"https://fd1-photos.leclercdrive.fr/image.ashx?id=2443871&use=l&cat=p&typeid=i","cat":289560},{"id":30273,"n":"IGP Pays d'OC rouge Les Ormes De Cambras Sauvignon 12% BIB 5L","p":15.5,"u":"3,10 €/L","img":"https://fd1-photos.leclercdrive.fr/image.ashx?id=2445115&use=l&cat=p&typeid=i","cat":289560},{"id":30349,"n":"Nettoyant écologique Uni Vert Salle de bain - 750ml","p":2.06,"u":"2,75 €/L","img":"https://fd1-photos.leclercdrive.fr/image.ashx?id=2531178&use=l&cat=p&typeid=i","cat":325357},{"id":30350,"n":"Nettoyant écologique Uni Vert Cuisine - 750ml","p":2.02,"u":"2,69 €/L","img":"https://fd1-photos.leclercdrive.fr/image.ashx?id=2531175&use=l&cat=p&typeid=i","cat":325357},{"id":30360,"n":"Bonbons Tic Tac 100 pastilles citron vert et orange - 49g","p":1.6,"u":"32,65 €/KG","img":"https://fd1-photos.leclercdrive.fr/image.ashx?id=2736280&use=l&cat=p&typeid=i","cat":304256},{"id":30362,"n":"Fleur de maïs Maïzena 400g","p":1.4,"u":"3,50 €/KG","img":"https://fd1-photos.leclercdrive.fr/image.ashx?id=2312770&use=l&cat=p&typeid=i","cat":288382},{"id":30364,"n":"Bonbons Werther's Original Caramel sachet 175g","p":1.94,"u":"11,09 €/KG","img":"https://fd1-photos.leclercdrive.fr/image.ashx?id=1916700&use=l&cat=p&typeid=i","cat":304252},{"id":30365,"n":"Arôme vanille Sainte Lucie Flacon 250ml","p":3.14,"u":"12,56 €/L","img":"https://fd1-photos.leclercdrive.fr/image.ashx?id=2774367&use=l&cat=p&typeid=i","cat":284504},{"id":30372,"n":"Fleur de Maïs Maïzena Sans Gluten Format Famille 700g","p":2.55,"u":"3,64 €/KG","img":"https://fd1-photos.leclercdrive.fr/image.ashx?id=2773907&use=l&cat=p&typeid=i","cat":288382},{"id":30377,"n":"Levure chimique Sainte Lucie Sachet x5 50g","p":0.62,"u":"12,40 €/KG","img":"https://fd1-photos.leclercdrive.fr/image.ashx?id=2775089&use=l&cat=p&typeid=i","cat":294686},{"id":30379,"n":"Fixateur chantilly Sainte Lucie Sachet x5 15g","p":1.42,"u":"94,67 €/KG","img":"https://fd1-photos.leclercdrive.fr/image.ashx?id=2513313&use=l&cat=p&typeid=i","cat":284504},{"id":30386,"n":"Crème dessert Mont Blanc Boîte Praliné - 570g","p":2.35,"u":"4,12 €/KG","img":"https://fd1-photos.leclercdrive.fr/image.ashx?id=3011596&use=l&cat=p&typeid=i","cat":284506},{"id":30393,"n":"Mélange Ducros Cuisine à l'italienne - 30g","p":1.97,"u":"65,67 €/KG","img":"https://fd1-photos.leclercdrive.fr/image.ashx?id=2559454&use=l&cat=p&typeid=i","cat":298297},{"id":30394,"n":"Mélange malin Ducros Pour pâtes - 30g","p":2.3,"u":"76,67 €/KG","img":"https://fd1-photos.leclercdrive.fr/image.ashx?id=2559457&use=l&cat=p&typeid=i","cat":298297},{"id":30395,"n":"Piment d'Espelette AOP Ducros - 40g","p":9.27,"u":"231,75 €/KG","img":"https://fd1-photos.leclercdrive.fr/image.ashx?id=2559463&use=l&cat=p&typeid=i","cat":298297},{"id":30398,"n":"Noix ambrées Sainte Lucie Cerneaux - 50g","p":1.85,"u":"37,00 €/KG","img":"https://fd1-photos.leclercdrive.fr/image.ashx?id=2775104&use=l&cat=p&typeid=i","cat":323809},{"id":30407,"n":"Dés de fromage salade Boursin Ail & fines herbes -120g","p":2.4,"u":"20,00 €/KG","img":"https://fd1-photos.leclercdrive.fr/image.ashx?id=2864366&use=l&cat=p&typeid=i","cat":314027},{"id":30410,"n":"Lasagnes bolognaise Marie 300g","p":3.29,"u":"10,97 €/KG","img":"https://fd1-photos.leclercdrive.fr/image.ashx?id=2800339&use=l&cat=p&typeid=i","cat":333665},{"id":30415,"n":"IGP Pays d'Oc rouge J-P Chenet Cabernet Syrah 13% vol - BIB 3L","p":10.26,"u":"3,42 €/L","img":"https://fd1-photos.leclercdrive.fr/image.ashx?id=2837451&use=l&cat=p&typeid=i","cat":289560},{"id":30477,"n":"Chocolat Pâtissier Nestlé Dessert : Praliné - 170g","p":3.2,"u":"18,82 €/KG","img":"https://fd1-photos.leclercdrive.fr/image.ashx?id=2895637&use=l&cat=p&typeid=i","cat":285562},{"id":30509,"n":"Shampooing Jacques Dessange Réveil color - 2x250ml","p":5.76,"u":"11,52 €/L","img":"https://fd1-photos.leclercdrive.fr/image.ashx?id=2392765&use=l&cat=p&typeid=i","cat":284606},{"id":30520,"n":"Fromage apéritif BoursinFromage Ail et fines herbes 20 roulés","p":3.49,"u":"34,90 €/KG","img":"https://fd1-photos.leclercdrive.fr/image.ashx?id=2918589&use=l&cat=p&typeid=i","cat":314027},{"id":30534,"n":"Gésiers de canard du Sud-Ouest tranchés - NRT - 120g","p":4.45,"u":"37,08 €/KG","img":"https://fd1-photos.leclercdrive.fr/image.ashx?id=2819962&use=l&cat=p&typeid=i","cat":284715},{"id":30563,"n":"Coquillettes Lustucru Aux oeufs frais - 500g","p":1.8,"u":"3,60 €/KG","img":"https://fd1-photos.leclercdrive.fr/image.ashx?id=2799856&use=l&cat=p&typeid=i","cat":284427},{"id":30570,"n":"Sauce Tube Ail Oignons Panzani Panzani - 180G","p":1.17,"u":"6,50 €/KG","img":"https://fd1-photos.leclercdrive.fr/image.ashx?id=3004804&use=l&cat=p&typeid=i","cat":288384},{"id":30572,"n":"Pur jus de pomme Jafaden 1L","p":2.15,"u":"2,15 €/L","img":"https://fd1-photos.leclercdrive.fr/image.ashx?id=2916701&use=l&cat=p&typeid=i","cat":285435},{"id":30573,"n":"Edulcorant sucralose Canderel Briquet x300","p":2.97,"u":"95,81 €/KG","img":"https://fd1-photos.leclercdrive.fr/image.ashx?id=2811014&use=l&cat=p&typeid=i","cat":324846},{"id":30576,"n":"Zanzigliss Haribo Sachet bonbons réglisse - 300g","p":1.49,"u":"4,97 €/KG","img":"https://fd1-photos.leclercdrive.fr/image.ashx?id=2802347&use=l&cat=p&typeid=i","cat":304250},{"id":30577,"n":"Les Schtroumpfs Pik Haribo Sachet bonbons acidulés - 275g","p":1.59,"u":"5,78 €/KG","img":"https://fd1-photos.leclercdrive.fr/image.ashx?id=2984898&use=l&cat=p&typeid=i","cat":304250},{"id":30578,"n":"Bonbons LUTTI Scoubidou Doux Fruits - 200g","p":1.27,"u":"6,35 €/KG","img":"https://fd1-photos.leclercdrive.fr/image.ashx?id=2817434&use=l&cat=p&typeid=i","cat":304250},{"id":30587,"n":"Yaourts châtaignes Bio village Bio au lait de brebis - 2x125g","p":1.67,"u":"6,68 €/KG","img":"https://fd1-photos.leclercdrive.fr/image.ashx?id=2658593&use=l&cat=p&typeid=i","cat":314998},{"id":30592,"n":"Fromage blanc Délisse Sucré 3% MG - 8x100g","p":2.29,"u":"2,86 €/KG","img":"https://fd1-photos.leclercdrive.fr/image.ashx?id=1744463&use=l&cat=p&typeid=i","cat":284409},{"id":30594,"n":"Fromage frais nature Bio Bio village - 12x60g","p":3.44,"u":"4,78 €/KG","img":"https://fd1-photos.leclercdrive.fr/image.ashx?id=2992633&use=l&cat=p&typeid=i","cat":284409},{"id":30600,"n":"Billes Chocolat au Lait KitKat Sachet  - 250g","p":3.85,"u":"15,40 €/KG","img":"https://fd1-photos.leclercdrive.fr/image.ashx?id=2806063&use=l&cat=p&typeid=i","cat":304238},{"id":30603,"n":"Soupe liquide brique Liebig  Chinoise - 1L","p":2.73,"u":"2,73 €/L","img":"https://fd1-photos.leclercdrive.fr/image.ashx?id=2750988&use=l&cat=p&typeid=i","cat":287367},{"id":30607,"n":"Soupe liquide Liebig  Potiron et kiri - Brique 1L","p":2.77,"u":"2,77 €/L","img":"https://fd1-photos.leclercdrive.fr/image.ashx?id=2892130&use=l&cat=p&typeid=i","cat":284462},{"id":30619,"n":"Jambon cru Aoste Quart Tranché  sans conservateur -  x18 - 220g","p":5.34,"u":"24,27 €/KG","img":"https://fd1-photos.leclercdrive.fr/image.ashx?id=2948057&use=l&cat=p&typeid=i","cat":316007},{"id":30627,"n":"Salade Notre Jardin Jeunes pousses d'épinard - 100g","p":1.4,"u":"14,00 €/KG","img":"https://fd1-photos.leclercdrive.fr/image.ashx?id=2655604&use=l&cat=p&typeid=i","cat":284353},{"id":30639,"n":"Eau déminéralisée Finissime  5L","p":1.84,"u":"0,37 €/L","img":"https://fd1-photos.leclercdrive.fr/image.ashx?id=2467796&use=l&cat=p&typeid=i","cat":284653},{"id":30640,"n":"Lapin chasseur Côté Table 280g","p":2.2,"u":"7,86 €/KG","img":"https://fd1-photos.leclercdrive.fr/image.ashx?id=2393866&use=l&cat=p&typeid=i","cat":284953},{"id":30641,"n":"Son d'avoine bio Bio Village 500g","p":2.69,"u":"5,38 €/KG","img":"https://fd1-photos.leclercdrive.fr/image.ashx?id=2664334&use=l&cat=p&typeid=i","cat":309512},{"id":30645,"n":"Salade Notre Jardin Duo Mâche et Roquette - 125g","p":1.68,"u":"13,44 €/KG","img":"https://fd1-photos.leclercdrive.fr/image.ashx?id=2669714&use=l&cat=p&typeid=i","cat":284353},{"id":30646,"n":"Salade Notre Jardin Feuille de chêne - 125g","p":0.95,"u":"7,60 €/KG","img":"https://fd1-photos.leclercdrive.fr/image.ashx?id=2669717&use=l&cat=p&typeid=i","cat":284353},{"id":30652,"n":"Purée pommes de terre Florette 2x200g","p":2.82,"u":"7,05 €/KG","img":"https://fd1-photos.leclercdrive.fr/image.ashx?id=2767678&use=l&cat=p&typeid=i","cat":333665},{"id":30653,"n":"Purée de carottes Florette 2x200g","p":2.88,"u":"7,20 €/KG","img":"https://fd1-photos.leclercdrive.fr/image.ashx?id=2790003&use=l&cat=p&typeid=i","cat":333665},{"id":30656,"n":"Bandes de cire froide Siliss Maillot aisselles - x16","p":2.19,"u":"0,14 €/P","img":"https://fd1-photos.leclercdrive.fr/image.ashx?id=2699450&use=l&cat=p&typeid=i","cat":325351},{"id":30685,"n":"Liquide vaisselle Palmolive Original  amande - 750ml","p":1.47,"u":"1,96 €/L","img":"https://fd1-photos.leclercdrive.fr/image.ashx?id=2690147&use=l&cat=p&typeid=i","cat":284655},{"id":30697,"n":"Savon d'alep Manava 200g","p":3.99,"u":"19,95 €/KG","img":"https://fd1-photos.leclercdrive.fr/image.ashx?id=1952895&use=l&cat=p&typeid=i","cat":284597},{"id":30715,"n":"Désodorisant Texil Parfumé 500ml","p":2.61,"u":"5,22 €/L","img":"https://fd1-photos.leclercdrive.fr/image.ashx?id=2964568&use=l&cat=p&typeid=i","cat":290451},{"id":30729,"n":"Crème Dépilatoire Siliss Maillot aisselles - 100ml","p":1.79,"u":"17,90 €/L","img":"https://fd1-photos.leclercdrive.fr/image.ashx?id=2699687&use=l&cat=p&typeid=i","cat":325351},{"id":30733,"n":"Déboucheur canalisations Syphon 1L","p":1.39,"u":"1,39 €/L","img":"https://fd1-photos.leclercdrive.fr/image.ashx?id=2794193&use=l&cat=p&typeid=i","cat":284908},{"id":30768,"n":"Gel douche Manava Pétales d'Orient 100ml","p":0.8,"u":"8,00 €/L","img":"https://fd1-photos.leclercdrive.fr/image.ashx?id=1669982&use=l&cat=p&typeid=i","cat":284594},{"id":30780,"n":"Sacs poubelle 30L Eco+ x20","p":0.58,"u":"0,03 €/P","img":"https://fd1-photos.leclercdrive.fr/image.ashx?id=2801768&use=l&cat=p&typeid=i","cat":285168},{"id":30781,"n":"Sacs poubelle 50L Eco+ x10","p":0.42,"u":"0,04 €/P","img":"https://fd1-photos.leclercdrive.fr/image.ashx?id=2793143&use=l&cat=p&typeid=i","cat":285168},{"id":30791,"n":"Mouchoirs blancs 2 plis Eco+ Boîte mouchoirs en papier- x150","p":0.62,"img":"https://fd1-photos.leclercdrive.fr/image.ashx?id=2882990&use=l&cat=p&typeid=i","cat":284638},{"id":30808,"n":"Coton-tiges Eco+ Tige papier x200 bâtonnets","p":0.34,"img":"https://fd1-photos.leclercdrive.fr/image.ashx?id=2940893&use=l&cat=p&typeid=i","cat":284636},{"id":30815,"n":"Dissolvant Eco+ 250ml","p":1.33,"u":"5,32 €/L","img":"https://fd1-photos.leclercdrive.fr/image.ashx?id=1873934&use=l&cat=p&typeid=i","cat":325347},{"id":30816,"n":"Film étirable Eco+ 50m","p":0.95,"img":"https://fd1-photos.leclercdrive.fr/image.ashx?id=2751847&use=l&cat=p&typeid=i","cat":334134},{"id":30830,"n":"Feuilles dessin Esquisse Blanches 24x32cm 180g x12","p":1.89,"img":"https://fd1-photos.leclercdrive.fr/image.ashx?id=2943178&use=l&cat=p&typeid=i","cat":284697},{"id":30850,"n":"Blanquette veau Côté Table Champignons 285g","p":2.2,"u":"7,72 €/KG","img":"https://fd1-photos.leclercdrive.fr/image.ashx?id=2064822&use=l&cat=p&typeid=i","cat":284953},{"id":30856,"n":"Emincés de poulet Tradilège Rôti - 2x75g","p":2.09,"u":"13,93 €/KG","img":"https://fd1-photos.leclercdrive.fr/image.ashx?id=2930775&use=l&cat=p&typeid=i","cat":316011},{"id":30869,"n":"Marqueur noir Esquisse Permanent x1","p":0.75,"img":"https://fd1-photos.leclercdrive.fr/image.ashx?id=1694158&use=l&cat=p&typeid=i","cat":284696},{"id":30875,"n":"Bloc multi-prises Foxter Bâteau 5 prises","p":12.49,"u":"Dont 0,02 € d'éco-part.","img":"https://fd1-photos.leclercdrive.fr/image.ashx?id=712352&use=l&cat=p&typeid=i","cat":300613},{"id":30882,"n":"Bloc de fromage Leerdammer L'Original - 250g","p":3.39,"u":"13,56 €/KG","img":"https://fd1-photos.leclercdrive.fr/image.ashx?id=2146096&use=l&cat=p&typeid=i","cat":314034},{"id":30905,"n":"Coquilles moelleuses x6 Chaque Jour Sans Gluten 180g","p":2.2,"u":"12,22 €/KG","img":"https://fd1-photos.leclercdrive.fr/image.ashx?id=2710792&use=l&cat=p&typeid=i","cat":318654},{"id":30907,"n":"Madeleine aux Oeufs GERBLE  Sans Gluten 200 g","p":3.14,"u":"15,70 €/KG","img":"https://fd1-photos.leclercdrive.fr/image.ashx?id=2662802&use=l&cat=p&typeid=i","cat":318654},{"id":30910,"n":"Pain façon campagnard Chaque Jour Sans Gluten - 400g","p":4.03,"u":"10,08 €/KG","img":"https://fd1-photos.leclercdrive.fr/image.ashx?id=2710795&use=l&cat=p&typeid=i","cat":325069},{"id":30916,"n":"Ciboulette Sainte Lucie Tubulaire - 5g","p":1.49,"u":"298,00 €/KG","img":"https://fd1-photos.leclercdrive.fr/image.ashx?id=2974336&use=l&cat=p&typeid=i","cat":298297},{"id":30917,"n":"Pâtes Escalope volaille Marie Crème champignons - 900g","p":4.96,"u":"5,51 €/KG","img":"https://fd1-photos.leclercdrive.fr/image.ashx?id=2996794&use=l&cat=p&typeid=i","cat":284254},{"id":30925,"n":"Croquettes chat Ultima Adulte - Poulet - 7.5kg","p":25.99,"u":"3,47 €/KG","img":"https://fd1-photos.leclercdrive.fr/image.ashx?id=2886187&use=l&cat=p&typeid=i","cat":284680},{"id":30928,"n":"Fumet de poisson Rustica Déshydraté - 90g","p":2.05,"u":"22,78 €/KG","img":"https://fd1-photos.leclercdrive.fr/image.ashx?id=2849578&use=l&cat=p&typeid=i","cat":288379},{"id":30929,"n":"Tortillas chips Tables du Monde Nature - 200g","p":1.15,"u":"5,75 €/KG","img":"https://fd1-photos.leclercdrive.fr/image.ashx?id=2655695&use=l&cat=p&typeid=i","cat":288993},{"id":30932,"n":"Biscuits déli matin P'tit Déli  Chocolat allégé- 300g","p":1.88,"u":"6,27 €/KG","img":"https://fd1-photos.leclercdrive.fr/image.ashx?id=3001202&use=l&cat=p&typeid=i","cat":284491},{"id":30933,"n":"Biscuit chocolat noir Gerblé Sans Sucres Ajoutés - 126g","p":1.87,"u":"14,84 €/KG","img":"https://fd1-photos.leclercdrive.fr/image.ashx?id=2662799&use=l&cat=p&typeid=i","cat":318653},{"id":30947,"n":"Pâtes Collezione Barilla Tagliatelle - 500g","p":1.48,"u":"2,96 €/KG","img":"https://fd1-photos.leclercdrive.fr/image.ashx?id=2654119&use=l&cat=p&typeid=i","cat":284427},{"id":30951,"n":"Chocolat au lait Tablette d'Or Coeur de lait - 2x100g","p":1.95,"u":"9,75 €/KG","img":"https://fd1-photos.leclercdrive.fr/image.ashx?id=3010575&use=l&cat=p&typeid=i","cat":284497},{"id":30953,"n":"Couscous Grain Moyen Ferrero  - 500g","p":1.31,"u":"2,62 €/KG","img":"https://fd1-photos.leclercdrive.fr/image.ashx?id=2886777&use=l&cat=p&typeid=i","cat":284429},{"id":30969,"n":"Glace Cône Nestlé Extrême Sorbet fruits rouges x6 - 426g","p":3.64,"u":"8,54 €/KG","img":"https://fd1-photos.leclercdrive.fr/image.ashx?id=2729845&use=l&cat=p&typeid=i","cat":284264},{"id":30992,"n":"Poêlée paysanne Marie Saucisse fumé - 900g","p":4.98,"u":"5,53 €/KG","img":"https://fd1-photos.leclercdrive.fr/image.ashx?id=2996797&use=l&cat=p&typeid=i","cat":319823},{"id":30995,"n":"Saucisse sèche Saint-Azay Aux noisettes - 250g","p":3.35,"u":"13,40 €/KG","img":"https://fd1-photos.leclercdrive.fr/image.ashx?id=2404145&use=l&cat=p&typeid=i","cat":316006},{"id":31003,"n":"Jus de citron jaune 50cl","p":1.99,"u":"3,98 €/L","img":"https://fd1-photos.leclercdrive.fr/image.ashx?id=2656982&use=l&cat=p&typeid=i","cat":288383},{"id":31006,"n":"Oeillets Esquisse x336","p":0.74,"img":"https://fd1-photos.leclercdrive.fr/image.ashx?id=2131224&use=l&cat=p&typeid=i","cat":334133},{"id":31018,"n":"Feuille de brick Tablier Blanc En rouleau - 90g","p":1.49,"u":"16,56 €/KG","img":"https://fd1-photos.leclercdrive.fr/image.ashx?id=2188688&use=l&cat=p&typeid=i","cat":333681},{"id":31019,"n":"Feuilles de lasagne Turini 350g","p":2.69,"u":"7,69 €/KG","img":"https://fd1-photos.leclercdrive.fr/image.ashx?id=2174696&use=l&cat=p&typeid=i","cat":333682},{"id":31021,"n":"Gnocchi Turini 800g","p":2.29,"u":"2,86 €/KG","img":"https://fd1-photos.leclercdrive.fr/image.ashx?id=2254529&use=l&cat=p&typeid=i","cat":333682},{"id":31022,"n":"Gnocchi à poêler Turini 500g","p":1.42,"u":"2,84 €/KG","img":"https://fd1-photos.leclercdrive.fr/image.ashx?id=3014362&use=l&cat=p&typeid=i","cat":333682},{"id":31023,"n":"Ravioli Ricotta épinards Bio  Bio village - 250g","p":2.99,"u":"11,96 €/KG","img":"https://fd1-photos.leclercdrive.fr/image.ashx?id=2650252&use=l&cat=p&typeid=i","cat":333682},{"id":31027,"n":"Cappuccino soluble Plantation nature - 280g","p":3.21,"u":"11,46 €/KG","img":"https://fd1-photos.leclercdrive.fr/image.ashx?id=2819274&use=l&cat=p&typeid=i","cat":284843},{"id":31044,"n":"Haricots verts Notre Jardin Extra fins - 5 Fagots - 220g","p":2.15,"u":"9,77 €/KG","img":"https://fd1-photos.leclercdrive.fr/image.ashx?id=2050657&use=l&cat=p&typeid=i","cat":312606},{"id":31046,"n":"Assortiment crackers Tokapi Emmental - 100g","p":0.64,"u":"6,40 €/KG","img":"https://fd1-photos.leclercdrive.fr/image.ashx?id=2034386&use=l&cat=p&typeid=i","cat":297000},{"id":31047,"n":"Assortiment Crackers Tokapi Mélange 4 saveurs - 380g","p":2.79,"u":"7,34 €/KG","img":"https://fd1-photos.leclercdrive.fr/image.ashx?id=2942783&use=l&cat=p&typeid=i","cat":297000},{"id":31050,"n":"Biscuits pavot citron GERBLE  - 4x4  200g","p":1.43,"u":"7,15 €/KG","img":"https://fd1-photos.leclercdrive.fr/image.ashx?id=2967001&use=l&cat=p&typeid=i","cat":318651},{"id":31052,"n":"Biscuits figue et son GERBLE   - 5x5, 210g","p":1.4,"u":"6,67 €/KG","img":"https://fd1-photos.leclercdrive.fr/image.ashx?id=2662319&use=l&cat=p&typeid=i","cat":318651},{"id":31054,"n":"Bouillon Cube Maggi Vollaile - x12 cubes - 120g","p":1.5,"u":"12,50 €/KG","img":"https://fd1-photos.leclercdrive.fr/image.ashx?id=2736982&use=l&cat=p&typeid=i","cat":288379},{"id":31058,"n":"Pâtes Barilla Capellini n°1 - 500g","p":0.98,"u":"1,96 €/KG","img":"https://fd1-photos.leclercdrive.fr/image.ashx?id=2392194&use=l&cat=p&typeid=i","cat":284427},{"id":31069,"n":"Chocolat Pâtissier Tablette dOr Chocolat Blanc - 180g","p":2.03,"u":"11,28 €/KG","img":"https://fd1-photos.leclercdrive.fr/image.ashx?id=2562879&use=l&cat=p&typeid=i","cat":285562},{"id":31079,"n":"Biscuits cookies bio bjorg  chocolat noisette - 200g","p":3.15,"u":"15,75 €/KG","img":"https://fd1-photos.leclercdrive.fr/image.ashx?id=2652215&use=l&cat=p&typeid=i","cat":325066},{"id":31084,"n":"Crackers Tokapi Sésame et pavot - 100g","p":0.69,"u":"6,90 €/KG","img":"https://fd1-photos.leclercdrive.fr/image.ashx?id=1921880&use=l&cat=p&typeid=i","cat":297000},{"id":31086,"n":"Capsules Nescafé Dolce Gusto  Lungo Décaféiné - x16","p":4.56,"u":"40,71 €/KG","img":"https://fd1-photos.leclercdrive.fr/image.ashx?id=2836676&use=l&cat=p&typeid=i","cat":293239},{"id":31088,"n":"Coeurs d'artichaut Notre Jardin 245g","p":3.49,"u":"14,24 €/KG","img":"https://fd1-photos.leclercdrive.fr/image.ashx?id=2607918&use=l&cat=p&typeid=i","cat":312611},{"id":31091,"n":"Croquettes chat Plénima Premium Poulet - Chat adulte - 450g","p":1.79,"u":"3,98 €/KG","img":"https://fd1-photos.leclercdrive.fr/image.ashx?id=2970732&use=l&cat=p&typeid=i","cat":284680},{"id":31095,"n":"Filets maquereaux Pêche Océan Citron olives - 176g","p":1.78,"u":"10,11 €/KG","img":"https://fd1-photos.leclercdrive.fr/image.ashx?id=2515679&use=l&cat=p&typeid=i","cat":303868},{"id":31097,"n":"Feuilletés Tokapi Emmental - 85g","p":0.98,"u":"11,53 €/KG","img":"https://fd1-photos.leclercdrive.fr/image.ashx?id=1884022&use=l&cat=p&typeid=i","cat":297000},{"id":31098,"n":"Capsules Nescafé Dolce Gusto  Café au Lait - x16","p":4.57,"u":"28,56 €/KG","img":"https://fd1-photos.leclercdrive.fr/image.ashx?id=2946637&use=l&cat=p&typeid=i","cat":293239},{"id":31101,"n":"Filets maquereaux Pêche Océan Sauce escabèche - 169g","p":1.15,"u":"6,80 €/KG","img":"https://fd1-photos.leclercdrive.fr/image.ashx?id=2394666&use=l&cat=p&typeid=i","cat":303868},{"id":31105,"n":"Gaufrettes P'tit Déli Praliné noisette x15 110g","p":0.87,"u":"7,91 €/KG","img":"https://fd1-photos.leclercdrive.fr/image.ashx?id=2418245&use=l&cat=p&typeid=i","cat":284488},{"id":31113,"n":"Haricots rouges Notre Jardin 500g","p":1.37,"u":"2,74 €/KG","img":"https://fd1-photos.leclercdrive.fr/image.ashx?id=2988054&use=l&cat=p&typeid=i","cat":312606},{"id":31115,"n":"Galettes Bjorg Epeautre son d'avoine bio 130g","p":1.36,"u":"10,46 €/KG","img":"https://fd1-photos.leclercdrive.fr/image.ashx?id=2972976&use=l&cat=p&typeid=i","cat":318651},{"id":31116,"n":"Pâtes bio Jardin Bio' Tire-bouchon semi-complet  500g","p":1.92,"u":"3,84 €/KG","img":"https://fd1-photos.leclercdrive.fr/image.ashx?id=2961116&use=l&cat=p&typeid=i","cat":284427},{"id":31118,"n":"Madeleines P'tit Déli Coquilles 250g","p":0.99,"u":"3,96 €/KG","img":"https://fd1-photos.leclercdrive.fr/image.ashx?id=2999499&use=l&cat=p&typeid=i","cat":284492},{"id":31132,"n":"Tartine croustillante Epi d'Or Céréales - 250g","p":1.41,"u":"5,64 €/KG","img":"https://fd1-photos.leclercdrive.fr/image.ashx?id=2535256&use=l&cat=p&typeid=i","cat":284479},{"id":31136,"n":"Pâtes Torti Panzani 3 Minutes - 1Kg","p":2.23,"u":"2,23 €/KG","img":"https://fd1-photos.leclercdrive.fr/image.ashx?id=2896099&use=l&cat=p&typeid=i","cat":284427},{"id":31139,"n":"Tortillas chips Tables du Monde Chili - 200g","p":1.39,"u":"6,95 €/KG","img":"https://fd1-photos.leclercdrive.fr/image.ashx?id=2661544&use=l&cat=p&typeid=i","cat":288993},{"id":31143,"n":"Lait concentré sucré Délisse 397g","p":1.35,"u":"3,40 €/KG","img":"https://fd1-photos.leclercdrive.fr/image.ashx?id=2576588&use=l&cat=p&typeid=i","cat":299162},{"id":31146,"n":"Madeleines P'tit Déli Longues fourrées 240g","p":2.35,"u":"9,79 €/KG","img":"https://fd1-photos.leclercdrive.fr/image.ashx?id=2754204&use=l&cat=p&typeid=i","cat":284492},{"id":31149,"n":"Les p'tites spirales P'tit Déli Fraise 150g","p":1.55,"u":"10,33 €/KG","img":"https://fd1-photos.leclercdrive.fr/image.ashx?id=2660419&use=l&cat=p&typeid=i","cat":284495},{"id":31156,"n":"Café Soluble Nescafé x25 - 50g","p":2.04,"u":"40,80 €/KG","img":"https://fd1-photos.leclercdrive.fr/image.ashx?id=2485131&use=l&cat=p&typeid=i","cat":284843},{"id":31166,"n":"Pousses d'haricots  Bio Village Haricots Mungo Bio - 175g","p":1.34,"u":"7,66 €/KG","img":"https://fd1-photos.leclercdrive.fr/image.ashx?id=2573214&use=l&cat=p&typeid=i","cat":312611},{"id":31174,"n":"Pâtes penne rigate Panzani 1kg","p":2.07,"u":"2,07 €/KG","img":"https://fd1-photos.leclercdrive.fr/image.ashx?id=2876020&use=l&cat=p&typeid=i","cat":284427},{"id":31178,"n":"Pois apéritif Tanoshi wasabi - sachet 100g","p":1.49,"u":"14,90 €/KG","img":"https://fd1-photos.leclercdrive.fr/image.ashx?id=2928522&use=l&cat=p&typeid=i","cat":288992},{"id":31183,"n":"Pain campagnard Schar 240g","p":3.17,"u":"13,21 €/KG","img":"https://fd1-photos.leclercdrive.fr/image.ashx?id=2267978&use=l&cat=p&typeid=i","cat":325069},{"id":31191,"n":"Riz sushi Tanoshi 450g","p":3.15,"u":"7,00 €/KG","img":"https://fd1-photos.leclercdrive.fr/image.ashx?id=2955788&use=l&cat=p&typeid=i","cat":288992},{"id":31200,"n":"AOP Bordeaux rouge Baron de Lestac - BIB 3L","p":13.99,"u":"4,66 €/L","img":"https://fd1-photos.leclercdrive.fr/image.ashx?id=2420910&use=l&cat=p&typeid=i","cat":289560},{"id":31201,"n":"Eau minérale Wattwiller Naturelle - 6x1L","p":3.12,"u":"0,52 €/L","img":"https://fd1-photos.leclercdrive.fr/image.ashx?id=2584584&use=l&cat=p&typeid=i","cat":284535},{"id":31211,"n":"Grana Padano AOP Casa Azzurra Râpé -  100g","p":1.94,"u":"19,40 €/KG","img":"https://fd1-photos.leclercdrive.fr/image.ashx?id=2284730&use=l&cat=p&typeid=i","cat":314035},{"id":31223,"n":"Bain Dissolvant Inell Bain sans acétone - 75ml","p":3.99,"u":"53,20 €/L","img":"https://fd1-photos.leclercdrive.fr/image.ashx?id=2244820&use=l&cat=p&typeid=i","cat":325347},{"id":31265,"n":"Friandises chats Félix Original  Party mix - 60g","p":1.26,"u":"21,00 €/KG","img":"https://fd1-photos.leclercdrive.fr/image.ashx?id=2683346&use=l&cat=p&typeid=i","cat":285285},{"id":31266,"n":"Friandises chats Félix Grillade - 60g","p":1.13,"u":"18,83 €/KG","img":"https://fd1-photos.leclercdrive.fr/image.ashx?id=2336614&use=l&cat=p&typeid=i","cat":285285},{"id":31267,"n":"Friandises chats Félix Saveur océane Party mix  - 60g","p":1.28,"u":"21,33 €/KG","img":"https://fd1-photos.leclercdrive.fr/image.ashx?id=2910210&use=l&cat=p&typeid=i","cat":285285},{"id":31288,"n":"Emmental râpé Entremont Spécial pizza 125g","p":1.88,"u":"15,04 €/KG","img":"https://fd1-photos.leclercdrive.fr/image.ashx?id=2785793&use=l&cat=p&typeid=i","cat":314035},{"id":31289,"n":"Emmental râpé Entremont 3x70g","p":2.42,"u":"11,52 €/KG","img":"https://fd1-photos.leclercdrive.fr/image.ashx?id=2983150&use=l&cat=p&typeid=i","cat":314035},{"id":31297,"n":"Fromage crémeux Les Croisés 36%mg - 200g","p":2.43,"u":"12,15 €/KG","img":"https://fd1-photos.leclercdrive.fr/image.ashx?id=2037379&use=l&cat=p&typeid=i","cat":329558},{"id":31301,"n":"Steak haché Férial  15%mg - X10 - 1kg","p":11.9,"u":"11,90 €/KG","img":"https://fd1-photos.leclercdrive.fr/image.ashx?id=3004657&use=l&cat=p&typeid=i","cat":319778},{"id":31389,"n":"Menus gourmands Tous mes amis pour chatons - 12x100g","p":4.29,"u":"3,58 €/KG","img":"https://fd1-photos.leclercdrive.fr/image.ashx?id=2027595&use=l&cat=p&typeid=i","cat":285286},{"id":31414,"n":"Pâtes Alpina Savoie Chanterelles Crozets - 400g","p":2.59,"u":"6,48 €/KG","img":"https://fd1-photos.leclercdrive.fr/image.ashx?id=2795063&use=l&cat=p&typeid=i","cat":284427},{"id":31441,"n":"Plat bébé Blédina 12 mois  Courgette riz veau - 2x200g","p":2.83,"u":"7,08 €/KG","img":"https://fd1-photos.leclercdrive.fr/image.ashx?id=2975074&use=l&cat=p&typeid=i","cat":312237},{"id":31447,"n":"Tablette Chocolat Lait Crunch Céréales Croustillantes 2x100g","p":2.73,"u":"13,65 €/KG","img":"https://fd1-photos.leclercdrive.fr/image.ashx?id=2899740&use=l&cat=p&typeid=i","cat":284497},{"id":31449,"n":"Tortillas chips Eco+ Nature - 300g","p":0.94,"u":"3,13 €/KG","img":"https://fd1-photos.leclercdrive.fr/image.ashx?id=2669729&use=l&cat=p&typeid=i","cat":287899},{"id":31450,"n":"Délice de jambon Tulip 340g","p":3.08,"u":"9,06 €/KG","img":"https://fd1-photos.leclercdrive.fr/image.ashx?id=2465592&use=l&cat=p&typeid=i","cat":305149},{"id":31458,"n":"Moutarde de Dijon Rustica  Fine et forte - 160g","p":0.95,"u":"5,94 €/KG","img":"https://fd1-photos.leclercdrive.fr/image.ashx?id=2954367&use=l&cat=p&typeid=i","cat":288850},{"id":31641,"n":"Poulet basquaise Côté Table Riz 285g","p":1.81,"u":"6,35 €/KG","img":"https://fd1-photos.leclercdrive.fr/image.ashx?id=2476149&use=l&cat=p&typeid=i","cat":284953},{"id":31652,"n":"Beurre Tendre Elle&Vire Doux - 82% MG - 250g","p":2.98,"u":"11,92 €/KG","img":"https://fd1-photos.leclercdrive.fr/image.ashx?id=2574374&use=l&cat=p&typeid=i","cat":284379},{"id":31656,"n":"Cornichons Rustica Aigre Doux - 360g","p":1.63,"u":"4,53 €/KG","img":"https://fd1-photos.leclercdrive.fr/image.ashx?id=2916698&use=l&cat=p&typeid=i","cat":284458},{"id":31659,"n":"Sirop La Maison Guiot Cerise - 70cl","p":3.18,"u":"4,54 €/L","img":"https://fd1-photos.leclercdrive.fr/image.ashx?id=2857201&use=l&cat=p&typeid=i","cat":295020},{"id":31661,"n":"Sirop La Maison Guiot Pêche blanche - 70cl","p":3.34,"u":"4,77 €/L","img":"https://fd1-photos.leclercdrive.fr/image.ashx?id=2857198&use=l&cat=p&typeid=i","cat":295020},{"id":31662,"n":"Sirop La Maison Guiot Mûre / Cassis - 70cl","p":3.41,"u":"4,87 €/L","img":"https://fd1-photos.leclercdrive.fr/image.ashx?id=2857186&use=l&cat=p&typeid=i","cat":295020},{"id":31680,"n":"Lingettes bébé Mots d'Enfants Ultra-douces - x24","p":1.25,"u":"0,05 €/P","img":"https://fd1-photos.leclercdrive.fr/image.ashx?id=2856501&use=l&cat=p&typeid=i","cat":284738},{"id":31682,"n":"Sachet repas chat Tous mes amis Viande en sauces - 4x100g","p":1.49,"u":"3,73 €/KG","img":"https://fd1-photos.leclercdrive.fr/image.ashx?id=2043005&use=l&cat=p&typeid=i","cat":285286},{"id":31709,"n":"Viande boeuf séchée Saint Azay 10 tranches - 80g","p":3.78,"u":"47,25 €/KG","img":"https://fd1-photos.leclercdrive.fr/image.ashx?id=2071366&use=l&cat=p&typeid=i","cat":316007},{"id":31714,"n":"Pur jus de pomme Bio Village Bio - 6x20cl","p":3.25,"u":"2,71 €/L","img":"https://fd1-photos.leclercdrive.fr/image.ashx?id=2077442&use=l&cat=p&typeid=i","cat":284524},{"id":31717,"n":"Parmigiano Reg AOP Casa Azzurra Râpé -  60g","p":1.51,"u":"25,17 €/KG","img":"https://fd1-photos.leclercdrive.fr/image.ashx?id=2261951&use=l&cat=p&typeid=i","cat":314035},{"id":31724,"n":"Boisson Jafaden Cranberry Myrtille - 1L","p":1.77,"u":"1,77 €/L","img":"https://fd1-photos.leclercdrive.fr/image.ashx?id=2591403&use=l&cat=p&typeid=i","cat":284915},{"id":31725,"n":"Boisson énergisante X-tense Canette - 4x50cl","p":3.12,"u":"1,56 €/L","img":"https://fd1-photos.leclercdrive.fr/image.ashx?id=2956068&use=l&cat=p&typeid=i","cat":284533},{"id":31728,"n":"Jus de pomme Jafaden Nectar - 2L","p":2.15,"u":"1,08 €/L","img":"https://fd1-photos.leclercdrive.fr/image.ashx?id=2956077&use=l&cat=p&typeid=i","cat":284522},{"id":31729,"n":"Jus de pomme Jafaden A base de concentré - 1L","p":0.95,"u":"0,95 €/L","img":"https://fd1-photos.leclercdrive.fr/image.ashx?id=2550842&use=l&cat=p&typeid=i","cat":284522},{"id":31730,"n":"Pur jus de pomme Jafaden 1L","p":0.99,"u":"0,99 €/L","img":"https://fd1-photos.leclercdrive.fr/image.ashx?id=1936638&use=l&cat=p&typeid=i","cat":284522},{"id":31731,"n":"Thé glacé Fresh Tea Pêche - 1L","p":1.03,"u":"1,03 €/L","img":"https://fd1-photos.leclercdrive.fr/image.ashx?id=2622251&use=l&cat=p&typeid=i","cat":295019},{"id":31733,"n":"Pur jus multifruits Jafaden 1L","p":1.39,"u":"1,39 €/L","img":"https://fd1-photos.leclercdrive.fr/image.ashx?id=2890006&use=l&cat=p&typeid=i","cat":284917},{"id":31735,"n":"Nectar multifruits Jafaden 1L","p":1.75,"u":"1,75 €/L","img":"https://fd1-photos.leclercdrive.fr/image.ashx?id=2956089&use=l&cat=p&typeid=i","cat":284917},{"id":31736,"n":"Nectar Jafaden Goyave - 1L","p":2.08,"u":"2,08 €/L","img":"https://fd1-photos.leclercdrive.fr/image.ashx?id=2956095&use=l&cat=p&typeid=i","cat":284916},{"id":31737,"n":"Nectar Jafaden Passion - 1L","p":2.71,"u":"2,71 €/L","img":"https://fd1-photos.leclercdrive.fr/image.ashx?id=2959602&use=l&cat=p&typeid=i","cat":284916},{"id":31814,"n":"Confiture Cuite au chaudron Fraises Lucien Georgelin - 320g","p":2.05,"u":"6,41 €/KG","img":"https://fd1-photos.leclercdrive.fr/image.ashx?id=1638664&use=l&cat=p&typeid=i","cat":284480},{"id":31830,"n":"Sachet repas chat Tous mes amis Viande en sauce - 12x100g","p":3.65,"u":"3,04 €/KG","img":"https://fd1-photos.leclercdrive.fr/image.ashx?id=2677077&use=l&cat=p&typeid=i","cat":285286},{"id":31899,"n":"Huile OPTIMA Tramier  1L","p":5.08,"u":"5,08 €/L","img":"https://fd1-photos.leclercdrive.fr/image.ashx?id=2680407&use=l&cat=p&typeid=i","cat":284453},{"id":31915,"n":"Mayonnaise à la moutarde de Dij  de Dijon Rustica - 235 g","p":1.25,"u":"5,32 €/KG","img":"https://fd1-photos.leclercdrive.fr/image.ashx?id=2954355&use=l&cat=p&typeid=i","cat":298295},{"id":31918,"n":"Sucre Tablier Blanc En morceaux - 1kg","p":1.99,"u":"1,99 €/KG","img":"https://fd1-photos.leclercdrive.fr/image.ashx?id=3010425&use=l&cat=p&typeid=i","cat":284502},{"id":31920,"n":"Matière grasse Rustica à tartiner 50%MG Omega 3 - 500g","p":1.98,"u":"3,96 €/KG","img":"https://fd1-photos.leclercdrive.fr/image.ashx?id=2904556&use=l&cat=p&typeid=i","cat":315229},{"id":31924,"n":"Déodorant bille Manava Peaux sensibles 50ml","p":1.15,"u":"23,00 €/L","img":"https://fd1-photos.leclercdrive.fr/image.ashx?id=2481222&use=l&cat=p&typeid=i","cat":284595},{"id":31935,"n":"Spray coiffant Vitanove Fixation extra forte - 250ml","p":1.39,"u":"5,56 €/L","img":"https://fd1-photos.leclercdrive.fr/image.ashx?id=2331700&use=l&cat=p&typeid=i","cat":284609},{"id":31937,"n":"Laque Vitanove Fixation normale 300ml","p":1.95,"u":"6,50 €/L","img":"https://fd1-photos.leclercdrive.fr/image.ashx?id=2973508&use=l&cat=p&typeid=i","cat":284609},{"id":31965,"n":"Nettoyant spray Clair Cuisine et salle de bain 750ml","p":1.29,"u":"1,72 €/L","img":"https://fd1-photos.leclercdrive.fr/image.ashx?id=2466151&use=l&cat=p&typeid=i","cat":325357},{"id":31968,"n":"Crème Dépilatoire Siliss Sous la douche - 250ml","p":3.39,"u":"13,56 €/L","img":"https://fd1-photos.leclercdrive.fr/image.ashx?id=2699447&use=l&cat=p&typeid=i","cat":325351},{"id":31970,"n":"Soin visage Carré Homme Anti-âge anti-fatigue Q10- 50ml","p":3.7,"u":"74,00 €/L","img":"https://fd1-photos.leclercdrive.fr/image.ashx?id=2809689&use=l&cat=p&typeid=i","cat":284622},{"id":31976,"n":"Sucre vanillé bio Bio Village 6x7.5g","p":1.85,"u":"41,11 €/KG","img":"https://fd1-photos.leclercdrive.fr/image.ashx?id=2166521&use=l&cat=p&typeid=i","cat":294686},{"id":31981,"n":"Couches bébé Mots d'Enfants T4+ Ultra confort - 9/20kg - x24","p":5.8,"u":"0,24 €/P","img":"https://fd1-photos.leclercdrive.fr/image.ashx?id=2699459&use=l&cat=p&typeid=i","cat":284737},{"id":31982,"n":"Couches bébé Mots d'Enfants -T5 Ultra confort - 11/25kg - x23","p":5.66,"u":"0,25 €/P","img":"https://fd1-photos.leclercdrive.fr/image.ashx?id=2699462&use=l&cat=p&typeid=i","cat":284737},{"id":31983,"n":"Cidre rosé Les Goelleries 2.5%vol. - 75cl","p":2.29,"u":"3,05 €/L","img":"https://fd1-photos.leclercdrive.fr/image.ashx?id=2842295&use=l&cat=p&typeid=i","cat":334880},{"id":31985,"n":"Couches bébé Mots d'Enfants -T4 Ultra confort - 7/18kg - x26","p":5.55,"u":"0,21 €/P","img":"https://fd1-photos.leclercdrive.fr/image.ashx?id=2699456&use=l&cat=p&typeid=i","cat":284737},{"id":31988,"n":"Sachet repas chat Tous mes amis Poissons en gelée - 4x100g","p":1.33,"u":"3,33 €/KG","img":"https://fd1-photos.leclercdrive.fr/image.ashx?id=2043002&use=l&cat=p&typeid=i","cat":285286},{"id":32054,"n":"Eau minérale gazeuse St Diery  Naturelle - 6x50cl","p":1.45,"u":"0,48 €/L","img":"https://fd1-photos.leclercdrive.fr/image.ashx?id=2423532&use=l&cat=p&typeid=i","cat":284536},{"id":32058,"n":"Amandes Tokapi Fumé - 125g","p":2.69,"u":"21,52 €/KG","img":"https://fd1-photos.leclercdrive.fr/image.ashx?id=2795556&use=l&cat=p&typeid=i","cat":284448},{"id":32059,"n":"Sachet repas chat Tous mes amis Viande en geléé - 12x100g","p":3.65,"u":"3,04 €/KG","img":"https://fd1-photos.leclercdrive.fr/image.ashx?id=2027598&use=l&cat=p&typeid=i","cat":285286},{"id":32064,"n":"Mousse à raser Carré Homme Sensible - 250ml","p":1.39,"u":"5,56 €/L","img":"https://fd1-photos.leclercdrive.fr/image.ashx?id=2704681&use=l&cat=p&typeid=i","cat":284617},{"id":32065,"n":"Couches bébé Mots d'Enfants T4 Douceur - 7/18kg - x74 changes","p":10.6,"u":"0,14 €/P","img":"https://fd1-photos.leclercdrive.fr/image.ashx?id=2699468&use=l&cat=p&typeid=i","cat":284737},{"id":32087,"n":"Yaourts vanille Soignon au lait de chèvre - 4x125g","p":2.42,"u":"4,84 €/KG","img":"https://fd1-photos.leclercdrive.fr/image.ashx?id=2518247&use=l&cat=p&typeid=i","cat":314998},{"id":32098,"n":"Biscuits Dinosaurus Lotus  Chocolat noir - 225g","p":2.19,"u":"9,73 €/KG","img":"https://fd1-photos.leclercdrive.fr/image.ashx?id=2859812&use=l&cat=p&typeid=i","cat":284488},{"id":32104,"n":"Goûter laitier Récré O'Lé Gourdes Saveur Vanille - 4x85g","p":2.14,"u":"6,29 €/KG","img":"https://fd1-photos.leclercdrive.fr/image.ashx?id=3008827&use=l&cat=p&typeid=i","cat":284506},{"id":32115,"n":"Ananas morceaux Découpe fraîche  350g","p":3.48,"u":"9,94 €/KG","img":"https://fd1-photos.leclercdrive.fr/image.ashx?id=635043&use=l&cat=p&typeid=i","cat":290298},{"id":32145,"n":"Beurre de Baratte d'Isigny NRT AOP Demi-sel 80% MG 250g","p":3.08,"u":"12,32 €/KG","img":"https://fd1-photos.leclercdrive.fr/image.ashx?id=2657289&use=l&cat=p&typeid=i","cat":284379},{"id":32183,"n":"Couches bébé Mots d'Enfants T4+ Douceur - 9/20kg - x70 changes","p":10.8,"u":"0,15 €/P","img":"https://fd1-photos.leclercdrive.fr/image.ashx?id=2904574&use=l&cat=p&typeid=i","cat":284737},{"id":32186,"n":"Couches bébé Mots d'Enfants T5 Douceur - 11/25kg - x66","p":10.7,"u":"0,16 €/P","img":"https://fd1-photos.leclercdrive.fr/image.ashx?id=2907195&use=l&cat=p&typeid=i","cat":284737},{"id":32202,"n":"Couches bébé Mots d'Enfants T3 Douceur - 4/9kg - x90 changes","p":11.4,"u":"0,13 €/P","img":"https://fd1-photos.leclercdrive.fr/image.ashx?id=2699465&use=l&cat=p&typeid=i","cat":284737},{"id":32255,"n":"Déodorant Manava Pierre d'alun/Aloé véra - 200ml","p":1.39,"u":"6,95 €/L","img":"https://fd1-photos.leclercdrive.fr/image.ashx?id=2710494&use=l&cat=p&typeid=i","cat":284595},{"id":32258,"n":"Couches bébé Mots d'Enfants -T3 Ultra confort - 4/9kg - x29","p":5.99,"u":"0,21 €/P","img":"https://fd1-photos.leclercdrive.fr/image.ashx?id=1660871&use=l&cat=p&typeid=i","cat":284737},{"id":32267,"n":"Emmental fromage rapé Les Croisés - 325g","p":2.65,"u":"8,15 €/KG","img":"https://fd1-photos.leclercdrive.fr/image.ashx?id=2805027&use=l&cat=p&typeid=i","cat":314035},{"id":32286,"n":"Papillons d'Alsace NRT 250g","p":1.39,"u":"5,56 €/KG","img":"https://fd1-photos.leclercdrive.fr/image.ashx?id=2839992&use=l&cat=p&typeid=i","cat":284427},{"id":32291,"n":"Bonbons sans sucres Confiséo Aux plantes - 150g","p":2.49,"u":"16,60 €/KG","img":"https://fd1-photos.leclercdrive.fr/image.ashx?id=2934700&use=l&cat=p&typeid=i","cat":304252},{"id":32293,"n":"Sucre de canne Tablier Blanc Cassonade 750g","p":1.55,"u":"2,07 €/KG","img":"https://fd1-photos.leclercdrive.fr/image.ashx?id=2501676&use=l&cat=p&typeid=i","cat":284502},{"id":32298,"n":"Mouchoirs Kleenex Original Mini étuis - x30","p":3.34,"u":"0,11 €/P","img":"https://fd1-photos.leclercdrive.fr/image.ashx?id=2665478&use=l&cat=p&typeid=i","cat":284638},{"id":32301,"n":"Biscuit Petit beurre P'tit Déli Tablette chocolat blanc - 150g","p":1.49,"u":"9,93 €/KG","img":"https://fd1-photos.leclercdrive.fr/image.ashx?id=2517772&use=l&cat=p&typeid=i","cat":284488},{"id":32320,"n":"AOC Champagne Blanc de Blancs Brut Pol Carson - 75cl","p":21.99,"u":"29,32 €/L","img":"https://fd1-photos.leclercdrive.fr/image.ashx?id=2909897&use=l&cat=p&typeid=i","cat":284542},{"id":32335,"n":"100% Pur jus d'orange Jafaden Très pulpé - 1L","p":2.61,"u":"2,61 €/L","img":"https://fd1-photos.leclercdrive.fr/image.ashx?id=2869272&use=l&cat=p&typeid=i","cat":284521},{"id":32339,"n":"Sirop Frucci Pamplemousse Rose - 75cl","p":3.65,"u":"4,87 €/L","img":"https://fd1-photos.leclercdrive.fr/image.ashx?id=728406&use=l&cat=p&typeid=i","cat":295020},{"id":32352,"n":"Emmental fromage râpé bio Bio village - 200g","p":2.31,"u":"11,55 €/KG","img":"https://fd1-photos.leclercdrive.fr/image.ashx?id=1972558&use=l&cat=p&typeid=i","cat":314035},{"id":32353,"n":"Mozzarella Les Croisés - 3x125g","p":2.75,"u":"7,33 €/KG","img":"https://fd1-photos.leclercdrive.fr/image.ashx?id=2130008&use=l&cat=p&typeid=i","cat":314026},{"id":32357,"n":"Yaourts en gourde Délisse 3 Abricots + 3 Fraises - 6x90g","p":2.89,"u":"5,35 €/KG","img":"https://fd1-photos.leclercdrive.fr/image.ashx?id=2699565&use=l&cat=p&typeid=i","cat":284415},{"id":32371,"n":"Petits pots  Babybio Bio Carotte quinoa - 8mois 2x200g","p":2.75,"u":"6,88 €/KG","img":"https://fd1-photos.leclercdrive.fr/image.ashx?id=2834512&use=l&cat=p&typeid=i","cat":312239},{"id":32372,"n":"Petits pots Babybio Bio Légumes veau - 8 mois 2x200g","p":3.05,"u":"7,63 €/KG","img":"https://fd1-photos.leclercdrive.fr/image.ashx?id=2838308&use=l&cat=p&typeid=i","cat":312236},{"id":32373,"n":"Petits pots Babybio Bio Légume canard - 8mois 2x200g","p":3.48,"u":"17,40 €/KG","img":"https://fd1-photos.leclercdrive.fr/image.ashx?id=2912200&use=l&cat=p&typeid=i","cat":312236},{"id":32380,"n":"Farine de blé Eco+ 1kg","p":0.54,"u":"0,54 €/KG","img":"https://fd1-photos.leclercdrive.fr/image.ashx?id=2694416&use=l&cat=p&typeid=i","cat":284503},{"id":32385,"n":"Asperges blanches très grosses En bocal - 395G","p":5.45,"u":"13,80 €/KG","img":"https://fd1-photos.leclercdrive.fr/image.ashx?id=2049013&use=l&cat=p&typeid=i","cat":312611},{"id":32386,"n":"Mélange forestier Notre Jardin 225g","p":2.57,"u":"11,42 €/KG","img":"https://fd1-photos.leclercdrive.fr/image.ashx?id=2613705&use=l&cat=p&typeid=i","cat":312612},{"id":32387,"n":"Ratatouille Notre Jardin A la provençale - 375g","p":1.06,"u":"2,83 €/KG","img":"https://fd1-photos.leclercdrive.fr/image.ashx?id=2526294&use=l&cat=p&typeid=i","cat":312612},{"id":32388,"n":"Maïs Notre Jardin Aux 2 poivrons - 270g","p":1.59,"u":"5,89 €/KG","img":"https://fd1-photos.leclercdrive.fr/image.ashx?id=2988057&use=l&cat=p&typeid=i","cat":312611},{"id":32422,"n":"Poulet rôti Purée à l'ancienne La Cuisine d'Océane 300g","p":2.86,"u":"9,53 €/KG","img":"https://fd1-photos.leclercdrive.fr/image.ashx?id=2962377&use=l&cat=p&typeid=i","cat":284953},{"id":32444,"n":"AOP Cabernet d'Anjou vin rosé  Soupçon de Fruit  - 75cl","p":5.14,"u":"6,85 €/L","img":"https://fd1-photos.leclercdrive.fr/image.ashx?id=2432388&use=l&cat=p&typeid=i","cat":289558},{"id":32473,"n":"Sacs collecteur 160L Poubel'sak x10","p":5.22,"u":"0,52 €/P","img":"https://fd1-photos.leclercdrive.fr/image.ashx?id=1867456&use=l&cat=p&typeid=i","cat":285168},{"id":32478,"n":"Fruits rouges Fruistar 650g","p":4.81,"u":"7,40 €/KG","img":"https://fd1-photos.leclercdrive.fr/image.ashx?id=2898245&use=l&cat=p&typeid=i","cat":284268},{"id":32492,"n":"Crème glacée L'Angelys Vanille - 450g","p":5.22,"u":"11,60 €/KG","img":"https://fd1-photos.leclercdrive.fr/image.ashx?id=2963574&use=l&cat=p&typeid=i","cat":284263},{"id":32497,"n":"Recharge Savon Mains Dettol Parfum Citron 250ml","p":1.95,"u":"7,80 €/L","img":"https://fd1-photos.leclercdrive.fr/image.ashx?id=2962020&use=l&cat=p&typeid=i","cat":284597},{"id":32516,"n":"Saumon fumé Bio Bio Village Atlantique x4T - 120g","p":5.77,"u":"48,08 €/KG","img":"https://fd1-photos.leclercdrive.fr/image.ashx?id=2181831&use=l&cat=p&typeid=i","cat":285188},{"id":32555,"n":"Fromage Maasdam Les Croisés tranches x14 - 27.1%mg - 350g","p":3.23,"u":"9,23 €/KG","img":"https://fd1-photos.leclercdrive.fr/image.ashx?id=2026322&use=l&cat=p&typeid=i","cat":314028},{"id":32556,"n":"Gouda Les Croisés 30.5%mg portion - 250g","p":3.25,"u":"13,00 €/KG","img":"https://fd1-photos.leclercdrive.fr/image.ashx?id=2900121&use=l&cat=p&typeid=i","cat":314034},{"id":32558,"n":"Mimolette Les Croisés 23.7%mg portion - 250g","p":2.97,"u":"11,88 €/KG","img":"https://fd1-photos.leclercdrive.fr/image.ashx?id=2796049&use=l&cat=p&typeid=i","cat":314034},{"id":32631,"n":"Biscuits palmier Bio Village Bio - 100g","p":1.27,"u":"12,70 €/KG","img":"https://fd1-photos.leclercdrive.fr/image.ashx?id=2610729&use=l&cat=p&typeid=i","cat":284487},{"id":32643,"n":"Pruneaux d'Agen Couleurs Vives Dénoyautés - 500g","p":3.99,"u":"7,98 €/KG","img":"https://fd1-photos.leclercdrive.fr/image.ashx?id=2124107&use=l&cat=p&typeid=i","cat":284357},{"id":32690,"n":"Tranches de fromage Leerdammer Le Léger - 8 Tranches - 200g","p":3.8,"u":"19,00 €/KG","img":"https://fd1-photos.leclercdrive.fr/image.ashx?id=2507581&use=l&cat=p&typeid=i","cat":314028},{"id":32707,"n":"Poisson pané  Cabillaud Findus MSC x4 - 400g","p":6.98,"u":"17,45 €/KG","img":"https://fd1-photos.leclercdrive.fr/image.ashx?id=2650666&use=l&cat=p&typeid=i","cat":319788},{"id":32724,"n":"Pain grillé bio Bio Village Céréales et graines - 225g","p":1.59,"u":"7,07 €/KG","img":"https://fd1-photos.leclercdrive.fr/image.ashx?id=2595119&use=l&cat=p&typeid=i","cat":284479},{"id":32765,"n":"Bonbons Copains Copines Planch' acid goût fruit 225g","p":1.11,"u":"4,93 €/KG","img":"https://fd1-photos.leclercdrive.fr/image.ashx?id=2934709&use=l&cat=p&typeid=i","cat":304250},{"id":32809,"n":"Filets de poulet St Charmin Val de Loire x2 - 240g","p":5.49,"u":"22,88 €/KG","img":"https://fd1-photos.leclercdrive.fr/image.ashx?id=2933310&use=l&cat=p&typeid=i","cat":284336},{"id":32815,"n":"Sucre bûchettes Erstein x75 375g","p":2.54,"u":"6,77 €/KG","img":"https://fd1-photos.leclercdrive.fr/image.ashx?id=2018958&use=l&cat=p&typeid=i","cat":284502},{"id":32817,"n":"Eau minérale Mont Blanc 6x1.5L","p":2.93,"u":"0,33 €/L","img":"https://fd1-photos.leclercdrive.fr/image.ashx?id=2401110&use=l&cat=p&typeid=i","cat":284535},{"id":32818,"n":"AOP Bordeaux rouge Blaissac BIB 3L","p":14.48,"u":"4,83 €/L","img":"https://fd1-photos.leclercdrive.fr/image.ashx?id=2101288&use=l&cat=p&typeid=i","cat":289560},{"id":32829,"n":"Litière chats Tous mes Amis Optimale - 5L","p":4.5,"u":"0,90 €/L","img":"https://fd1-photos.leclercdrive.fr/image.ashx?id=2055220&use=l&cat=p&typeid=i","cat":284683},{"id":32877,"n":"Tarte au fromage Côté Table 2x130g","p":2.71,"u":"10,42 €/KG","img":"https://fd1-photos.leclercdrive.fr/image.ashx?id=2201483&use=l&cat=p&typeid=i","cat":333680},{"id":32901,"n":"Escalopes de dinde Volandrie x2 - 240g","p":3.49,"u":"14,54 €/KG","img":"https://fd1-photos.leclercdrive.fr/image.ashx?id=2048860&use=l&cat=p&typeid=i","cat":284337},{"id":32902,"n":"Escalope de dinde Volandrie Extra fines x2 - 240g","p":3.49,"u":"14,54 €/KG","img":"https://fd1-photos.leclercdrive.fr/image.ashx?id=2048863&use=l&cat=p&typeid=i","cat":284337},{"id":32915,"n":"Oignons frits Colona 100g","p":1.35,"u":"13,50 €/KG","img":"https://fd1-photos.leclercdrive.fr/image.ashx?id=2687230&use=l&cat=p&typeid=i","cat":298297},{"id":32949,"n":"Gel Douche Fa Cap tonique mixte flacon- 250ml","p":1.53,"u":"6,12 €/L","img":"https://fd1-photos.leclercdrive.fr/image.ashx?id=2995418&use=l&cat=p&typeid=i","cat":284594},{"id":32969,"n":"Mousse à raser Carré Homme Menthol 250ml","p":1.39,"u":"5,56 €/L","img":"https://fd1-photos.leclercdrive.fr/image.ashx?id=2704705&use=l&cat=p&typeid=i","cat":284617},{"id":32970,"n":"Lingettes Bionaïa Démaquillantes Bio x25","p":1.04,"u":"0,04 €/P","img":"https://fd1-photos.leclercdrive.fr/image.ashx?id=2952388&use=l&cat=p&typeid=i","cat":284603},{"id":32971,"n":"Mousse à raser Carré Homme Protectrice 250ml","p":1.12,"u":"4,48 €/L","img":"https://fd1-photos.leclercdrive.fr/image.ashx?id=2842289&use=l&cat=p&typeid=i","cat":284617},{"id":32972,"n":"Gel nettoyant Inell Visage 3 en 1 - 150ml","p":2.95,"u":"19,67 €/L","img":"https://fd1-photos.leclercdrive.fr/image.ashx?id=2644849&use=l&cat=p&typeid=i","cat":284603},{"id":32973,"n":"Eau micellaire Inell 500ml","p":2.36,"u":"4,72 €/L","img":"https://fd1-photos.leclercdrive.fr/image.ashx?id=1938870&use=l&cat=p&typeid=i","cat":284603},{"id":32978,"n":"Pâtes fraîches Schneider Spaetzle aux oeufs frais - 600g","p":4.14,"u":"6,90 €/KG","img":"https://fd1-photos.leclercdrive.fr/image.ashx?id=2531691&use=l&cat=p&typeid=i","cat":333682},{"id":32982,"n":"Pâtes coquillettes Turini Les 3 min - 1kg","p":1.52,"u":"1,52 €/KG","img":"https://fd1-photos.leclercdrive.fr/image.ashx?id=2607530&use=l&cat=p&typeid=i","cat":284427},{"id":32985,"n":"Riz long Comptoir du Grain Cuisson rapide - 2kg","p":3.36,"u":"1,68 €/KG","img":"https://fd1-photos.leclercdrive.fr/image.ashx?id=2226197&use=l&cat=p&typeid=i","cat":284428},{"id":32986,"n":"Pâtes penne Turini Les 3 min - 500g","p":0.99,"u":"1,98 €/KG","img":"https://fd1-photos.leclercdrive.fr/image.ashx?id=2744240&use=l&cat=p&typeid=i","cat":284427},{"id":33017,"n":"Eau gazeuse  Badoit rouge fortement pétillante - 6x1l","p":3.58,"u":"0,60 €/L","img":"https://fd1-photos.leclercdrive.fr/image.ashx?id=2831783&use=l&cat=p&typeid=i","cat":284536},{"id":33019,"n":"Crème Nourrissante Nivea Visage Corps Mains - 150ml","p":2.01,"u":"13,40 €/L","img":"https://fd1-photos.leclercdrive.fr/image.ashx?id=2600536&use=l&cat=p&typeid=i","cat":325350},{"id":33034,"n":"AOC Crémant Bourgogne brut Veuve Ambal - Tastevine - 75cl","p":7.95,"pp":6.95,"u":"9,27 €/L","img":"https://fd1-photos.leclercdrive.fr/image.ashx?id=1965240&use=l&cat=p&typeid=i","cat":284545},{"id":33036,"n":"Beurre allégé Les Croisés Doux - 60% MG - 250g","p":1.87,"u":"7,48 €/KG","img":"https://fd1-photos.leclercdrive.fr/image.ashx?id=2893319&use=l&cat=p&typeid=i","cat":284379},{"id":33046,"n":"Tuiles Tokapi Epicé - 170g","p":1.39,"u":"8,18 €/KG","img":"https://fd1-photos.leclercdrive.fr/image.ashx?id=2641277&use=l&cat=p&typeid=i","cat":287899},{"id":33063,"n":"Lait de toilette Mots d'Enfants Extra-doux - 750ml","p":3.69,"u":"4,92 €/L","img":"https://fd1-photos.leclercdrive.fr/image.ashx?id=2266495&use=l&cat=p&typeid=i","cat":284741},{"id":33150,"n":"Blanquette Weight Watchers Poulet 300g","p":3.31,"u":"11,03 €/KG","img":"https://fd1-photos.leclercdrive.fr/image.ashx?id=2880739&use=l&cat=p&typeid=i","cat":333665},{"id":33151,"n":"Préparation culinaire Soja Délisse - 5%mg - 3x20cl","p":1.89,"u":"3,15 €/L","img":"https://fd1-photos.leclercdrive.fr/image.ashx?id=2970741&use=l&cat=p&typeid=i","cat":316069},{"id":33197,"n":"Café moulu Plantation Colombie - 250g","p":3.87,"u":"15,48 €/KG","img":"https://fd1-photos.leclercdrive.fr/image.ashx?id=1974545&use=l&cat=p&typeid=i","cat":284750},{"id":33199,"n":"Sirop Eco+ Fraise - 1L","p":2.43,"u":"2,43 €/L","img":"https://fd1-photos.leclercdrive.fr/image.ashx?id=2959698&use=l&cat=p&typeid=i","cat":295020},{"id":33200,"n":"Sirop menthe Eco+ 1L","p":1.41,"u":"1,41 €/L","img":"https://fd1-photos.leclercdrive.fr/image.ashx?id=2909831&use=l&cat=p&typeid=i","cat":295020},{"id":33201,"n":"Sirop Eco+ Pêche - 1L","p":2.58,"u":"2,58 €/L","img":"https://fd1-photos.leclercdrive.fr/image.ashx?id=2901422&use=l&cat=p&typeid=i","cat":295020},{"id":33215,"n":"IGP Pays d'Oc rouge Bio Merlot Autrement - 75cl","p":5.95,"u":"7,93 €/L","img":"https://fd1-photos.leclercdrive.fr/image.ashx?id=2508180&use=l&cat=p&typeid=i","cat":289556},{"id":33255,"n":"Pâtes farfalle Turini Les 3 min - 500g","p":1.07,"u":"2,14 €/KG","img":"https://fd1-photos.leclercdrive.fr/image.ashx?id=2669723&use=l&cat=p&typeid=i","cat":284427},{"id":33256,"n":"Sachet cuisson Rustica Poulet herbes de provence - 34g","p":0.6,"u":"17,65 €/KG","img":"https://fd1-photos.leclercdrive.fr/image.ashx?id=1886674&use=l&cat=p&typeid=i","cat":288380},{"id":33258,"n":"Sachet cuisson Rustica Poulet ail et oignon - 36g","p":0.59,"u":"16,39 €/KG","img":"https://fd1-photos.leclercdrive.fr/image.ashx?id=1886680&use=l&cat=p&typeid=i","cat":288380},{"id":33259,"n":"Sachet cuisson Rustica Poulet paprika et tomates - 34g","p":0.67,"u":"19,71 €/KG","img":"https://fd1-photos.leclercdrive.fr/image.ashx?id=2578632&use=l&cat=p&typeid=i","cat":288380},{"id":33260,"n":"Sachet cuisson Rustica Porc goût barbecue - 28g","p":0.61,"u":"21,79 €/KG","img":"https://fd1-photos.leclercdrive.fr/image.ashx?id=1886677&use=l&cat=p&typeid=i","cat":288380},{"id":33262,"n":"Céréales Corn Flakes Kellogg's 500g","p":2.44,"u":"4,88 €/KG","img":"https://fd1-photos.leclercdrive.fr/image.ashx?id=2522005&use=l&cat=p&typeid=i","cat":309513},{"id":33266,"n":"Céréales Smacks Kellogg's 400g","p":2.44,"u":"6,10 €/KG","img":"https://fd1-photos.leclercdrive.fr/image.ashx?id=2584235&use=l&cat=p&typeid=i","cat":309513},{"id":33274,"n":"Pâtes spaghetti Turini Les 3 min - 1kg","p":1.59,"u":"1,59 €/KG","img":"https://fd1-photos.leclercdrive.fr/image.ashx?id=2607533&use=l&cat=p&typeid=i","cat":284427},{"id":33287,"n":"Pâtes Torsettes Turini 3 min - 1kg","p":1.66,"u":"1,66 €/KG","img":"https://fd1-photos.leclercdrive.fr/image.ashx?id=2744237&use=l&cat=p&typeid=i","cat":284427},{"id":33293,"n":"Pruneaux d'Agen Couleurs Vives Pasteurisés - 500g","p":3.39,"u":"6,78 €/KG","img":"https://fd1-photos.leclercdrive.fr/image.ashx?id=2890009&use=l&cat=p&typeid=i","cat":284357},{"id":33299,"n":"Sérum physiologique Mots d'Enfants 5ml x40","p":2.19,"u":"10,95 €/L","img":"https://fd1-photos.leclercdrive.fr/image.ashx?id=3014209&use=l&cat=p&typeid=i","cat":284741},{"id":33301,"n":"Soda light  Pulp'Orange Orange Bouteille - 1,5L","p":1.39,"u":"0,93 €/L","img":"https://fd1-photos.leclercdrive.fr/image.ashx?id=2922412&use=l&cat=p&typeid=i","cat":284532},{"id":33302,"n":"Pâtes cannelloni Turini 250g","p":0.99,"u":"3,96 €/KG","img":"https://fd1-photos.leclercdrive.fr/image.ashx?id=2980468&use=l&cat=p&typeid=i","cat":284427},{"id":33304,"n":"Soja cuisine Bio Village Fluide bio - 3x20cl","p":1.61,"u":"2,68 €/L","img":"https://fd1-photos.leclercdrive.fr/image.ashx?id=2493679&use=l&cat=p&typeid=i","cat":316069},{"id":33306,"n":"Sucre pure canne Bio Village En poudre bio - 500g","p":1.66,"u":"3,32 €/KG","img":"https://fd1-photos.leclercdrive.fr/image.ashx?id=3010443&use=l&cat=p&typeid=i","cat":284502},{"id":33334,"n":"Crème hydratante Mots d'Enfants Bébé - 100ml","p":2.38,"u":"23,80 €/L","img":"https://fd1-photos.leclercdrive.fr/image.ashx?id=3014218&use=l&cat=p&typeid=i","cat":284741},{"id":33336,"n":"Gel lavant bébé Mots d'Enfants Corps et cheveux - 750ml","p":3.15,"u":"4,20 €/L","img":"https://fd1-photos.leclercdrive.fr/image.ashx?id=3014224&use=l&cat=p&typeid=i","cat":284740},{"id":33345,"n":"Pains d'épices Shoko Lebkuchen enrobés de chocolat 500g","p":4.4,"u":"8,80 €/KG","img":"https://fd1-photos.leclercdrive.fr/image.ashx?id=714672&use=l&cat=p&typeid=i","cat":284493},{"id":33378,"n":"IGP Pâtes Grand Mère Macaroni coupés - 250g","p":1.28,"u":"5,12 €/KG","img":"https://fd1-photos.leclercdrive.fr/image.ashx?id=2018859&use=l&cat=p&typeid=i","cat":284427},{"id":33387,"n":"Soda Elsass Cola Lisbeth Bouteille - 1,25L","p":1.31,"u":"1,05 €/L","img":"https://fd1-photos.leclercdrive.fr/image.ashx?id=2838637&use=l&cat=p&typeid=i","cat":284530},{"id":33388,"n":"Rivella vert Bouteille -1L","p":1.69,"u":"1,69 €/L","img":"https://fd1-photos.leclercdrive.fr/image.ashx?id=1554796&use=l&cat=p&typeid=i","cat":284532},{"id":33389,"n":"Fromage blanc Bibeleskaes Mirabelle - 4x125g","p":2.84,"u":"5,68 €/KG","img":"https://fd1-photos.leclercdrive.fr/image.ashx?id=2578735&use=l&cat=p&typeid=i","cat":284409},{"id":33390,"n":"Fromage blanc Bibeleskaes Rhubarbe - 4x125g","p":2.74,"u":"5,48 €/KG","img":"https://fd1-photos.leclercdrive.fr/image.ashx?id=2578136&use=l&cat=p&typeid=i","cat":284409},{"id":33391,"n":"Saucisses Knacks Schmidt x10 550g","p":6.69,"u":"12,16 €/KG","img":"https://fd1-photos.leclercdrive.fr/image.ashx?id=2631096&use=l&cat=p&typeid=i","cat":316012},{"id":33399,"n":"Pâte d'amande 40% Vahiné Tricolore 150g","p":2.25,"u":"15,00 €/KG","img":"https://fd1-photos.leclercdrive.fr/image.ashx?id=2014370&use=l&cat=p&typeid=i","cat":284504},{"id":33422,"n":"Sticks et bretzels Boehli 500g","p":2.87,"u":"5,74 €/KG","img":"https://fd1-photos.leclercdrive.fr/image.ashx?id=2054022&use=l&cat=p&typeid=i","cat":297000},{"id":33423,"n":"Dosettes café Warca Bistro doux - x48 - 336g","p":6.35,"u":"18,90 €/KG","img":"https://fd1-photos.leclercdrive.fr/image.ashx?id=2416706&use=l&cat=p&typeid=i","cat":293238},{"id":33427,"n":"IGP Pâtes Grand'Mère Pappardelles - 500g","p":2.48,"u":"4,96 €/KG","img":"https://fd1-photos.leclercdrive.fr/image.ashx?id=2191999&use=l&cat=p&typeid=i","cat":284427},{"id":33428,"n":"IGP Pâtes Grand'Mère Coquillettes  - 250g","p":1.24,"u":"4,96 €/KG","img":"https://fd1-photos.leclercdrive.fr/image.ashx?id=2191984&use=l&cat=p&typeid=i","cat":284427},{"id":33429,"n":"Pâtes Nüdle Valfleuri A l'ancienne 5mm - 500g","p":2.97,"u":"5,94 €/KG","img":"https://fd1-photos.leclercdrive.fr/image.ashx?id=2896612&use=l&cat=p&typeid=i","cat":284427},{"id":33430,"n":"Pâtes Valfleuri Corolles - 500g","p":2.94,"u":"5,88 €/KG","img":"https://fd1-photos.leclercdrive.fr/image.ashx?id=2939538&use=l&cat=p&typeid=i","cat":284427},{"id":33431,"n":"Pâtes Nüdle Valfleuri A l'ancienne 2mm - 500g","p":3.29,"u":"6,58 €/KG","img":"https://fd1-photos.leclercdrive.fr/image.ashx?id=2896615&use=l&cat=p&typeid=i","cat":284427},{"id":33432,"n":"Pâtes Nüdle Valfleuri A l'ancienne 10mm - 500g","p":2.97,"u":"5,94 €/KG","img":"https://fd1-photos.leclercdrive.fr/image.ashx?id=2896609&use=l&cat=p&typeid=i","cat":284427},{"id":33433,"n":"IGP Pâtes Sundig spaetzle  Valfleuri - 500g","p":2.97,"u":"5,94 €/KG","img":"https://fd1-photos.leclercdrive.fr/image.ashx?id=2896603&use=l&cat=p&typeid=i","cat":284427},{"id":33435,"n":"Bière blonde Meteor Lager 5%vol. - 24x25cl","p":12.63,"u":"2,11 €/L","img":"https://fd1-photos.leclercdrive.fr/image.ashx?id=2519738&use=l&cat=p&typeid=i","cat":334873},{"id":33438,"n":"Amer Sommer 16%vol 1L","p":9.05,"u":"9,05 €/L","img":"https://fd1-photos.leclercdrive.fr/image.ashx?id=1651148&use=l&cat=p&typeid=i","cat":284913},{"id":33440,"n":"AOP Crémant d'Alsace rosé Brut - Wolfberger - 75cl","p":8.5,"u":"11,33 €/L","img":"https://fd1-photos.leclercdrive.fr/image.ashx?id=2556123&use=l&cat=p&typeid=i","cat":284545},{"id":33442,"n":"Cocktail fruits de mer Escal 900g","p":9.79,"pp":6.46,"u":"7,18 €/KG","img":"https://fd1-photos.leclercdrive.fr/image.ashx?id=2438609&use=l&cat=p&typeid=i","cat":319787},{"id":33444,"n":"Fromage Munster Dodin AOP -  450g","p":7.09,"u":"15,76 €/KG","img":"https://fd1-photos.leclercdrive.fr/image.ashx?id=1574963&use=l&cat=p&typeid=i","cat":329558},{"id":33447,"n":"Fromage blanc Bibelskaes Herbes - 8.1%mg - 500g","p":2.92,"u":"5,84 €/KG","img":"https://fd1-photos.leclercdrive.fr/image.ashx?id=2583915&use=l&cat=p&typeid=i","cat":284409},{"id":33448,"n":"Lait frais Alsace lait Demi-écrémé Bouteille - 1,5L","p":2.14,"u":"1,43 €/L","img":"https://fd1-photos.leclercdrive.fr/image.ashx?id=2902708&use=l&cat=p&typeid=i","cat":285609},{"id":33449,"n":"Fromage blanc Alsace Lait Nature - 2.8%mg - 1kg","p":2.84,"u":"2,84 €/KG","img":"https://fd1-photos.leclercdrive.fr/image.ashx?id=2848818&use=l&cat=p&typeid=i","cat":284409},{"id":33498,"n":"Jus de pomme pétillant Champomy Gold Pomme Pêche - 75cl","p":2.9,"u":"3,87 €/L","img":"https://fd1-photos.leclercdrive.fr/image.ashx?id=2688629&use=l&cat=p&typeid=i","cat":289460},{"id":33499,"n":"Jus de pomme pétillant Champomy Pink Pomme Raisin - 75cl","p":2.9,"u":"3,87 €/L","img":"https://fd1-photos.leclercdrive.fr/image.ashx?id=2688638&use=l&cat=p&typeid=i","cat":289460},{"id":33512,"n":"Apéritif prêt à boire Martini Spritz Rosato 8° - 75cl","p":8.3,"u":"11,07 €/L","img":"https://fd1-photos.leclercdrive.fr/image.ashx?id=2406268&use=l&cat=p&typeid=i","cat":284913},{"id":33513,"n":"Apéritif prêt à boire Martini Spritz Bianco 8° - 75cl","p":8.3,"u":"11,07 €/L","img":"https://fd1-photos.leclercdrive.fr/image.ashx?id=2737297&use=l&cat=p&typeid=i","cat":284913},{"id":33551,"n":"Bloc de foie gras Dégustation Labeyrie 30% morceaux - 300g","p":26.5,"u":"88,33 €/KG","img":"https://fd1-photos.leclercdrive.fr/image.ashx?id=2770359&use=l&cat=p&typeid=i","cat":316008},{"id":33575,"n":"Pain d'épices Labeyrie Spécial foie gras - 150g","p":3.7,"u":"24,67 €/KG","img":"https://fd1-photos.leclercdrive.fr/image.ashx?id=2923501&use=l&cat=p&typeid=i","cat":316008},{"id":33577,"n":"Confit d'oignons Labeyrie 50g","p":1.75,"u":"35,00 €/KG","img":"https://fd1-photos.leclercdrive.fr/image.ashx?id=2923510&use=l&cat=p&typeid=i","cat":316008},{"id":33579,"n":"Fromage à tartiner Boursin Echalote ciboulette 10 portions","p":2.59,"u":"16,19 €/KG","img":"https://fd1-photos.leclercdrive.fr/image.ashx?id=2962056&use=l&cat=p&typeid=i","cat":314029},{"id":33582,"n":"Fromage à tartiner Boursin Poivre - 150g","p":2.38,"u":"15,87 €/KG","img":"https://fd1-photos.leclercdrive.fr/image.ashx?id=2962284&use=l&cat=p&typeid=i","cat":314029},{"id":33583,"n":"Dés de fromage salade Boursin Figue et 3 noix - 120g","p":2.25,"u":"18,75 €/KG","img":"https://fd1-photos.leclercdrive.fr/image.ashx?id=2865668&use=l&cat=p&typeid=i","cat":314027},{"id":33595,"n":"Monster Munch Salé - 85g","p":1.01,"u":"11,88 €/KG","img":"https://fd1-photos.leclercdrive.fr/image.ashx?id=2971598&use=l&cat=p&typeid=i","cat":284449},{"id":33596,"n":"Monster Munch Jambon fromage - 85g","p":1.07,"u":"12,59 €/KG","img":"https://fd1-photos.leclercdrive.fr/image.ashx?id=2971604&use=l&cat=p&typeid=i","cat":284449},{"id":33600,"n":"Monster Munch Ketchup - 85g","p":1.08,"u":"12,71 €/KG","img":"https://fd1-photos.leclercdrive.fr/image.ashx?id=2996932&use=l&cat=p&typeid=i","cat":284449},{"id":33667,"n":"Crème de cassis Auguste Mugniot 15%vol. - 70cl","p":4.89,"u":"6,99 €/L","img":"https://fd1-photos.leclercdrive.fr/image.ashx?id=1211501&use=l&cat=p&typeid=i","cat":286032},{"id":33680,"n":"Croquettes grands chiens Lydog Boeuf Volaille - 14.5kg","p":18.5,"u":"1,28 €/KG","img":"https://fd1-photos.leclercdrive.fr/image.ashx?id=2054975&use=l&cat=p&typeid=i","cat":284672},{"id":33745,"n":"IGP Pays d'Oc rosé Cinsault  Syrah Ormes de Cambras - BIB 5L","p":15.5,"u":"3,10 €/L","img":"https://fd1-photos.leclercdrive.fr/image.ashx?id=2445118&use=l&cat=p&typeid=i","cat":289560},{"id":33749,"n":"IGP Terres du Midi Listel Vin rosé 12% vol - BIB 3L","p":12.98,"u":"4,33 €/L","img":"https://fd1-photos.leclercdrive.fr/image.ashx?id=2883468&use=l&cat=p&typeid=i","cat":289560},{"id":33773,"n":"Biscuits petit dej P'tit Déli  Multi céréales - 400g","p":1.84,"u":"4,60 €/KG","img":"https://fd1-photos.leclercdrive.fr/image.ashx?id=2999505&use=l&cat=p&typeid=i","cat":284491},{"id":33792,"n":"Crème mains bio Bio NaÏa Hydratante - 100ml","p":1.99,"u":"19,90 €/L","img":"https://fd1-photos.leclercdrive.fr/image.ashx?id=2558811&use=l&cat=p&typeid=i","cat":325354},{"id":33801,"n":"Crème protectrice - change Mots d'Enfants - 100ml","p":1.99,"u":"19,90 €/L","img":"https://fd1-photos.leclercdrive.fr/image.ashx?id=2320468&use=l&cat=p&typeid=i","cat":284741},{"id":33802,"n":"Lait Démaquillant bio Bio Naïa Visage 250ml","p":2.56,"u":"10,24 €/L","img":"https://fd1-photos.leclercdrive.fr/image.ashx?id=2399752&use=l&cat=p&typeid=i","cat":284603},{"id":33804,"n":"Déodorant Manava Douceur satin 200ml","p":1.39,"u":"6,95 €/L","img":"https://fd1-photos.leclercdrive.fr/image.ashx?id=1911801&use=l&cat=p&typeid=i","cat":284595},{"id":33805,"n":"Lingettes désinfectantes Clair Anti-bactériennes x40","p":1.05,"u":"0,03 €/P","img":"https://fd1-photos.leclercdrive.fr/image.ashx?id=2768095&use=l&cat=p&typeid=i","cat":325358},{"id":33811,"n":"Pastis de Marseille 45%vol - 1L","p":16.35,"u":"16,35 €/L","img":"https://fd1-photos.leclercdrive.fr/image.ashx?id=2637817&use=l&cat=p&typeid=i","cat":284548},{"id":33816,"n":"Bâtonnets Dentastix Pedigree Moyen chien x56 - 1440g","p":14.04,"u":"10,03 €/KG","img":"https://fd1-photos.leclercdrive.fr/image.ashx?id=2980185&use=l&cat=p&typeid=i","cat":294527},{"id":33820,"n":"Friandises chat Catisfactions Saumon - 60g","p":1.12,"u":"18,67 €/KG","img":"https://fd1-photos.leclercdrive.fr/image.ashx?id=2912605&use=l&cat=p&typeid=i","cat":285285},{"id":33824,"n":"Pur jus multifruits Jafaden  Orange Carotte Banane - 1L","p":2.29,"u":"2,29 €/L","img":"https://fd1-photos.leclercdrive.fr/image.ashx?id=2841157&use=l&cat=p&typeid=i","cat":284917},{"id":33847,"n":"Pur jus multifruits Jafaden Orange Ananas Mangue - 1L","p":2.29,"u":"2,29 €/L","img":"https://fd1-photos.leclercdrive.fr/image.ashx?id=2841160&use=l&cat=p&typeid=i","cat":284917},{"id":33848,"n":"Pur jus multifruits Jafaden  Orange Clémentine Banane - 1L","p":2.35,"u":"2,35 €/L","img":"https://fd1-photos.leclercdrive.fr/image.ashx?id=2841163&use=l&cat=p&typeid=i","cat":284917},{"id":33849,"n":"Shampooing bio Bio naïa 250ml","p":1.8,"u":"7,20 €/L","img":"https://fd1-photos.leclercdrive.fr/image.ashx?id=2822117&use=l&cat=p&typeid=i","cat":284606},{"id":33850,"n":"Eponges multi-usage Mamison Vertes - X6","p":1.75,"u":"0,29 €/P","img":"https://fd1-photos.leclercdrive.fr/image.ashx?id=2175768&use=l&cat=p&typeid=i","cat":284667},{"id":33852,"n":"Cubes allume-feu Silex x72 cubes","p":3.05,"u":"0,04 €/P","img":"https://fd1-photos.leclercdrive.fr/image.ashx?id=1304486&use=l&cat=p&typeid=i","cat":300578},{"id":33882,"n":"Farfalle Bio Village Bio Au blé complet - 500g","p":1.95,"u":"3,90 €/KG","img":"https://fd1-photos.leclercdrive.fr/image.ashx?id=2625373&use=l&cat=p&typeid=i","cat":284427},{"id":33885,"n":"Olives noires  Rustica Dénoyautées - 180g","p":1.23,"u":"6,83 €/KG","img":"https://fd1-photos.leclercdrive.fr/image.ashx?id=1698893&use=l&cat=p&typeid=i","cat":284458},{"id":33887,"n":"Pains grillés complet Epi d'or 400g","p":1.57,"u":"3,93 €/KG","img":"https://fd1-photos.leclercdrive.fr/image.ashx?id=2982610&use=l&cat=p&typeid=i","cat":284479},{"id":33889,"n":"Pain précuit Epi d'or Petits pains x6 - 300g","p":0.99,"u":"3,30 €/KG","img":"https://fd1-photos.leclercdrive.fr/image.ashx?id=1905869&use=l&cat=p&typeid=i","cat":325069},{"id":33891,"n":"Paëlla royale Côté Table 300g","p":3.39,"u":"11,30 €/KG","img":"https://fd1-photos.leclercdrive.fr/image.ashx?id=2393872&use=l&cat=p&typeid=i","cat":284953},{"id":33892,"n":"Poule au riz Côté table 300g","p":2.31,"u":"7,70 €/KG","img":"https://fd1-photos.leclercdrive.fr/image.ashx?id=2393875&use=l&cat=p&typeid=i","cat":284953},{"id":33893,"n":"Penne Bio Village  Bio - 500g","p":0.89,"u":"1,78 €/KG","img":"https://fd1-photos.leclercdrive.fr/image.ashx?id=2625370&use=l&cat=p&typeid=i","cat":284427},{"id":33914,"n":"Tartines craquante  Sans Gluten - 2x125g","p":2.59,"u":"10,36 €/KG","img":"https://fd1-photos.leclercdrive.fr/image.ashx?id=2518550&use=l&cat=p&typeid=i","cat":318654},{"id":33915,"n":"Veau aux légumes Côté table Barquette 280g","p":2.29,"u":"8,18 €/KG","img":"https://fd1-photos.leclercdrive.fr/image.ashx?id=2476152&use=l&cat=p&typeid=i","cat":284953},{"id":33917,"n":"Thon entier Pêche Océan Huile d'olive - 160g","p":2.29,"u":"14,31 €/KG","img":"https://fd1-photos.leclercdrive.fr/image.ashx?id=2942199&use=l&cat=p&typeid=i","cat":303867},{"id":33918,"n":"Pâtes torsettes Turini Blé complet - 500g","p":0.99,"u":"1,98 €/KG","img":"https://fd1-photos.leclercdrive.fr/image.ashx?id=2607527&use=l&cat=p&typeid=i","cat":284427},{"id":33921,"n":"Boisson énergisante X-tense Bouteille - 1L","p":1.8,"u":"1,80 €/L","img":"https://fd1-photos.leclercdrive.fr/image.ashx?id=2919619&use=l&cat=p&typeid=i","cat":284533},{"id":33923,"n":"Filets d'Anchois Pêche Océan Marinés Nature - 100g","p":1.99,"u":"19,90 €/KG","img":"https://fd1-photos.leclercdrive.fr/image.ashx?id=2992513&use=l&cat=p&typeid=i","cat":285190},{"id":33924,"n":"Betterave Notre Jardin Rouge entière - 250g","p":0.65,"u":"2,60 €/KG","img":"https://fd1-photos.leclercdrive.fr/image.ashx?id=2587106&use=l&cat=p&typeid=i","cat":284352},{"id":33988,"n":"Bloc WC Syphon Activ' Effect Marine x1","p":1.58,"img":"https://fd1-photos.leclercdrive.fr/image.ashx?id=2302690&use=l&cat=p&typeid=i","cat":284662},{"id":33989,"n":"Coq au vin Côté Table 400g","p":2.54,"u":"6,35 €/KG","img":"https://fd1-photos.leclercdrive.fr/image.ashx?id=2977876&use=l&cat=p&typeid=i","cat":284441},{"id":34006,"n":"Boisson aux fruits Capri Sun Tropical - 10x20cl","p":3.5,"u":"1,75 €/L","img":"https://fd1-photos.leclercdrive.fr/image.ashx?id=2506399&use=l&cat=p&typeid=i","cat":295018},{"id":34007,"n":"Bâtonnets Dentastix Pedigree  Fresh Moyen chien x7 - 180g","p":2.54,"u":"14,11 €/KG","img":"https://fd1-photos.leclercdrive.fr/image.ashx?id=2850171&use=l&cat=p&typeid=i","cat":294527},{"id":34106,"n":"Dosettes café Plantation  Classique - x36 - 250g","p":3.72,"u":"14,88 €/KG","img":"https://fd1-photos.leclercdrive.fr/image.ashx?id=2622109&use=l&cat=p&typeid=i","cat":293238},{"id":34107,"n":"Dosettes café Plantation  Corsé - x36 - 250g","p":3.72,"u":"14,88 €/KG","img":"https://fd1-photos.leclercdrive.fr/image.ashx?id=2622112&use=l&cat=p&typeid=i","cat":293238},{"id":34121,"n":"Vodka Sobieski 37.5° - 50cl","p":9.55,"u":"19,10 €/L","img":"https://fd1-photos.leclercdrive.fr/image.ashx?id=2977723&use=l&cat=p&typeid=i","cat":284550},{"id":34175,"n":"Bouillon de boeuf Jardin Bio' Bio cube sans huile palme - x8","p":1.93,"u":"24,13 €/KG","img":"https://fd1-photos.leclercdrive.fr/image.ashx?id=2535532&use=l&cat=p&typeid=i","cat":288379},{"id":34176,"n":"Bouillon de légumes Jardin Bio' Bio cube sans huile palme x10","p":2.18,"u":"24,22 €/KG","img":"https://fd1-photos.leclercdrive.fr/image.ashx?id=2990844&use=l&cat=p&typeid=i","cat":288379},{"id":34177,"n":"Effilés aux legumes Purina One Poulet / Boeufs - 4x85g","p":2.22,"u":"6,53 €/KG","img":"https://fd1-photos.leclercdrive.fr/image.ashx?id=2467483&use=l&cat=p&typeid=i","cat":285286},{"id":34178,"n":"Sachet repas chats Purina One Viandes et Poissons - 4x85g","p":2.05,"u":"6,03 €/KG","img":"https://fd1-photos.leclercdrive.fr/image.ashx?id=2467486&use=l&cat=p&typeid=i","cat":285286},{"id":34180,"n":"Gants jetables Mamison latex Taille M x100","p":5.49,"u":"0,05 €/P","img":"https://fd1-photos.leclercdrive.fr/image.ashx?id=1947725&use=l&cat=p&typeid=i","cat":284668},{"id":34184,"n":"Filets poulet blanc Maître Coq 600g","p":6.21,"u":"10,35 €/KG","img":"https://fd1-photos.leclercdrive.fr/image.ashx?id=2551156&use=l&cat=p&typeid=i","cat":284336},{"id":34188,"n":"Poulet Label Rouge Blanc  IGP Volailles du Maine 1,25kg","p":9.62,"u":"7,70 €/KG","img":"https://fd1-photos.leclercdrive.fr/image.ashx?id=2411746&use=l&cat=p&typeid=i","cat":284336},{"id":34189,"n":"Poulet Label Rouge Jaune  IGP Volailles du Maine  1,25kg","p":9.62,"u":"7,70 €/KG","img":"https://fd1-photos.leclercdrive.fr/image.ashx?id=2411749&use=l&cat=p&typeid=i","cat":284336},{"id":34196,"n":"Gratin Fleury Michon Choux-fleur jambon 280g","p":3.27,"u":"11,68 €/KG","img":"https://fd1-photos.leclercdrive.fr/image.ashx?id=3003293&use=l&cat=p&typeid=i","cat":333665},{"id":34199,"n":"Filet poulet jaune Douce France x2 - 300g","p":3.96,"u":"13,20 €/KG","img":"https://fd1-photos.leclercdrive.fr/image.ashx?id=2305326&use=l&cat=p&typeid=i","cat":284336},{"id":34204,"n":"Lait corps bio Bio naïa 250ml","p":3.53,"u":"14,12 €/L","img":"https://fd1-photos.leclercdrive.fr/image.ashx?id=2431131&use=l&cat=p&typeid=i","cat":325349},{"id":34205,"n":"Pain de campagne  Tranche 500g","p":1.97,"u":"3,94 €/KG","img":"https://fd1-photos.leclercdrive.fr/image.ashx?id=2091557&use=l&cat=p&typeid=i","cat":284359},{"id":34206,"n":"Pain seigle  Tranche 500g","p":1.96,"u":"3,92 €/KG","img":"https://fd1-photos.leclercdrive.fr/image.ashx?id=1867285&use=l&cat=p&typeid=i","cat":284359},{"id":34216,"n":"Palette fumée 800g","p":14.14,"u":"17,68 €/KG","img":"https://fd1-photos.leclercdrive.fr/image.ashx?id=2109518&use=l&cat=p&typeid=i","cat":316009},{"id":34217,"n":"Granulés de bois Pellets DIN Plus 15kg","p":5.67,"u":"0,38 €/KG","img":"https://fd1-photos.leclercdrive.fr/image.ashx?id=714176&use=l&cat=p&typeid=i","cat":300577},{"id":34248,"n":"Chocolats Schoko-bons Kinder 500g","p":7.98,"u":"15,96 €/KG","img":"https://fd1-photos.leclercdrive.fr/image.ashx?id=2323799&use=l&cat=p&typeid=i","cat":327592},{"id":34272,"n":"Le Viennois Nestlé Chocolat 12x100g + 4 offerts","p":3.89,"u":"2,43 €/KG","img":"https://fd1-photos.leclercdrive.fr/image.ashx?id=2182494&use=l&cat=p&typeid=i","cat":285042},{"id":34326,"n":"Dosettes café Plantation  Caramel - x10 - 70g","p":1.63,"u":"23,29 €/KG","img":"https://fd1-photos.leclercdrive.fr/image.ashx?id=2824277&use=l&cat=p&typeid=i","cat":293238},{"id":34327,"n":"Dosettes café Plantation Noisette - x10 - 70g","p":1.82,"u":"26,00 €/KG","img":"https://fd1-photos.leclercdrive.fr/image.ashx?id=2664578&use=l&cat=p&typeid=i","cat":293238},{"id":34331,"n":"Boisson à base de vin rosé Very Cerise - 75cl","p":3.3,"u":"4,40 €/L","img":"https://fd1-photos.leclercdrive.fr/image.ashx?id=2443877&use=l&cat=p&typeid=i","cat":304569},{"id":34332,"n":"Vodka Sobieski  37,5%vol - 1L","p":15.49,"u":"15,49 €/L","img":"https://fd1-photos.leclercdrive.fr/image.ashx?id=2948477&use=l&cat=p&typeid=i","cat":284550},{"id":34333,"n":"Boisson à base de vin rosé Very Framboise - 75cl","p":3.19,"u":"4,25 €/L","img":"https://fd1-photos.leclercdrive.fr/image.ashx?id=2446632&use=l&cat=p&typeid=i","cat":304569},{"id":34334,"n":"Boisson à base de vin blanc  Very Pech'- Pêche - 75cl","p":3.24,"u":"4,32 €/L","img":"https://fd1-photos.leclercdrive.fr/image.ashx?id=2443874&use=l&cat=p&typeid=i","cat":304569},{"id":34340,"n":"AOP Crémant d'Alsace Wolfberger Brut - Chardonnay - 75cl","p":7.5,"u":"10,00 €/L","img":"https://fd1-photos.leclercdrive.fr/image.ashx?id=1619296&use=l&cat=p&typeid=i","cat":284544},{"id":34350,"n":"Shampooing sec Vitanove Cheveux normaux - 150ml","p":1.87,"u":"12,47 €/L","img":"https://fd1-photos.leclercdrive.fr/image.ashx?id=2669720&use=l&cat=p&typeid=i","cat":289143},{"id":34361,"n":"Préparation pain Tablier Blanc Farine pour pain nature - 1kg","p":1.35,"u":"1,35 €/KG","img":"https://fd1-photos.leclercdrive.fr/image.ashx?id=2832951&use=l&cat=p&typeid=i","cat":284503},{"id":34362,"n":"Préparation pain Tablier Blanc Farine pain aux céréales - 1kg","p":1.45,"u":"1,45 €/KG","img":"https://fd1-photos.leclercdrive.fr/image.ashx?id=2844836&use=l&cat=p&typeid=i","cat":284503},{"id":34406,"n":"Dosettes café Plantation  Décaféiné - x36 - 250g","p":3.99,"u":"15,96 €/KG","img":"https://fd1-photos.leclercdrive.fr/image.ashx?id=2824274&use=l&cat=p&typeid=i","cat":293238},{"id":34424,"n":"Cocktail assortiment Boehli 300g","p":2.28,"u":"7,60 €/KG","img":"https://fd1-photos.leclercdrive.fr/image.ashx?id=2485910&use=l&cat=p&typeid=i","cat":297000},{"id":34500,"n":"Dosettes café Plantation  Classique - x48 - 336g","p":4.95,"u":"14,73 €/KG","img":"https://fd1-photos.leclercdrive.fr/image.ashx?id=2824271&use=l&cat=p&typeid=i","cat":293238},{"id":34633,"n":"Vinaigre blanc Saas Melfor Vinaigre d'alcool - 1L","p":0.76,"u":"0,76 €/L","img":"https://fd1-photos.leclercdrive.fr/image.ashx?id=2354812&use=l&cat=p&typeid=i","cat":298543},{"id":34659,"n":"Mini chinois Epi d'Or Nature x6 - 300g","p":1.78,"u":"5,93 €/KG","img":"https://fd1-photos.leclercdrive.fr/image.ashx?id=2860739&use=l&cat=p&typeid=i","cat":296366},{"id":34660,"n":"Pruneaux d'Agen Couleurs Vives Dénoyautés - 250g","p":2.99,"u":"11,96 €/KG","img":"https://fd1-photos.leclercdrive.fr/image.ashx?id=2093129&use=l&cat=p&typeid=i","cat":284357},{"id":34670,"n":"Oignons jaunes Filière Panier du Primeur Filet 1kg","p":1.99,"u":"1,99 €/KG","img":"https://fd1-photos.leclercdrive.fr/image.ashx?id=2953734&use=l&cat=p&typeid=i","cat":284352},{"id":34671,"n":"Echalote traditionnelle filière Panier du Primeur Filet 250g","p":0.99,"u":"3,96 €/KG","img":"https://fd1-photos.leclercdrive.fr/image.ashx?id=2965500&use=l&cat=p&typeid=i","cat":284352},{"id":34672,"n":"Ail blanc Panier du Primeur A mijoter et à confire x3","p":2.99,"u":"1,00 €/P","img":"https://fd1-photos.leclercdrive.fr/image.ashx?id=2958720&use=l&cat=p&typeid=i","cat":284352},{"id":34679,"n":"Eponges grattantes Mamison Couleurs pop x2","p":1.38,"u":"0,69 €/P","img":"https://fd1-photos.leclercdrive.fr/image.ashx?id=2207724&use=l&cat=p&typeid=i","cat":284667},{"id":34693,"n":"Briochettes pépites Epi d'Or Chocolat au lait x12 - 500g","p":2.44,"u":"4,88 €/KG","img":"https://fd1-photos.leclercdrive.fr/image.ashx?id=2867913&use=l&cat=p&typeid=i","cat":293505},{"id":34694,"n":"Briochettes pépites Epi d'Or Chocolat - x12 500g","p":2.79,"u":"5,58 €/KG","img":"https://fd1-photos.leclercdrive.fr/image.ashx?id=2867910&use=l&cat=p&typeid=i","cat":293505},{"id":34718,"n":"Épinards à cuire Panier Primeur 400g","p":1.99,"u":"4,98 €/KG","img":"https://fd1-photos.leclercdrive.fr/image.ashx?id=2635538&use=l&cat=p&typeid=i","cat":284353},{"id":34763,"n":"Huile Cheveux Elsève Sublimateur Cheveu sec - 100ml","p":11.05,"u":"110,50 €/L","img":"https://fd1-photos.leclercdrive.fr/image.ashx?id=2870671&use=l&cat=p&typeid=i","cat":284608},{"id":34795,"n":"Déodorant Femme Monsavon Spray Compressé Lait 2x100ml","p":3.91,"u":"19,55 €/L","img":"https://fd1-photos.leclercdrive.fr/image.ashx?id=2657652&use=l&cat=p&typeid=i","cat":284595},{"id":34813,"n":"Thé Britley Citron - x25 - 40g","p":0.88,"u":"22,00 €/KG","img":"https://fd1-photos.leclercdrive.fr/image.ashx?id=2645948&use=l&cat=p&typeid=i","cat":293233},{"id":34845,"n":"IGP Vinaigre balsamique Maille 50cl","p":3.25,"u":"6,50 €/L","img":"https://fd1-photos.leclercdrive.fr/image.ashx?id=2866178&use=l&cat=p&typeid=i","cat":298543},{"id":34908,"n":"Fromage frais Petit Yoplait Nature 3.8%MG - 6x60g","p":1.42,"u":"3,94 €/KG","img":"https://fd1-photos.leclercdrive.fr/image.ashx?id=2811026&use=l&cat=p&typeid=i","cat":284409},{"id":34915,"n":"Fromage frais Petit Yoplait Nature 3.8%MG - 12x60g","p":1.91,"u":"2,65 €/KG","img":"https://fd1-photos.leclercdrive.fr/image.ashx?id=2811029&use=l&cat=p&typeid=i","cat":284409},{"id":34919,"n":"Fromage frais Petit Yoplait Nature 0%MG - 12x60g","p":2.35,"u":"3,26 €/KG","img":"https://fd1-photos.leclercdrive.fr/image.ashx?id=2811023&use=l&cat=p&typeid=i","cat":315000},{"id":34943,"n":"Blanc de poulet Fleury Michon rôti à la broche x4 - 120g","p":1.67,"u":"13,92 €/KG","img":"https://fd1-photos.leclercdrive.fr/image.ashx?id=2977288&use=l&cat=p&typeid=i","cat":316010},{"id":34952,"n":"Ratatouille à la Provençale NRT 650g","p":3.15,"u":"4,85 €/KG","img":"https://fd1-photos.leclercdrive.fr/image.ashx?id=2771390&use=l&cat=p&typeid=i","cat":312612},{"id":34971,"n":"Bière ambrée Kwak 33cl","p":2.27,"u":"6,88 €/L","img":"https://fd1-photos.leclercdrive.fr/image.ashx?id=1881584&use=l&cat=p&typeid=i","cat":334872},{"id":34973,"n":"Bière Trois Monts Grande réserve 9.5%vol. - 75cl","p":2.93,"u":"3,91 €/L","img":"https://fd1-photos.leclercdrive.fr/image.ashx?id=2548376&use=l&cat=p&typeid=i","cat":334852},{"id":34975,"n":"Bière Cuvée des Trolls Blonde - 7.5%vol. - 75cl","p":4.49,"u":"5,99 €/L","img":"https://fd1-photos.leclercdrive.fr/image.ashx?id=2611083&use=l&cat=p&typeid=i","cat":334872},{"id":34982,"n":"Bûche chèvre Soignon 200g","p":2.24,"u":"11,20 €/KG","img":"https://fd1-photos.leclercdrive.fr/image.ashx?id=2995325&use=l&cat=p&typeid=i","cat":314031},{"id":34999,"n":"Nuggets Croustillant Père Dodu  Poulet x10 - 200g","p":2.18,"u":"10,90 €/KG","img":"https://fd1-photos.leclercdrive.fr/image.ashx?id=2956975&use=l&cat=p&typeid=i","cat":333684},{"id":35006,"n":"Aiguillettes canard Volandrie 210g","p":4.85,"u":"23,10 €/KG","img":"https://fd1-photos.leclercdrive.fr/image.ashx?id=2358351&use=l&cat=p&typeid=i","cat":284339},{"id":35008,"n":"Céréales Special K Kellogg's Nature - 750g","p":3.97,"u":"5,29 €/KG","img":"https://fd1-photos.leclercdrive.fr/image.ashx?id=2586288&use=l&cat=p&typeid=i","cat":309512},{"id":35010,"n":"Mélange safran Ducros 14 doses -  8.4g","p":2.94,"u":"367,50 €/KG","img":"https://fd1-photos.leclercdrive.fr/image.ashx?id=2486590&use=l&cat=p&typeid=i","cat":298297},{"id":35018,"n":"Bouillon de poule Jardin Bio' Bio cube sans huile palme - x8","p":1.85,"u":"23,13 €/KG","img":"https://fd1-photos.leclercdrive.fr/image.ashx?id=2535004&use=l&cat=p&typeid=i","cat":288379},{"id":35022,"n":"Cordon bleu Le Gaulois Dinde x4 - 400g","p":4.01,"u":"10,03 €/KG","img":"https://fd1-photos.leclercdrive.fr/image.ashx?id=2860226&use=l&cat=p&typeid=i","cat":333683},{"id":35025,"n":"Infusion bio Jardin Bio' Verveine citronée x20 28g","p":2.22,"u":"79,29 €/KG","img":"https://fd1-photos.leclercdrive.fr/image.ashx?id=2985312&use=l&cat=p&typeid=i","cat":293234},{"id":35026,"n":"Concentré de tomate Jardin Bio Bio Double concentré - 200g","p":1.74,"u":"8,70 €/KG","img":"https://fd1-photos.leclercdrive.fr/image.ashx?id=2535469&use=l&cat=p&typeid=i","cat":288384},{"id":35027,"n":"Dessert fruitier bio Jardin Bio Pomme poire 680g","p":2.67,"u":"3,93 €/KG","img":"https://fd1-photos.leclercdrive.fr/image.ashx?id=2939877&use=l&cat=p&typeid=i","cat":284508},{"id":35031,"n":"Batonnets Fritelle Lay's Goût nature - 80g","p":0.79,"u":"9,88 €/KG","img":"https://fd1-photos.leclercdrive.fr/image.ashx?id=2140635&use=l&cat=p&typeid=i","cat":284449},{"id":35034,"n":"Eau minérale gazeuse Perrier  Canettes - 6x33cl","p":2.87,"u":"1,45 €/L","img":"https://fd1-photos.leclercdrive.fr/image.ashx?id=2672554&use=l&cat=p&typeid=i","cat":284536},{"id":35039,"n":"Dosettes café Plantation Corsé - x48 - 336g","p":4.95,"u":"14,73 €/KG","img":"https://fd1-photos.leclercdrive.fr/image.ashx?id=2622115&use=l&cat=p&typeid=i","cat":293238},{"id":35047,"n":"Vodka Novotna Pure grain - 37.5%vol - 50cl","p":8.67,"u":"17,34 €/L","img":"https://fd1-photos.leclercdrive.fr/image.ashx?id=1654468&use=l&cat=p&typeid=i","cat":284550},{"id":35103,"n":"Eau minérale Mont Roucous 6x1L","p":2.7,"u":"0,45 €/L","img":"https://fd1-photos.leclercdrive.fr/image.ashx?id=2970954&use=l&cat=p&typeid=i","cat":284535},{"id":35108,"n":"Bière blonde Affligem 6,7%vol. - 12x25cl","p":9.53,"u":"3,18 €/L","img":"https://fd1-photos.leclercdrive.fr/image.ashx?id=2639405&use=l&cat=p&typeid=i","cat":334852},{"id":35138,"n":"Yaourt SMARTIES Vanille bonbons chocolat 4x120g","p":2.48,"u":"5,17 €/KG","img":"https://fd1-photos.leclercdrive.fr/image.ashx?id=2571038&use=l&cat=p&typeid=i","cat":284414},{"id":35146,"n":"Fromages râpé spécial Pizza  Les Croisés - 125g","p":1.62,"u":"12,96 €/KG","img":"https://fd1-photos.leclercdrive.fr/image.ashx?id=2946175&use=l&cat=p&typeid=i","cat":314035},{"id":35147,"n":"Fromage Cheddar Burger Les Croisés 20 Tranches - 340g","p":2.02,"u":"5,94 €/KG","img":"https://fd1-photos.leclercdrive.fr/image.ashx?id=2946844&use=l&cat=p&typeid=i","cat":314028},{"id":35148,"n":"Fromage Emmental Croque Les Croisés 20 Tranches - 340g","p":2.01,"u":"5,91 €/KG","img":"https://fd1-photos.leclercdrive.fr/image.ashx?id=2946850&use=l&cat=p&typeid=i","cat":314028},{"id":35155,"n":"Tablette de chocolat noir Lindt Fleur de sel - 100g","p":2.24,"u":"22,40 €/KG","img":"https://fd1-photos.leclercdrive.fr/image.ashx?id=2681595&use=l&cat=p&typeid=i","cat":284956},{"id":35159,"n":"Croco Haribo Sachet bonbons - 280g","p":1.28,"u":"4,57 €/KG","img":"https://fd1-photos.leclercdrive.fr/image.ashx?id=2446467&use=l&cat=p&typeid=i","cat":304250},{"id":35160,"n":"Croissants Pasquier x16 - 640g","p":3.74,"u":"5,84 €/KG","img":"https://fd1-photos.leclercdrive.fr/image.ashx?id=2853056&use=l&cat=p&typeid=i","cat":296366},{"id":35183,"n":"Boisson énergisante Monster Original Canette - 4x50cl","p":5.44,"u":"2,72 €/L","img":"https://fd1-photos.leclercdrive.fr/image.ashx?id=2210242&use=l&cat=p&typeid=i","cat":284533},{"id":35185,"n":"Eau aromatisée Volvic Juicy Citronnade - 1,5L","p":1.54,"u":"1,03 €/L","img":"https://fd1-photos.leclercdrive.fr/image.ashx?id=3011008&use=l&cat=p&typeid=i","cat":284537},{"id":35194,"n":"Bâche pare-brise TECH9 Anti-givre - 180x80cm","p":4.55,"img":"https://fd1-photos.leclercdrive.fr/image.ashx?id=1543891&use=l&cat=p&typeid=i","cat":298252},{"id":35285,"n":"Petits muffins Bonne Maman Chocolat - 235g","p":2.44,"u":"10,38 €/KG","img":"https://fd1-photos.leclercdrive.fr/image.ashx?id=2744052&use=l&cat=p&typeid=i","cat":284495},{"id":35300,"n":"Jambon supérieur Tradilège À l'étouffée 6 tranches - 240g","p":2.92,"u":"12,17 €/KG","img":"https://fd1-photos.leclercdrive.fr/image.ashx?id=2991521&use=l&cat=p&typeid=i","cat":316009},{"id":35302,"n":"Carottes râpées Découpe fraîche  250g","p":3.23,"u":"12,92 €/KG","img":"https://fd1-photos.leclercdrive.fr/image.ashx?id=635027&use=l&cat=p&typeid=i","cat":333657},{"id":35308,"n":"Beurre Tendre Elle&Vire Demi-Sel - 80% MG - 250g","p":2.92,"u":"11,68 €/KG","img":"https://fd1-photos.leclercdrive.fr/image.ashx?id=2604773&use=l&cat=p&typeid=i","cat":284379},{"id":35309,"n":"Beurre Tendre Elle&Vire Doux - 82% MG - 250g","p":2.88,"u":"11,52 €/KG","img":"https://fd1-photos.leclercdrive.fr/image.ashx?id=2765629&use=l&cat=p&typeid=i","cat":284379},{"id":35330,"n":"Spray désodorisant Airwick Pure  Soleil de Méditerranée - 250ml","p":3.14,"u":"12,56 €/L","img":"https://fd1-photos.leclercdrive.fr/image.ashx?id=2276048&use=l&cat=p&typeid=i","cat":311626},{"id":35333,"n":"Bain de bouche Sanogyl Multi Protection - 500ml","p":3.56,"u":"7,12 €/L","img":"https://fd1-photos.leclercdrive.fr/image.ashx?id=2638256&use=l&cat=p&typeid=i","cat":284613},{"id":35359,"n":"Cire cheveux Taft  Effet brillance - 75 ml","p":3.38,"u":"45,07 €/L","img":"https://fd1-photos.leclercdrive.fr/image.ashx?id=2897928&use=l&cat=p&typeid=i","cat":284609},{"id":35388,"n":"Déodorant Compressé Monsavon Anti-Transpirant Coton 100ml","p":2.16,"u":"21,60 €/L","img":"https://fd1-photos.leclercdrive.fr/image.ashx?id=2797437&use=l&cat=p&typeid=i","cat":284595},{"id":35398,"n":"Eau Micellaire Garnier Peaux Sensibles - 400ml","p":2.8,"u":"7,00 €/L","img":"https://fd1-photos.leclercdrive.fr/image.ashx?id=2926593&use=l&cat=p&typeid=i","cat":284603},{"id":35418,"n":"Lingettes Demak'Up Peaux sensibles - x25","p":2.53,"u":"0,10 €/P","img":"https://fd1-photos.leclercdrive.fr/image.ashx?id=2981340&use=l&cat=p&typeid=i","cat":284603},{"id":35425,"n":"Déodorant spray Monsavon Fleur de cerisier - 100ml","p":2.48,"u":"24,80 €/L","img":"https://fd1-photos.leclercdrive.fr/image.ashx?id=2904628&use=l&cat=p&typeid=i","cat":284595},{"id":35433,"n":"Tampons Doulys Compact Super plus - x20","p":2.6,"u":"0,13 €/P","img":"https://fd1-photos.leclercdrive.fr/image.ashx?id=2965512&use=l&cat=p&typeid=i","cat":284626},{"id":35450,"n":"Recharge Savon Mains Dettol Aloe Vera Hydratant 250ml","p":3.34,"u":"13,36 €/L","img":"https://fd1-photos.leclercdrive.fr/image.ashx?id=2879134&use=l&cat=p&typeid=i","cat":284597},{"id":35479,"n":"Déodorant Bille Femme Nivea Black&White Original - 50ml","p":1.95,"u":"39,00 €/L","img":"https://fd1-photos.leclercdrive.fr/image.ashx?id=2985471&use=l&cat=p&typeid=i","cat":284595},{"id":35503,"n":"Gel à raser Williams Peaux sensibles 200ml","p":2.47,"u":"12,35 €/L","img":"https://fd1-photos.leclercdrive.fr/image.ashx?id=1966625&use=l&cat=p&typeid=i","cat":284617},{"id":35530,"n":"Mouchoirs en papier Lotus Boîte x1 - 80 mouchoirs","p":1.42,"u":"0,02 €/P","img":"https://fd1-photos.leclercdrive.fr/image.ashx?id=2867368&use=l&cat=p&typeid=i","cat":284638},{"id":35537,"n":"Recharge savon mains Palmolive Antibactérien -  250ml","p":0.62,"u":"2,48 €/L","img":"https://fd1-photos.leclercdrive.fr/image.ashx?id=2833180&use=l&cat=p&typeid=i","cat":284597},{"id":35647,"n":"Bière blonde Falsbourg Canette - 4.2%vol. - 6x33cl","p":2.69,"u":"1,36 €/L","img":"https://fd1-photos.leclercdrive.fr/image.ashx?id=2637913&use=l&cat=p&typeid=i","cat":334853},{"id":35716,"n":"Gourdes Goûters lactés Délisse Vanille - 4x85g","p":1.81,"u":"5,32 €/KG","img":"https://fd1-photos.leclercdrive.fr/image.ashx?id=2681427&use=l&cat=p&typeid=i","cat":284506},{"id":35720,"n":"Barquette chat Sheba Poissons en terrine - 12x85g","p":6.0,"u":"5,88 €/KG","img":"https://fd1-photos.leclercdrive.fr/image.ashx?id=2759637&use=l&cat=p&typeid=i","cat":285286},{"id":35723,"n":"Liqueur Curaçao bleu Giffard 25%vol. - 50cl","p":8.03,"pp":7.23,"u":"14,46 €/L","img":"https://fd1-photos.leclercdrive.fr/image.ashx?id=1650446&use=l&cat=p&typeid=i","cat":286032},{"id":35728,"n":"Spécialité au soja Nat & Vie Framboise-passion 4x100g","p":1.42,"u":"3,55 €/KG","img":"https://fd1-photos.leclercdrive.fr/image.ashx?id=2901455&use=l&cat=p&typeid=i","cat":316071},{"id":35729,"n":"Tiramisu Délisse Au café - 4x80g","p":2.49,"u":"7,78 €/KG","img":"https://fd1-photos.leclercdrive.fr/image.ashx?id=2694103&use=l&cat=p&typeid=i","cat":284419},{"id":35730,"n":"Crème dessert Délisse Vanille Billes 3 chocolats 4x117g","p":2.15,"u":"4,59 €/KG","img":"https://fd1-photos.leclercdrive.fr/image.ashx?id=2965503&use=l&cat=p&typeid=i","cat":285041},{"id":35731,"n":"Crème dessert Chocolat Délisse Mix'n croc color 4x120g","p":2.09,"u":"4,35 €/KG","img":"https://fd1-photos.leclercdrive.fr/image.ashx?id=2965506&use=l&cat=p&typeid=i","cat":285041},{"id":35760,"n":"Céréales Miel Pops Kellogg's 620g","p":3.43,"u":"5,53 €/KG","img":"https://fd1-photos.leclercdrive.fr/image.ashx?id=2596952&use=l&cat=p&typeid=i","cat":309513},{"id":35761,"n":"Céréales Frosties Kellogg's 620g","p":3.5,"u":"5,65 €/KG","img":"https://fd1-photos.leclercdrive.fr/image.ashx?id=2589768&use=l&cat=p&typeid=i","cat":309513},{"id":35785,"n":"Bière belge Rince Cochon Fruits rouges - 7.5%vol. - 50cl","p":1.98,"u":"3,96 €/L","img":"https://fd1-photos.leclercdrive.fr/image.ashx?id=1741472&use=l&cat=p&typeid=i","cat":334853},{"id":35788,"n":"Café Soluble Nescafé 200g","p":5.69,"u":"28,45 €/KG","img":"https://fd1-photos.leclercdrive.fr/image.ashx?id=2810627&use=l&cat=p&typeid=i","cat":284843},{"id":35790,"n":"Nettoyant ménager Uni Vert Multi-surfaces 1L","p":1.53,"u":"1,53 €/L","img":"https://fd1-photos.leclercdrive.fr/image.ashx?id=2520837&use=l&cat=p&typeid=i","cat":284907},{"id":35791,"n":"Flammekueche d'Alsace NRT 600g","p":4.35,"u":"7,25 €/KG","img":"https://fd1-photos.leclercdrive.fr/image.ashx?id=2743894&use=l&cat=p&typeid=i","cat":333680},{"id":35811,"n":"Barquette chat Sheba  Boucher en terrine - 12x85g","p":6.44,"u":"6,31 €/KG","img":"https://fd1-photos.leclercdrive.fr/image.ashx?id=2759634&use=l&cat=p&typeid=i","cat":285286},{"id":35815,"n":"Matière grasse St Hubert  Omega 3 - 52% MG - 255g","p":2.15,"u":"8,43 €/KG","img":"https://fd1-photos.leclercdrive.fr/image.ashx?id=2734093&use=l&cat=p&typeid=i","cat":315229},{"id":35816,"n":"Matière grasse St Hubert Omega3 52% MG - demi-sel - 255g","p":2.19,"u":"8,59 €/KG","img":"https://fd1-photos.leclercdrive.fr/image.ashx?id=2734096&use=l&cat=p&typeid=i","cat":315229},{"id":35820,"n":"Liquide pour cuisson Rustica végétal - 500ml","p":2.09,"u":"4,18 €/L","img":"https://fd1-photos.leclercdrive.fr/image.ashx?id=2903950&use=l&cat=p&typeid=i","cat":315229},{"id":35822,"n":"Roquefort AOP Bio Bio village - 100g","p":2.89,"u":"28,90 €/KG","img":"https://fd1-photos.leclercdrive.fr/image.ashx?id=2646023&use=l&cat=p&typeid=i","cat":314032},{"id":35825,"n":"Fromage Pavé d'Affinois Original - 200g","p":2.41,"u":"12,05 €/KG","img":"https://fd1-photos.leclercdrive.fr/image.ashx?id=3002078&use=l&cat=p&typeid=i","cat":314033},{"id":35830,"n":"Yaourt La Laitière   Fruits panachés - 8x125g","p":3.9,"u":"3,90 €/KG","img":"https://fd1-photos.leclercdrive.fr/image.ashx?id=2744590&use=l&cat=p&typeid=i","cat":286006},{"id":35833,"n":"Yaourt La Laitière Citron - 4x125g","p":1.98,"u":"3,96 €/KG","img":"https://fd1-photos.leclercdrive.fr/image.ashx?id=2904065&use=l&cat=p&typeid=i","cat":286006},{"id":35838,"n":"Yaourts nature Vrai Bio - 4x125g","p":1.34,"u":"2,68 €/KG","img":"https://fd1-photos.leclercdrive.fr/image.ashx?id=2360707&use=l&cat=p&typeid=i","cat":284409},{"id":35846,"n":"Yaourt à boire Délisse Vanille - 850g","p":1.49,"u":"1,75 €/KG","img":"https://fd1-photos.leclercdrive.fr/image.ashx?id=2775890&use=l&cat=p&typeid=i","cat":284415},{"id":35906,"n":"Gourdes Goûters lactés Délisse Chocolat - 4x85g","p":1.75,"u":"5,15 €/KG","img":"https://fd1-photos.leclercdrive.fr/image.ashx?id=2681424&use=l&cat=p&typeid=i","cat":284506},{"id":35907,"n":"Cassoulet mitonné   William Saurin - 840g","p":3.11,"u":"3,70 €/KG","img":"https://fd1-photos.leclercdrive.fr/image.ashx?id=2890148&use=l&cat=p&typeid=i","cat":284440},{"id":35908,"n":"Cassoulet mitonné   William Saurin - 420g","p":1.93,"u":"4,60 €/KG","img":"https://fd1-photos.leclercdrive.fr/image.ashx?id=2890151&use=l&cat=p&typeid=i","cat":284441},{"id":35918,"n":"Jus de pomme Jafaden A base de concentré - 6x20cl","p":1.32,"u":"1,10 €/L","img":"https://fd1-photos.leclercdrive.fr/image.ashx?id=2366881&use=l&cat=p&typeid=i","cat":284524},{"id":35919,"n":"Jus de raisin Jafaden Briquettes - 6x20cl","p":2.46,"u":"2,05 €/L","img":"https://fd1-photos.leclercdrive.fr/image.ashx?id=2989935&use=l&cat=p&typeid=i","cat":284915},{"id":35922,"n":"Bière blonde Forte Extra Strong Canette - 10%vol - 50cl","p":1.19,"u":"2,38 €/L","img":"https://fd1-photos.leclercdrive.fr/image.ashx?id=2928004&use=l&cat=p&typeid=i","cat":334853},{"id":35924,"n":"Cocktail Punch planteur Lagoa 15%vol - 70cl","p":4.29,"u":"6,13 €/L","img":"https://fd1-photos.leclercdrive.fr/image.ashx?id=2958338&use=l&cat=p&typeid=i","cat":284551},{"id":35927,"n":"Cocktail Mojito Lagoa 15%vol - 70cl","p":4.99,"u":"7,13 €/L","img":"https://fd1-photos.leclercdrive.fr/image.ashx?id=2958344&use=l&cat=p&typeid=i","cat":284551},{"id":35979,"n":"Gaufrettes amusantes Nord NRT 175g","p":2.45,"u":"14,00 €/KG","img":"https://fd1-photos.leclercdrive.fr/image.ashx?id=724000&use=l&cat=p&typeid=i","cat":284487},{"id":35995,"n":"Lait de toilette Mots d'Enfants Bio - 250ml","p":2.35,"u":"9,40 €/L","img":"https://fd1-photos.leclercdrive.fr/image.ashx?id=2485080&use=l&cat=p&typeid=i","cat":284741},{"id":36009,"n":"Bâtonnets Trium Vanille Amandes x4 - 314g","p":2.05,"u":"6,53 €/KG","img":"https://fd1-photos.leclercdrive.fr/image.ashx?id=2051813&use=l&cat=p&typeid=i","cat":284265},{"id":36010,"n":"Bâtonnets Trium Vanille chocolat blanc x4 -308g","p":2.59,"u":"8,41 €/KG","img":"https://fd1-photos.leclercdrive.fr/image.ashx?id=2920776&use=l&cat=p&typeid=i","cat":284265},{"id":36037,"n":"Crème UHT Elle&Vire Fluide Entière - 30% MG - 3x20cl","p":3.14,"u":"5,23 €/L","img":"https://fd1-photos.leclercdrive.fr/image.ashx?id=3008551&use=l&cat=p&typeid=i","cat":284381},{"id":36039,"n":"Crème légère fluide UHT Délisse 12%mg - 3x20cl","p":1.84,"u":"3,07 €/L","img":"https://fd1-photos.leclercdrive.fr/image.ashx?id=2905904&use=l&cat=p&typeid=i","cat":284381},{"id":36040,"n":"Spécialité laitière UHT Délisse Semi-épaisse 4%mg - 3x20cl","p":2.21,"u":"3,68 €/L","img":"https://fd1-photos.leclercdrive.fr/image.ashx?id=3002599&use=l&cat=p&typeid=i","cat":284381},{"id":36041,"n":"Crème semi-épaisse entière UHT Délisse 30%mg - 3x20cl","p":3.5,"u":"5,83 €/L","img":"https://fd1-photos.leclercdrive.fr/image.ashx?id=2494099&use=l&cat=p&typeid=i","cat":284381},{"id":36060,"n":"Ananas Découpe fraîche   500g","p":4.55,"u":"9,10 €/KG","img":"https://fd1-photos.leclercdrive.fr/image.ashx?id=635043&use=l&cat=p&typeid=i","cat":290298},{"id":36061,"n":"Duo été carotte/celeri   300g","p":2.37,"u":"7,90 €/KG","img":"https://fd1-photos.leclercdrive.fr/image.ashx?id=676674&use=l&cat=p&typeid=i","cat":333657},{"id":36124,"n":"Haricots blancs Notre Jardin - 500g","p":1.03,"u":"2,06 €/KG","img":"https://fd1-photos.leclercdrive.fr/image.ashx?id=2988072&use=l&cat=p&typeid=i","cat":312606},{"id":36125,"n":"Haricots blancs Notre Jardin 250g","p":0.85,"u":"3,40 €/KG","img":"https://fd1-photos.leclercdrive.fr/image.ashx?id=3002602&use=l&cat=p&typeid=i","cat":312606},{"id":36198,"n":"Lardons supérieurs Tradilège Fumés maxi format 2x200g","p":3.39,"u":"8,48 €/KG","img":"https://fd1-photos.leclercdrive.fr/image.ashx?id=2921381&use=l&cat=p&typeid=i","cat":316011},{"id":36199,"n":"Bougies Eco+ Blanche x10","p":2.97,"img":"https://fd1-photos.leclercdrive.fr/image.ashx?id=2635547&use=l&cat=p&typeid=i","cat":335913},{"id":36201,"n":"Crème hydratante Eco+ Visage et corps - 250ml","p":1.59,"u":"6,36 €/L","img":"https://fd1-photos.leclercdrive.fr/image.ashx?id=2487410&use=l&cat=p&typeid=i","cat":325350},{"id":36206,"n":"Mousse à raser hydratante Eco+ Peaux normales - 300ml","p":0.85,"u":"2,83 €/L","img":"https://fd1-photos.leclercdrive.fr/image.ashx?id=2952382&use=l&cat=p&typeid=i","cat":284617},{"id":36225,"n":"Chou blanc Découpe fraîche   250g","p":1.98,"u":"7,92 €/KG","img":"https://fd1-photos.leclercdrive.fr/image.ashx?id=657606&use=l&cat=p&typeid=i","cat":290299},{"id":36267,"n":"Noix St Jacques NRT de Normandie - 300g","p":16.95,"u":"56,50 €/KG","img":"https://fd1-photos.leclercdrive.fr/image.ashx?id=2699819&use=l&cat=p&typeid=i","cat":319787},{"id":36269,"n":"Soufflés ExtraTerrestres Tokapi Ketchup - 80g","p":0.8,"u":"10,00 €/KG","img":"https://fd1-photos.leclercdrive.fr/image.ashx?id=1915578&use=l&cat=p&typeid=i","cat":284449},{"id":36270,"n":"Soufflés ExtraTerrestres Tokapi Salé - 80g","p":0.79,"u":"9,88 €/KG","img":"https://fd1-photos.leclercdrive.fr/image.ashx?id=1932960&use=l&cat=p&typeid=i","cat":284449},{"id":36308,"n":"Shampooing Nateïs Camomille abricot - 250ml","p":1.39,"u":"5,56 €/L","img":"https://fd1-photos.leclercdrive.fr/image.ashx?id=2626790&use=l&cat=p&typeid=i","cat":284606},{"id":36309,"n":"Shampooing Nateïs Cranberry Huile de jojoba 250ml","p":1.4,"u":"5,60 €/L","img":"https://fd1-photos.leclercdrive.fr/image.ashx?id=2358700&use=l&cat=p&typeid=i","cat":284606},{"id":36310,"n":"Shampooing Nateïs Argile Pamplemousse - 250ml","p":1.39,"u":"5,56 €/L","img":"https://fd1-photos.leclercdrive.fr/image.ashx?id=2358697&use=l&cat=p&typeid=i","cat":284606},{"id":36311,"n":"Shampooing Nateïs Huile d'argan - 250ml","p":1.29,"u":"5,16 €/L","img":"https://fd1-photos.leclercdrive.fr/image.ashx?id=2652906&use=l&cat=p&typeid=i","cat":284606},{"id":36313,"n":"Shampooing extra-doux Nateïs Karité / Huile d'avocat - 250ml","p":1.39,"u":"5,56 €/L","img":"https://fd1-photos.leclercdrive.fr/image.ashx?id=2345559&use=l&cat=p&typeid=i","cat":284606},{"id":36314,"n":"Shampooing Nateïs Fleur de tilleul pomme verte - 250ml","p":1.27,"u":"5,08 €/L","img":"https://fd1-photos.leclercdrive.fr/image.ashx?id=1898913&use=l&cat=p&typeid=i","cat":284606},{"id":36317,"n":"Dessert fruitier pomme Douceur Verger s/sucre 8x100g","p":1.99,"u":"2,49 €/KG","img":"https://fd1-photos.leclercdrive.fr/image.ashx?id=3012406&use=l&cat=p&typeid=i","cat":284416},{"id":36346,"n":"Rondelé au Bleu d'Aveyron 125g","p":1.83,"u":"14,64 €/KG","img":"https://fd1-photos.leclercdrive.fr/image.ashx?id=2877751&use=l&cat=p&typeid=i","cat":314029},{"id":36348,"n":"Papier aluminium Alfapac Gaufré - Rouleau 20m","p":3.25,"img":"https://fd1-photos.leclercdrive.fr/image.ashx?id=2870446&use=l&cat=p&typeid=i","cat":334134},{"id":36354,"n":"Crème hydratante Mots d'Enfants Bio visage et corps - 75ml","p":2.19,"u":"29,20 €/L","img":"https://fd1-photos.leclercdrive.fr/image.ashx?id=3015078&use=l&cat=p&typeid=i","cat":284741},{"id":36355,"n":"Compote Douceur du Verger  Pomme Rhubarbe - 4x100g","p":1.28,"u":"3,20 €/KG","img":"https://fd1-photos.leclercdrive.fr/image.ashx?id=2554581&use=l&cat=p&typeid=i","cat":284416},{"id":36388,"n":"Bière ambrée corse Pietra 6° - 6x25cl","p":8.34,"u":"5,56 €/L","img":"https://fd1-photos.leclercdrive.fr/image.ashx?id=3011464&use=l&cat=p&typeid=i","cat":334872},{"id":36394,"n":"Yaourt aromatisé aux Fruits Panachés Frulos - 16x125g","p":3.14,"u":"1,57 €/KG","img":"https://fd1-photos.leclercdrive.fr/image.ashx?id=2799895&use=l&cat=p&typeid=i","cat":286006},{"id":36395,"n":"Yaourt Nature Sucré Yoplait - 12x125g","p":2.79,"u":"1,86 €/KG","img":"https://fd1-photos.leclercdrive.fr/image.ashx?id=2796827&use=l&cat=p&typeid=i","cat":284409},{"id":36396,"n":"Gâteau fourré Mini BN Chocolat 175g","p":1.87,"u":"10,69 €/KG","img":"https://fd1-photos.leclercdrive.fr/image.ashx?id=2746854&use=l&cat=p&typeid=i","cat":284488},{"id":36397,"n":"Biscuits Mini BN Goûter à la fraise - 175g","p":1.92,"u":"10,97 €/KG","img":"https://fd1-photos.leclercdrive.fr/image.ashx?id=2748212&use=l&cat=p&typeid=i","cat":284489},{"id":36399,"n":"Pizza La Pizz Sodebo Chèvre lardons - 470g","p":3.34,"u":"7,11 €/KG","img":"https://fd1-photos.leclercdrive.fr/image.ashx?id=2851494&use=l&cat=p&typeid=i","cat":333679},{"id":36400,"n":"Pizza La Pizz Sodebo 4 fromages - 470g","p":3.49,"u":"7,43 €/KG","img":"https://fd1-photos.leclercdrive.fr/image.ashx?id=2905366&use=l&cat=p&typeid=i","cat":333679},{"id":36401,"n":"Pizza Dolce Sodebo 4 fromaggi - 380g","p":3.65,"u":"9,61 €/KG","img":"https://fd1-photos.leclercdrive.fr/image.ashx?id=2921636&use=l&cat=p&typeid=i","cat":333679},{"id":36404,"n":"Pizza Dolce Sodebo Regina Jambon Champignons 400g","p":3.65,"u":"9,13 €/KG","img":"https://fd1-photos.leclercdrive.fr/image.ashx?id=3008251&use=l&cat=p&typeid=i","cat":333679},{"id":36412,"n":"Compote Douceur du Verger Coupelle pomme - 16x100g","p":3.09,"u":"1,93 €/KG","img":"https://fd1-photos.leclercdrive.fr/image.ashx?id=2663512&use=l&cat=p&typeid=i","cat":284508},{"id":36414,"n":"Compote Douceur du Verger Coupelle pomme - 8x100g","p":1.89,"u":"2,36 €/KG","img":"https://fd1-photos.leclercdrive.fr/image.ashx?id=2663506&use=l&cat=p&typeid=i","cat":284508},{"id":36416,"n":"Compote Douceur du Verger Coupelle pomme rhubarbe -4x100g","p":1.3,"u":"3,25 €/KG","img":"https://fd1-photos.leclercdrive.fr/image.ashx?id=2663521&use=l&cat=p&typeid=i","cat":284508},{"id":36417,"n":"Compote Douceur du Verger Gourdes multivariétés - 4x90g","p":1.69,"u":"4,69 €/KG","img":"https://fd1-photos.leclercdrive.fr/image.ashx?id=2805030&use=l&cat=p&typeid=i","cat":284508},{"id":36418,"n":"Compote Douceur du Verger Gourdes Pomme Poire - 4x90g","p":1.49,"u":"4,14 €/KG","img":"https://fd1-photos.leclercdrive.fr/image.ashx?id=2837054&use=l&cat=p&typeid=i","cat":284508},{"id":36419,"n":"Compote Douceur du Verger Coupelle pomme - 4x100g","p":0.99,"u":"2,48 €/KG","img":"https://fd1-photos.leclercdrive.fr/image.ashx?id=2663524&use=l&cat=p&typeid=i","cat":284508},{"id":36424,"n":"Brownie P'tit Deli Chocolat noisette 285g","p":1.85,"u":"6,49 €/KG","img":"https://fd1-photos.leclercdrive.fr/image.ashx?id=2892055&use=l&cat=p&typeid=i","cat":294776},{"id":36437,"n":"Friandises pour chien Lydog Assortiment sticks - x15 126g","p":1.33,"u":"10,56 €/KG","img":"https://fd1-photos.leclercdrive.fr/image.ashx?id=1947271&use=l&cat=p&typeid=i","cat":294527},{"id":36438,"n":"Sticks dentaires Lydog Petit chien - x7 110g","p":0.99,"u":"9,00 €/KG","img":"https://fd1-photos.leclercdrive.fr/image.ashx?id=1878604&use=l&cat=p&typeid=i","cat":294527},{"id":36440,"n":"Sticks dentaires Lydog Grand chien - x7 - 270g","p":2.54,"u":"9,41 €/KG","img":"https://fd1-photos.leclercdrive.fr/image.ashx?id=1947274&use=l&cat=p&typeid=i","cat":294527},{"id":36441,"n":"Aiguillettes poulet Tradilège Rôti - 2x75g","p":2.02,"u":"13,47 €/KG","img":"https://fd1-photos.leclercdrive.fr/image.ashx?id=2930781&use=l&cat=p&typeid=i","cat":316011},{"id":36445,"n":"Râpé de jambon Tradilège Fumé - 150g","p":1.79,"u":"11,93 €/KG","img":"https://fd1-photos.leclercdrive.fr/image.ashx?id=2905970&use=l&cat=p&typeid=i","cat":316011},{"id":36454,"n":"Pastilles NRT  Du Bassin de Vichy - 230g","p":0.98,"u":"4,26 €/KG","img":"https://fd1-photos.leclercdrive.fr/image.ashx?id=1646510&use=l&cat=p&typeid=i","cat":304252},{"id":36475,"n":"Thé glacé Fresh Tea Pêche - 6x25cl","p":2.85,"u":"1,90 €/L","img":"https://fd1-photos.leclercdrive.fr/image.ashx?id=2622263&use=l&cat=p&typeid=i","cat":295019},{"id":36504,"n":"Pizza La Pizz Sodebo Jambon emmental - 470g","p":3.01,"u":"6,40 €/KG","img":"https://fd1-photos.leclercdrive.fr/image.ashx?id=2886786&use=l&cat=p&typeid=i","cat":333679},{"id":36633,"n":"Glace Cône Nestlé Extrême Crème brulée x6 - 426g","p":3.57,"u":"8,38 €/KG","img":"https://fd1-photos.leclercdrive.fr/image.ashx?id=2831672&use=l&cat=p&typeid=i","cat":284264},{"id":36649,"n":"Infusion Tiséa pomme cannelle 25 sachets 55g","p":1.38,"u":"25,09 €/KG","img":"https://fd1-photos.leclercdrive.fr/image.ashx?id=2469562&use=l&cat=p&typeid=i","cat":293234},{"id":36650,"n":"Barres céréales Bio Village Bio Fraise x6 125g","p":1.79,"u":"14,32 €/KG","img":"https://fd1-photos.leclercdrive.fr/image.ashx?id=2807306&use=l&cat=p&typeid=i","cat":285869},{"id":36651,"n":"Barres céréales Bio Village Bio Chocolat noir x6 125g","p":1.95,"u":"15,60 €/KG","img":"https://fd1-photos.leclercdrive.fr/image.ashx?id=2807309&use=l&cat=p&typeid=i","cat":285869},{"id":36656,"n":"Soupe liquide Liebig  Velouté 10 légumes - Brique 1L","p":1.68,"u":"1,68 €/L","img":"https://fd1-photos.leclercdrive.fr/image.ashx?id=2892133&use=l&cat=p&typeid=i","cat":284462},{"id":36658,"n":"Soupe liquide Liebig  Mouliné 10 légumes - Brique 1L","p":1.73,"u":"1,73 €/L","img":"https://fd1-photos.leclercdrive.fr/image.ashx?id=2651396&use=l&cat=p&typeid=i","cat":284462},{"id":36672,"n":"Repas Babybio Bio Dinde haricots verts 230g","p":2.12,"u":"9,22 €/KG","img":"https://fd1-photos.leclercdrive.fr/image.ashx?id=2859353&use=l&cat=p&typeid=i","cat":312237},{"id":36704,"n":"Sucre en morceaux Daddy Demi-morceaux rond - 750g","p":1.72,"u":"2,29 €/KG","img":"https://fd1-photos.leclercdrive.fr/image.ashx?id=2907947&use=l&cat=p&typeid=i","cat":284502},{"id":36706,"n":"Sucre glace Daddy Sachet 1kg","p":2.69,"u":"2,69 €/KG","img":"https://fd1-photos.leclercdrive.fr/image.ashx?id=2973589&use=l&cat=p&typeid=i","cat":284502},{"id":36710,"n":"Sucre canne Béghin Say Pure - en morceaux - 750g","p":2.48,"u":"3,31 €/KG","img":"https://fd1-photos.leclercdrive.fr/image.ashx?id=2948830&use=l&cat=p&typeid=i","cat":284502},{"id":36711,"n":"Sucre cassonade Béghin Say En poudre - 750g","p":2.4,"u":"3,20 €/KG","img":"https://fd1-photos.leclercdrive.fr/image.ashx?id=2949928&use=l&cat=p&typeid=i","cat":284502},{"id":36720,"n":"Haricots blancs à la tomate 400 g","p":0.75,"u":"1,88 €/KG","img":"https://fd1-photos.leclercdrive.fr/image.ashx?id=2988078&use=l&cat=p&typeid=i","cat":312606},{"id":36721,"n":"Lait chat et chaton Whiskas 3x200ml","p":2.68,"u":"4,47 €/L","img":"https://fd1-photos.leclercdrive.fr/image.ashx?id=2759670&use=l&cat=p&typeid=i","cat":285285},{"id":36728,"n":"Sucre en poudre Erstein Pâtissier extra fin - 750g","p":1.8,"u":"2,40 €/KG","img":"https://fd1-photos.leclercdrive.fr/image.ashx?id=2018970&use=l&cat=p&typeid=i","cat":284502},{"id":36756,"n":"Haricots Blancs à la tomate 800g","p":1.08,"u":"1,35 €/KG","img":"https://fd1-photos.leclercdrive.fr/image.ashx?id=2988075&use=l&cat=p&typeid=i","cat":312606},{"id":36811,"n":"Chewing-gum Freedent Fraise 5x10 dragées 70g","p":2.47,"u":"35,29 €/KG","img":"https://fd1-photos.leclercdrive.fr/image.ashx?id=2325485&use=l&cat=p&typeid=i","cat":304251},{"id":36814,"n":"Chewing-gum Freedent Menthe verte boîte 84g","p":2.46,"u":"29,29 €/KG","img":"https://fd1-photos.leclercdrive.fr/image.ashx?id=2024402&use=l&cat=p&typeid=i","cat":304251},{"id":36819,"n":"Chocolat Noir After Eight Fourré Menthe - 300g","p":4.72,"u":"15,73 €/KG","img":"https://fd1-photos.leclercdrive.fr/image.ashx?id=2348782&use=l&cat=p&typeid=i","cat":284499},{"id":36825,"n":"Tablette chocolat Minis Milka Chocolat au lait - 200g","p":3.71,"u":"18,55 €/KG","img":"https://fd1-photos.leclercdrive.fr/image.ashx?id=2188521&use=l&cat=p&typeid=i","cat":284497},{"id":36833,"n":"BB Crème teintée médium Inell Hydratante 5 en 1 - 50ml","p":3.45,"u":"69,00 €/L","img":"https://fd1-photos.leclercdrive.fr/image.ashx?id=2691646&use=l&cat=p&typeid=i","cat":325345},{"id":36834,"n":"BB Crème teintée clair Inell  Hydratante 5en1 - 50ml","p":3.45,"u":"69,00 €/L","img":"https://fd1-photos.leclercdrive.fr/image.ashx?id=2691649&use=l&cat=p&typeid=i","cat":325345},{"id":36837,"n":"Gel douche Carré Homme Séduction 250ml","p":1.22,"u":"4,88 €/L","img":"https://fd1-photos.leclercdrive.fr/image.ashx?id=2946178&use=l&cat=p&typeid=i","cat":284619},{"id":36886,"n":"Miel de montagne L'Apiculteur Crémeux - 500g","p":5.55,"u":"11,10 €/KG","img":"https://fd1-photos.leclercdrive.fr/image.ashx?id=2310926&use=l&cat=p&typeid=i","cat":287643},{"id":36920,"n":"Protège-slips Doulys Ultra-mince - Large - x30","p":0.82,"u":"0,03 €/P","img":"https://fd1-photos.leclercdrive.fr/image.ashx?id=2847967&use=l&cat=p&typeid=i","cat":284625},{"id":37030,"n":"Farine suprême Francine 1kg","p":1.76,"u":"1,76 €/KG","img":"https://fd1-photos.leclercdrive.fr/image.ashx?id=2902654&use=l&cat=p&typeid=i","cat":284503},{"id":37031,"n":"Huile d'olive Puget Vierge extra - 1,5L","p":17.61,"u":"11,74 €/L","img":"https://fd1-photos.leclercdrive.fr/image.ashx?id=2144452&use=l&cat=p&typeid=i","cat":284453},{"id":37033,"n":"Douceur Crème balsamique  Rustica - 25cl","p":1.79,"u":"7,16 €/L","img":"https://fd1-photos.leclercdrive.fr/image.ashx?id=2781877&use=l&cat=p&typeid=i","cat":284456},{"id":37049,"n":"Sauce Samourai Amora 255g","p":1.58,"u":"7,02 €/KG","img":"https://fd1-photos.leclercdrive.fr/image.ashx?id=2893838&use=l&cat=p&typeid=i","cat":318431},{"id":37053,"n":"Sucre pure canne Beghin Say Petits morceaux - 1kg","p":3.19,"u":"3,19 €/KG","img":"https://fd1-photos.leclercdrive.fr/image.ashx?id=2949922&use=l&cat=p&typeid=i","cat":284502},{"id":37054,"n":"Sucre pure canne Beghin Say Morceaux - 1kg","p":2.66,"u":"2,66 €/KG","img":"https://fd1-photos.leclercdrive.fr/image.ashx?id=2978688&use=l&cat=p&typeid=i","cat":284502},{"id":37107,"n":"Gel lavant mains Manava Spécial cuisine - 300ml","p":0.99,"u":"3,30 €/L","img":"https://fd1-photos.leclercdrive.fr/image.ashx?id=2935495&use=l&cat=p&typeid=i","cat":284597},{"id":37120,"n":"Sauce Soja sucrée Kikkoman 250ml","p":4.57,"u":"18,28 €/L","img":"https://fd1-photos.leclercdrive.fr/image.ashx?id=2536296&use=l&cat=p&typeid=i","cat":288992},{"id":37142,"n":"Café en grains Sati Crema - 1kg","p":15.37,"u":"15,37 €/KG","img":"https://fd1-photos.leclercdrive.fr/image.ashx?id=2918265&use=l&cat=p&typeid=i","cat":293237},{"id":37143,"n":"Fromage Moyen Mont d'Or AOP x1","p":14.95,"img":"https://fd1-photos.leclercdrive.fr/image.ashx?id=2428384&use=l&cat=p&typeid=i","cat":314037},{"id":37144,"n":"Fromage Mini Mont d'Or AOP x1","p":9.99,"img":"https://fd1-photos.leclercdrive.fr/image.ashx?id=2397980&use=l&cat=p&typeid=i","cat":314037},{"id":37149,"n":"Cookies Méga pépites P'tit Déli Chocolat noisettes 184g","p":1.51,"u":"8,21 €/KG","img":"https://fd1-photos.leclercdrive.fr/image.ashx?id=2116149&use=l&cat=p&typeid=i","cat":325066},{"id":37198,"n":"Poêlée Notre Jardin Méditerranéenne 750g","p":3.17,"u":"4,23 €/KG","img":"https://fd1-photos.leclercdrive.fr/image.ashx?id=2835029&use=l&cat=p&typeid=i","cat":319823},{"id":37199,"n":"Poêlée Notre Jardin Parisienne 750g","p":2.24,"u":"2,99 €/KG","img":"https://fd1-photos.leclercdrive.fr/image.ashx?id=2865062&use=l&cat=p&typeid=i","cat":319823},{"id":37260,"n":"Boisson au thé Fresh Tea Citron vert - 1,5L","p":1.23,"u":"0,82 €/L","img":"https://fd1-photos.leclercdrive.fr/image.ashx?id=2622257&use=l&cat=p&typeid=i","cat":295019},{"id":37261,"n":"Boisson au thé Fresh Tea Mangue - 1,5L","p":1.25,"u":"0,83 €/L","img":"https://fd1-photos.leclercdrive.fr/image.ashx?id=2622260&use=l&cat=p&typeid=i","cat":295019},{"id":37262,"n":"Boisson au thé Fresh Tea Framboise - 1,5L","p":1.33,"u":"0,89 €/L","img":"https://fd1-photos.leclercdrive.fr/image.ashx?id=2982619&use=l&cat=p&typeid=i","cat":295019},{"id":37278,"n":"Orangina Pik Haribo Sachet bonbons acidulés - 250g","p":1.69,"u":"6,76 €/KG","img":"https://fd1-photos.leclercdrive.fr/image.ashx?id=2806090&use=l&cat=p&typeid=i","cat":304250},{"id":37281,"n":"Bonbons Longfizz Lutti 200g","p":1.34,"u":"6,70 €/KG","img":"https://fd1-photos.leclercdrive.fr/image.ashx?id=2962173&use=l&cat=p&typeid=i","cat":304250},{"id":37283,"n":"Compote bio Bio Village Pomme châtaigne - 4x100g","p":1.89,"u":"4,73 €/KG","img":"https://fd1-photos.leclercdrive.fr/image.ashx?id=725380&use=l&cat=p&typeid=i","cat":284416},{"id":37286,"n":"Paëlla royale Marie 900g","p":4.83,"u":"5,37 €/KG","img":"https://fd1-photos.leclercdrive.fr/image.ashx?id=2996770&use=l&cat=p&typeid=i","cat":284254},{"id":37403,"n":"Sachet fraîcheur chien Pedigree  Mixte en sauce - 12x100g","p":5.2,"u":"4,33 €/KG","img":"https://fd1-photos.leclercdrive.fr/image.ashx?id=2870242&use=l&cat=p&typeid=i","cat":284673},{"id":37405,"n":"Foie de morue Connétable MSC Nature - 121g","p":2.21,"u":"18,26 €/KG","img":"https://fd1-photos.leclercdrive.fr/image.ashx?id=2918718&use=l&cat=p&typeid=i","cat":305147},{"id":37410,"n":"Joker Le Fruit Jus de pomme 1,5L","p":2.22,"u":"1,48 €/L","img":"https://fd1-photos.leclercdrive.fr/image.ashx?id=2785730&use=l&cat=p&typeid=i","cat":284522},{"id":37417,"n":"Boisson à base de vin rosé  Festalie - 75 cl","p":2.54,"u":"3,39 €/L","img":"https://fd1-photos.leclercdrive.fr/image.ashx?id=2774900&use=l&cat=p&typeid=i","cat":304569},{"id":37438,"n":"Papier cuisson Elembal Rouleau 15m","p":1.79,"img":"https://fd1-photos.leclercdrive.fr/image.ashx?id=2824952&use=l&cat=p&typeid=i","cat":334134},{"id":37453,"n":"Lardons de volaille Tradilège Fumés 2x75g","p":1.75,"u":"11,67 €/KG","img":"https://fd1-photos.leclercdrive.fr/image.ashx?id=2882358&use=l&cat=p&typeid=i","cat":316011},{"id":37457,"n":"Yaourt bio Les 2 Vaches brassé nature - 4x115g","p":1.44,"u":"3,13 €/KG","img":"https://fd1-photos.leclercdrive.fr/image.ashx?id=2571545&use=l&cat=p&typeid=i","cat":284409},{"id":37467,"n":"Infusion Tiséa Fruits rouges 25 sachets 40g","p":0.92,"u":"23,00 €/KG","img":"https://fd1-photos.leclercdrive.fr/image.ashx?id=2922506&use=l&cat=p&typeid=i","cat":293234},{"id":37468,"n":"Jambon cru Fine Fondante Aoste Sans conservateur - x6 - 100g","p":3.59,"u":"35,90 €/KG","img":"https://fd1-photos.leclercdrive.fr/image.ashx?id=2937172&use=l&cat=p&typeid=i","cat":316007},{"id":37515,"n":"Fondant de Charolais Convivial Steak : 4% mg - x4 480g","p":7.29,"u":"15,19 €/KG","img":"https://fd1-photos.leclercdrive.fr/image.ashx?id=1989060&use=l&cat=p&typeid=i","cat":319779},{"id":37540,"n":"Compote bébé Bio Village Bio Pomme vanille 4 mois 4x100g","p":1.99,"u":"4,98 €/KG","img":"https://fd1-photos.leclercdrive.fr/image.ashx?id=2704750&use=l&cat=p&typeid=i","cat":312387},{"id":37541,"n":"Compote bébé Bio Village Bio Pomme /Banane 4 mois 4x100g","p":1.89,"u":"4,73 €/KG","img":"https://fd1-photos.leclercdrive.fr/image.ashx?id=2704753&use=l&cat=p&typeid=i","cat":312387},{"id":37542,"n":"Compote bébé Bio Village bio Poire williams - 4 mois -4x100g","p":1.89,"u":"4,73 €/KG","img":"https://fd1-photos.leclercdrive.fr/image.ashx?id=2704747&use=l&cat=p&typeid=i","cat":312387},{"id":37580,"n":"Soupe Régal Soupe Légumes et vermicelles - 1L","p":1.84,"u":"1,84 €/L","img":"https://fd1-photos.leclercdrive.fr/image.ashx?id=2607539&use=l&cat=p&typeid=i","cat":284462},{"id":37593,"n":"Snacks chats Tous mes amis Poulet fromage - 60g","p":0.84,"u":"14,00 €/KG","img":"https://fd1-photos.leclercdrive.fr/image.ashx?id=1947280&use=l&cat=p&typeid=i","cat":285285},{"id":37594,"n":"Snacks chats Tous mes amis Boeuf - 60g","p":0.94,"u":"15,67 €/KG","img":"https://fd1-photos.leclercdrive.fr/image.ashx?id=2046107&use=l&cat=p&typeid=i","cat":285285},{"id":37595,"n":"Snacks chats Tous mes amis Saumon - 60g","p":0.89,"u":"14,83 €/KG","img":"https://fd1-photos.leclercdrive.fr/image.ashx?id=1938588&use=l&cat=p&typeid=i","cat":285285},{"id":37596,"n":"Snacks chats Tous mes amis Contre les boules de poils- 60g","p":0.99,"u":"16,50 €/KG","img":"https://fd1-photos.leclercdrive.fr/image.ashx?id=726858&use=l&cat=p&typeid=i","cat":285285},{"id":37605,"n":"Protège-slips Doulys Extra fin - Plié - x32","p":1.36,"u":"0,04 €/P","img":"https://fd1-photos.leclercdrive.fr/image.ashx?id=2824757&use=l&cat=p&typeid=i","cat":284625},{"id":37615,"n":"Rasoirs jetables Eco+ x10","p":0.71,"u":"0,07 €/P","img":"https://fd1-photos.leclercdrive.fr/image.ashx?id=2913642&use=l&cat=p&typeid=i","cat":284616},{"id":37623,"n":"Trancetto Balconi Cacao x10 280g","p":1.43,"u":"5,11 €/KG","img":"https://fd1-photos.leclercdrive.fr/image.ashx?id=2878414&use=l&cat=p&typeid=i","cat":284495},{"id":37702,"n":"Ananas rondelle Découpe fraîche  400g","p":2.59,"u":"6,48 €/KG","img":"https://fd1-photos.leclercdrive.fr/image.ashx?id=729091&use=l&cat=p&typeid=i","cat":290298},{"id":37712,"n":"Haricots Verts Cassegrain Extra Fins Cueillis main 390g","p":3.07,"u":"7,87 €/KG","img":"https://fd1-photos.leclercdrive.fr/image.ashx?id=2913025&use=l&cat=p&typeid=i","cat":312606},{"id":37774,"n":"Recharge Dentamyl Brosse à dents électrique x2","p":6.99,"u":"3,50 €/P","img":"https://fd1-photos.leclercdrive.fr/image.ashx?id=2790967&use=l&cat=p&typeid=i","cat":297133},{"id":37778,"n":"Lait corps Inell Réparateur - 250ml","p":2.33,"u":"9,32 €/L","img":"https://fd1-photos.leclercdrive.fr/image.ashx?id=2691664&use=l&cat=p&typeid=i","cat":325349},{"id":37842,"n":"Thé glacé zéro Fresh Tea  Pêche - 1,5L","p":1.19,"u":"0,79 €/L","img":"https://fd1-photos.leclercdrive.fr/image.ashx?id=2622266&use=l&cat=p&typeid=i","cat":295019},{"id":37843,"n":"100% Pur jus d'orange Jafaden Sans pulpe - 2L","p":3.54,"u":"1,77 €/L","img":"https://fd1-photos.leclercdrive.fr/image.ashx?id=2796052&use=l&cat=p&typeid=i","cat":284521},{"id":37862,"n":"Couches Bébé Eco+ T5 - x52 changes","p":6.94,"u":"0,13 €/P","img":"https://fd1-photos.leclercdrive.fr/image.ashx?id=2487144&use=l&cat=p&typeid=i","cat":284737},{"id":37863,"n":"Compresses stériles Primoplast Ultra-douces x20","p":2.6,"u":"0,13 €/P","img":"https://fd1-photos.leclercdrive.fr/image.ashx?id=2832960&use=l&cat=p&typeid=i","cat":284630},{"id":37864,"n":"Bouchons oreilles Primoplast Mousse x8","p":3.99,"u":"0,50 €/P","img":"https://fd1-photos.leclercdrive.fr/image.ashx?id=2856513&use=l&cat=p&typeid=i","cat":284630},{"id":38000,"n":"Shampooing douche Petit Manava Pomme-poire - 500ml","p":2.19,"u":"4,38 €/L","img":"https://fd1-photos.leclercdrive.fr/image.ashx?id=2403694&use=l&cat=p&typeid=i","cat":284606},{"id":38022,"n":"Barquette allégée Elle&Vire Doux - 20% MG - 250g","p":1.83,"u":"7,32 €/KG","img":"https://fd1-photos.leclercdrive.fr/image.ashx?id=2763460&use=l&cat=p&typeid=i","cat":284379},{"id":38027,"n":"Quinoa gourmand Tipiak 400g","p":2.43,"u":"6,08 €/KG","img":"https://fd1-photos.leclercdrive.fr/image.ashx?id=2640617&use=l&cat=p&typeid=i","cat":284429},{"id":38035,"n":"Shampooing Petit Nateis 2en1 Enfants - 250ml","p":1.35,"u":"5,40 €/L","img":"https://fd1-photos.leclercdrive.fr/image.ashx?id=2626799&use=l&cat=p&typeid=i","cat":284606},{"id":38054,"n":"Thé glacé pétillant Liptonic  Ice Tea Pêche - 1,5L","p":2.09,"u":"1,39 €/L","img":"https://fd1-photos.leclercdrive.fr/image.ashx?id=2159598&use=l&cat=p&typeid=i","cat":295019},{"id":38058,"n":"Sauce Samouraï Colona 840g","p":4.5,"u":"5,36 €/KG","img":"https://fd1-photos.leclercdrive.fr/image.ashx?id=2687140&use=l&cat=p&typeid=i","cat":318431},{"id":38100,"n":"Chocolat en poudre Nesquik Boîte 490g","p":3.8,"u":"7,76 €/KG","img":"https://fd1-photos.leclercdrive.fr/image.ashx?id=3005305&use=l&cat=p&typeid=i","cat":293235},{"id":38220,"n":"Pansements Primoplast Anti-ampoules x6","p":3.15,"img":"https://fd1-photos.leclercdrive.fr/image.ashx?id=2955716&use=l&cat=p&typeid=i","cat":284630},{"id":38226,"n":"Compresses stériles Primoplast Gaze x60","p":4.99,"u":"0,08 €/P","img":"https://fd1-photos.leclercdrive.fr/image.ashx?id=2834181&use=l&cat=p&typeid=i","cat":284630},{"id":38227,"n":"Compresses stériles Primoplast Gaze x10","p":1.3,"u":"0,13 €/P","img":"https://fd1-photos.leclercdrive.fr/image.ashx?id=2856510&use=l&cat=p&typeid=i","cat":284630},{"id":38228,"n":"Vaseline Primoplast Tube 50ml","p":1.47,"u":"29,40 €/L","img":"https://fd1-photos.leclercdrive.fr/image.ashx?id=2856519&use=l&cat=p&typeid=i","cat":284630},{"id":38230,"n":"Mouchoirs blancs 4 plis Caresse Pock kid mouchoirs papier x10","p":1.12,"u":"0,11 €/P","img":"https://fd1-photos.leclercdrive.fr/image.ashx?id=2856687&use=l&cat=p&typeid=i","cat":284638},{"id":38232,"n":"Mouchoirs blancs 3 plis Caresse Boîte décor aléatoire Kids -x60","p":1.75,"u":"0,03 €/P","img":"https://fd1-photos.leclercdrive.fr/image.ashx?id=2814432&use=l&cat=p&typeid=i","cat":284638},{"id":38234,"n":"Dessert - P'tit Brassé Nestlé Banane - dès 6 mois - 4x100g","p":2.05,"u":"5,13 €/KG","img":"https://fd1-photos.leclercdrive.fr/image.ashx?id=2615131&use=l&cat=p&typeid=i","cat":312392},{"id":38235,"n":"Dessert - P'tit Brassé Nestlé Framboise - dès 6 mois - 4x100g","p":1.74,"u":"4,35 €/KG","img":"https://fd1-photos.leclercdrive.fr/image.ashx?id=2604876&use=l&cat=p&typeid=i","cat":312392},{"id":38236,"n":"Dessert - P'tit Brassé Nestlé Abricot - dès 6 mois - 4x100g","p":1.78,"u":"4,45 €/KG","img":"https://fd1-photos.leclercdrive.fr/image.ashx?id=2600569&use=l&cat=p&typeid=i","cat":312392},{"id":38237,"n":"Dessert - P'tit Brassé Nestlé Poire - dès 6 mois - 4x100g","p":2.24,"u":"5,60 €/KG","img":"https://fd1-photos.leclercdrive.fr/image.ashx?id=2615756&use=l&cat=p&typeid=i","cat":312392},{"id":38238,"n":"Dessert - P'tit Brassé Nestlé Fraise - dès 6 mois - 4x100g","p":1.69,"u":"4,23 €/KG","img":"https://fd1-photos.leclercdrive.fr/image.ashx?id=2510187&use=l&cat=p&typeid=i","cat":312392},{"id":38239,"n":"Dessert - P'tit Brassé Nestlé Myrtille - dès 6 mois - 4x100g","p":1.93,"u":"4,83 €/KG","img":"https://fd1-photos.leclercdrive.fr/image.ashx?id=2583235&use=l&cat=p&typeid=i","cat":312392},{"id":38286,"n":"Bière blonde Paulaner WeissBier 5.5%vol. - 50cl","p":2.09,"u":"4,18 €/L","img":"https://fd1-photos.leclercdrive.fr/image.ashx?id=2354620&use=l&cat=p&typeid=i","cat":334872},{"id":38298,"n":"Matière grasse St Hubert Omega 3 - 52%mg - doux - 510g","p":3.5,"u":"6,86 €/KG","img":"https://fd1-photos.leclercdrive.fr/image.ashx?id=2734108&use=l&cat=p&typeid=i","cat":315229},{"id":38322,"n":"Compote Douceur du Verger Gourdes multivariétés - 20x90g","p":5.95,"u":"3,31 €/KG","img":"https://fd1-photos.leclercdrive.fr/image.ashx?id=2837060&use=l&cat=p&typeid=i","cat":284508},{"id":38337,"n":"Huile sèche corps Inell Nourrissante - 150ml","p":3.68,"u":"24,53 €/L","img":"https://fd1-photos.leclercdrive.fr/image.ashx?id=2604349&use=l&cat=p&typeid=i","cat":325349},{"id":38373,"n":"Rasoirs jetables Siliss 3 lames x6","p":1.98,"u":"0,50 €/P","img":"https://fd1-photos.leclercdrive.fr/image.ashx?id=2873549&use=l&cat=p&typeid=i","cat":325352},{"id":38374,"n":"Brosse à dents Dentamyl Super pro interdent x1","p":1.3,"img":"https://fd1-photos.leclercdrive.fr/image.ashx?id=2790970&use=l&cat=p&typeid=i","cat":284614},{"id":38379,"n":"Shampooing Manava Aux oeufs 500ml","p":1.0,"u":"2,00 €/L","img":"https://fd1-photos.leclercdrive.fr/image.ashx?id=2852243&use=l&cat=p&typeid=i","cat":284606},{"id":38380,"n":"Rasoir Gillette Proglide Flexball manuel x1","p":10.39,"img":"https://fd1-photos.leclercdrive.fr/image.ashx?id=2682394&use=l&cat=p&typeid=i","cat":284616},{"id":38510,"n":"Shampooing 2en1 Manava Lait amande douce - 500ml","p":1.0,"u":"2,00 €/L","img":"https://fd1-photos.leclercdrive.fr/image.ashx?id=1903860&use=l&cat=p&typeid=i","cat":284606},{"id":38524,"n":"Tendres perles Blé Tipiak Prêt en 5 min - 350g","p":1.66,"u":"4,74 €/KG","img":"https://fd1-photos.leclercdrive.fr/image.ashx?id=2640614&use=l&cat=p&typeid=i","cat":284429},{"id":38562,"n":"Cône Nestlé Extrême  Vanille de Madagascar x6 - 426g","p":3.49,"u":"8,19 €/KG","img":"https://fd1-photos.leclercdrive.fr/image.ashx?id=3000432&use=l&cat=p&typeid=i","cat":284264},{"id":38563,"n":"Cône Extrême Nestlé Chocolat intense 6x71g","p":3.5,"u":"8,22 €/KG","img":"https://fd1-photos.leclercdrive.fr/image.ashx?id=2353089&use=l&cat=p&typeid=i","cat":284264},{"id":38634,"n":"Compas Esquisse Coffret 3 pièces","p":1.99,"img":"https://fd1-photos.leclercdrive.fr/image.ashx?id=1678426&use=l&cat=p&typeid=i","cat":334133},{"id":38668,"n":"Shampooing Vitanove Eclat - Ultime gloss 250ml","p":1.79,"u":"7,16 €/L","img":"https://fd1-photos.leclercdrive.fr/image.ashx?id=1909564&use=l&cat=p&typeid=i","cat":284606},{"id":38705,"n":"Chocolat Pâtissier Nestlé Dessert - 2x205g","p":6.04,"u":"14,73 €/KG","img":"https://fd1-photos.leclercdrive.fr/image.ashx?id=2959491&use=l&cat=p&typeid=i","cat":285562},{"id":38724,"n":"Madeleines coquilles NRT 330g","p":3.29,"u":"9,97 €/KG","img":"https://fd1-photos.leclercdrive.fr/image.ashx?id=2704903&use=l&cat=p&typeid=i","cat":284492},{"id":38735,"n":"Lait de douche Manava Lait et miel - 250ml","p":0.94,"u":"3,76 €/L","img":"https://fd1-photos.leclercdrive.fr/image.ashx?id=2618338&use=l&cat=p&typeid=i","cat":284594},{"id":38744,"n":"Beurre allégé Les Croisés Demi-sel - 60% MG - 250g","p":1.89,"u":"7,56 €/KG","img":"https://fd1-photos.leclercdrive.fr/image.ashx?id=2897787&use=l&cat=p&typeid=i","cat":284379},{"id":38765,"n":"Soda Jean's Cola Cherry Bouteille - 1,5L","p":1.49,"u":"0,99 €/L","img":"https://fd1-photos.leclercdrive.fr/image.ashx?id=2637916&use=l&cat=p&typeid=i","cat":284530},{"id":38780,"n":"Shampooing Manava Anti-pelliculaire 500ml","p":1.0,"u":"2,00 €/L","img":"https://fd1-photos.leclercdrive.fr/image.ashx?id=1903863&use=l&cat=p&typeid=i","cat":284606},{"id":38781,"n":"Mouchoirs blancs 4 plis Caresse Boîte mouchoirs papier - x80","p":1.1,"u":"0,01 €/P","img":"https://fd1-photos.leclercdrive.fr/image.ashx?id=2801049&use=l&cat=p&typeid=i","cat":284638},{"id":38799,"n":"Essuie-tout Mimosa Demi-feuille - x3","p":4.9,"u":"1,63 €/P","img":"https://fd1-photos.leclercdrive.fr/image.ashx?id=2727389&use=l&cat=p&typeid=i","cat":284635},{"id":38800,"n":"Essuie-tout Déco Mimosa Maxi - x3","p":3.85,"u":"1,28 €/P","img":"https://fd1-photos.leclercdrive.fr/image.ashx?id=2727392&use=l&cat=p&typeid=i","cat":284635},{"id":38801,"n":"Déodorant spray Manava Vanille 100ml","p":1.35,"u":"13,50 €/L","img":"https://fd1-photos.leclercdrive.fr/image.ashx?id=2671408&use=l&cat=p&typeid=i","cat":284595},{"id":38802,"n":"Déodorant spray Manava Pierre d'alun/Aloe Vera - 100ml","p":1.39,"u":"13,90 €/L","img":"https://fd1-photos.leclercdrive.fr/image.ashx?id=3013609&use=l&cat=p&typeid=i","cat":284595},{"id":38803,"n":"Déodorant spray grenade Manava A l'huile sauge sclarée - 100ml","p":1.34,"u":"13,40 €/L","img":"https://fd1-photos.leclercdrive.fr/image.ashx?id=2656448&use=l&cat=p&typeid=i","cat":284595},{"id":38812,"n":"Pains au lait Pasquier x10 - 350g","p":1.4,"u":"4,00 €/KG","img":"https://fd1-photos.leclercdrive.fr/image.ashx?id=2576940&use=l&cat=p&typeid=i","cat":293505},{"id":38857,"n":"Fromage Boursin cuisine Ail & fines herbes - 240g","p":2.48,"u":"10,33 €/KG","img":"https://fd1-photos.leclercdrive.fr/image.ashx?id=2615418&use=l&cat=p&typeid=i","cat":314029},{"id":38868,"n":"Chips ondulées Pom'Lisse Poulet rôti - 135g","p":1.03,"u":"7,63 €/KG","img":"https://fd1-photos.leclercdrive.fr/image.ashx?id=2919625&use=l&cat=p&typeid=i","cat":284447},{"id":38869,"n":"Purée de tomates Turini Saveur basilic - 200g","p":0.79,"u":"3,95 €/KG","img":"https://fd1-photos.leclercdrive.fr/image.ashx?id=2174702&use=l&cat=p&typeid=i","cat":288384},{"id":38922,"n":"Tablette de chocolat noir Lindt Noir : Fleur de sel - 2x100g","p":4.84,"u":"24,20 €/KG","img":"https://fd1-photos.leclercdrive.fr/image.ashx?id=2153264&use=l&cat=p&typeid=i","cat":284956},{"id":38965,"n":"Champignon Découpe fraîche   250g","p":3.23,"u":"12,92 €/KG","img":"https://fd1-photos.leclercdrive.fr/image.ashx?id=635019&use=l&cat=p&typeid=i","cat":290299},{"id":38966,"n":"Chou fleur Découpe fraîche  250g","p":2.23,"u":"8,92 €/KG","img":"https://fd1-photos.leclercdrive.fr/image.ashx?id=733313&use=l&cat=p&typeid=i","cat":290299},{"id":38967,"n":"Poireaux Découpe fraîche   170g","p":1.46,"u":"8,59 €/KG","img":"https://fd1-photos.leclercdrive.fr/image.ashx?id=657602&use=l&cat=p&typeid=i","cat":290299},{"id":38985,"n":"Beurre Grand Fermage  Demi-sel - 80% MG - 250g","p":2.67,"u":"10,68 €/KG","img":"https://fd1-photos.leclercdrive.fr/image.ashx?id=2915569&use=l&cat=p&typeid=i","cat":284379},{"id":38994,"n":"Edulcorant liquide Ginko 200ml","p":6.23,"u":"31,15 €/L","img":"https://fd1-photos.leclercdrive.fr/image.ashx?id=2231055&use=l&cat=p&typeid=i","cat":324846},{"id":39009,"n":"Pain de mie complet Epi d'Or Extra moelleux - 500g","p":1.79,"u":"3,58 €/KG","img":"https://fd1-photos.leclercdrive.fr/image.ashx?id=2860742&use=l&cat=p&typeid=i","cat":284477},{"id":39020,"n":"AOP Haut Médoc rouge Château Barreyres - 75cl","p":10.95,"u":"14,60 €/L","img":"https://fd1-photos.leclercdrive.fr/image.ashx?id=2467769&use=l&cat=p&typeid=i","cat":289556},{"id":39024,"n":"AOP Entre-deux-mers blanc Cuvée Hortense - 75cl","p":4.96,"u":"6,61 €/L","img":"https://fd1-photos.leclercdrive.fr/image.ashx?id=2516068&use=l&cat=p&typeid=i","cat":289557},{"id":39056,"n":"AOC Côtes de Provence rosé Billette - BIB 3L","p":20.49,"u":"6,83 €/L","img":"https://fd1-photos.leclercdrive.fr/image.ashx?id=2863434&use=l&cat=p&typeid=i","cat":289560},{"id":39061,"n":"Film étirable Alfapac Rouleau 35m x 29cm","p":1.6,"img":"https://fd1-photos.leclercdrive.fr/image.ashx?id=2918268&use=l&cat=p&typeid=i","cat":334134},{"id":39067,"n":"Tablettes lave vaisselle Sun Classic x60 - 570g","p":7.29,"u":"12,79 €/KG","img":"https://fd1-photos.leclercdrive.fr/image.ashx?id=2775745&use=l&cat=p&typeid=i","cat":284656},{"id":39107,"n":"Gel lavant Manava Savon de Marseille - 300ml","p":1.06,"u":"3,53 €/L","img":"https://fd1-photos.leclercdrive.fr/image.ashx?id=2935498&use=l&cat=p&typeid=i","cat":284597},{"id":39122,"n":"Fromage de chèvre Soignon Bûche Sainte Maure - 300g","p":3.24,"u":"10,80 €/KG","img":"https://fd1-photos.leclercdrive.fr/image.ashx?id=2963331&use=l&cat=p&typeid=i","cat":314031},{"id":39145,"n":"Mouchoirs blancs 4 plis Caresse Etuis x15 - Mentholés","p":1.98,"u":"0,13 €/P","img":"https://fd1-photos.leclercdrive.fr/image.ashx?id=2572996&use=l&cat=p&typeid=i","cat":284638},{"id":39155,"n":"Chips La classique Vico Nature - 6x27,5g","p":1.79,"u":"10,85 €/KG","img":"https://fd1-photos.leclercdrive.fr/image.ashx?id=2917813&use=l&cat=p&typeid=i","cat":284447},{"id":39172,"n":"AOP Cabernet d'Anjou vin rosé Les Caractères - 75cl","p":3.99,"u":"5,32 €/L","img":"https://fd1-photos.leclercdrive.fr/image.ashx?id=2908846&use=l&cat=p&typeid=i","cat":289558},{"id":39182,"n":"Pain de mie 100% Mie Harrys Complet sans croûte Maxi - 650g","p":2.34,"u":"3,60 €/KG","img":"https://fd1-photos.leclercdrive.fr/image.ashx?id=2517438&use=l&cat=p&typeid=i","cat":284477},{"id":39233,"n":"AOP Côtes de Provence rosé Estandon - 75cl","p":7.14,"u":"9,52 €/L","img":"https://fd1-photos.leclercdrive.fr/image.ashx?id=2868966&use=l&cat=p&typeid=i","cat":289558},{"id":39265,"n":"AOC Picpoul de Pinet vin blanc Prieur Barsanne - 75cl","p":4.8,"u":"6,40 €/L","img":"https://fd1-photos.leclercdrive.fr/image.ashx?id=2705083&use=l&cat=p&typeid=i","cat":289557},{"id":39266,"n":"AOP Corse vin rosé Terres Ocrées - 75cl","p":4.99,"u":"6,65 €/L","img":"https://fd1-photos.leclercdrive.fr/image.ashx?id=2865242&use=l&cat=p&typeid=i","cat":289558},{"id":39267,"n":"AOC Languedoc vin rosé Prieur Barsanne - 75cl","p":2.99,"u":"3,99 €/L","img":"https://fd1-photos.leclercdrive.fr/image.ashx?id=2886460&use=l&cat=p&typeid=i","cat":289558},{"id":39268,"n":"AOP Bergerac vin blanc sec Terrasses d'Autan - 75cl","p":2.99,"u":"3,99 €/L","img":"https://fd1-photos.leclercdrive.fr/image.ashx?id=2858108&use=l&cat=p&typeid=i","cat":289557},{"id":39270,"n":"AOP Touraine Sauvignon vin Blanc - Les Caractères - 75cl","p":4.99,"u":"6,65 €/L","img":"https://fd1-photos.leclercdrive.fr/image.ashx?id=2699693&use=l&cat=p&typeid=i","cat":289557},{"id":39271,"n":"AOP Alsace Pinot gris  vin blanc Rebmann - 75 cl","p":4.99,"u":"6,65 €/L","img":"https://fd1-photos.leclercdrive.fr/image.ashx?id=2907467&use=l&cat=p&typeid=i","cat":289557},{"id":39272,"n":"AOP Bourgogne Chardonnay vin blanc Antoine Barrier - 75cl","p":6.99,"u":"9,32 €/L","img":"https://fd1-photos.leclercdrive.fr/image.ashx?id=2925973&use=l&cat=p&typeid=i","cat":289557},{"id":39338,"n":"Moutarde Savora Amora 385g","p":2.27,"u":"5,90 €/KG","img":"https://fd1-photos.leclercdrive.fr/image.ashx?id=2775685&use=l&cat=p&typeid=i","cat":288850},{"id":39339,"n":"Moutarde Amora Fine & douce - 190g","p":1.61,"u":"8,47 €/KG","img":"https://fd1-photos.leclercdrive.fr/image.ashx?id=2738791&use=l&cat=p&typeid=i","cat":288850},{"id":39348,"n":"Doseur de lait Mots d'Enfants x1","p":2.95,"img":"https://fd1-photos.leclercdrive.fr/image.ashx?id=1274905&use=l&cat=p&typeid=i","cat":289435},{"id":39351,"n":"Tétine silicone Nuk Base large Taille 1 - x2","p":4.1,"u":"2,05 €/P","img":"https://fd1-photos.leclercdrive.fr/image.ashx?id=1971257&use=l&cat=p&typeid=i","cat":284743},{"id":39376,"n":"Pur jus d'orange Tropicana Sans pulpe - 1,5L","p":3.31,"u":"2,21 €/L","img":"https://fd1-photos.leclercdrive.fr/image.ashx?id=2509637&use=l&cat=p&typeid=i","cat":284521},{"id":39388,"n":"Haricots verts Bio Village Bio - 360g","p":1.89,"u":"5,25 €/KG","img":"https://fd1-photos.leclercdrive.fr/image.ashx?id=3002659&use=l&cat=p&typeid=i","cat":312606},{"id":39389,"n":"Haricots beurre Notre Jardin Extra fins 1kg","p":2.29,"u":"2,29 €/KG","img":"https://fd1-photos.leclercdrive.fr/image.ashx?id=2431134&use=l&cat=p&typeid=i","cat":319805},{"id":39417,"n":"Boisson Sunny Delight Florida - 1,25L","p":2.22,"u":"1,78 €/L","img":"https://fd1-photos.leclercdrive.fr/image.ashx?id=2309960&use=l&cat=p&typeid=i","cat":285435},{"id":39418,"n":"Boisson Sunny Delight Doux California - 1,25L","p":2.26,"u":"1,81 €/L","img":"https://fd1-photos.leclercdrive.fr/image.ashx?id=2309963&use=l&cat=p&typeid=i","cat":285435},{"id":39421,"n":"Jus innocent pomme 900ml","p":2.73,"u":"3,03 €/L","img":"https://fd1-photos.leclercdrive.fr/image.ashx?id=2891703&use=l&cat=p&typeid=i","cat":284354},{"id":39443,"n":"Jus innocent  orange avec pulpe 1.5L","p":3.98,"u":"2,65 €/L","img":"https://fd1-photos.leclercdrive.fr/image.ashx?id=2891223&use=l&cat=p&typeid=i","cat":285435},{"id":39444,"n":"Jus innocent orange avec pulpe 900ml","p":2.81,"u":"3,12 €/L","img":"https://fd1-photos.leclercdrive.fr/image.ashx?id=2891700&use=l&cat=p&typeid=i","cat":285435},{"id":39445,"n":"Confiture Douceur Du Verger Extra myrtilles allegée - 340g","p":1.89,"u":"5,56 €/KG","img":"https://fd1-photos.leclercdrive.fr/image.ashx?id=2965515&use=l&cat=p&typeid=i","cat":284480},{"id":39472,"n":"Mousse aux oeufs Bonne Maman Chocolat au lait - 4x50g","p":2.31,"u":"11,55 €/KG","img":"https://fd1-photos.leclercdrive.fr/image.ashx?id=2571512&use=l&cat=p&typeid=i","cat":284417},{"id":39480,"n":"Chips ondulées Pom'Lisse Nature - 6x30g","p":1.55,"u":"8,61 €/KG","img":"https://fd1-photos.leclercdrive.fr/image.ashx?id=2728246&use=l&cat=p&typeid=i","cat":284447},{"id":39482,"n":"Brownie P'tit Déli Chocolat noisette - 240g","p":1.85,"u":"7,71 €/KG","img":"https://fd1-photos.leclercdrive.fr/image.ashx?id=2540954&use=l&cat=p&typeid=i","cat":294776},{"id":39485,"n":"Barre chocolatée Balisto Miel amande - x10 barres - 185g","p":3.05,"u":"16,49 €/KG","img":"https://fd1-photos.leclercdrive.fr/image.ashx?id=1930977&use=l&cat=p&typeid=i","cat":284498},{"id":39497,"n":"Barre chocolatée P'tit Déli Bille de riz - 162g","p":1.5,"u":"9,26 €/KG","img":"https://fd1-photos.leclercdrive.fr/image.ashx?id=2529599&use=l&cat=p&typeid=i","cat":284488},{"id":39498,"n":"Biscottes Epi d'Or Gout brioché x36 - 300g","p":1.51,"u":"5,03 €/KG","img":"https://fd1-photos.leclercdrive.fr/image.ashx?id=2684028&use=l&cat=p&typeid=i","cat":284479},{"id":39502,"n":"Biscuits Cookies P'tit Déli Coeur fondant noisette - 200g","p":1.44,"u":"7,20 €/KG","img":"https://fd1-photos.leclercdrive.fr/image.ashx?id=2577296&use=l&cat=p&typeid=i","cat":325066},{"id":39503,"n":"Chocolat Pâtissier Tablette dOr Praliné - 200g","p":2.15,"u":"10,75 €/KG","img":"https://fd1-photos.leclercdrive.fr/image.ashx?id=2565619&use=l&cat=p&typeid=i","cat":285562},{"id":39509,"n":"Pain au seigle complet Epi d'Or 500g","p":1.83,"u":"3,66 €/KG","img":"https://fd1-photos.leclercdrive.fr/image.ashx?id=1879287&use=l&cat=p&typeid=i","cat":325069},{"id":39511,"n":"Thé lady grey Twinings x20 sachets -  40g","p":2.51,"u":"62,75 €/KG","img":"https://fd1-photos.leclercdrive.fr/image.ashx?id=2875552&use=l&cat=p&typeid=i","cat":293233},{"id":39514,"n":"Soupe Velouté Regal Soupe Cèpes et bolets - 1L","p":2.25,"u":"2,25 €/L","img":"https://fd1-photos.leclercdrive.fr/image.ashx?id=2607545&use=l&cat=p&typeid=i","cat":284462},{"id":39515,"n":"Friandises pour chien Lydog Sticks au poulet - x5 - 42g","p":0.92,"u":"21,90 €/KG","img":"https://fd1-photos.leclercdrive.fr/image.ashx?id=1947268&use=l&cat=p&typeid=i","cat":294527},{"id":39517,"n":"Thé vert Twinings Citron x25 sachets -50g","p":2.28,"u":"45,60 €/KG","img":"https://fd1-photos.leclercdrive.fr/image.ashx?id=2893012&use=l&cat=p&typeid=i","cat":293233},{"id":39521,"n":"Cacahuètes enrobées Tokapi Salées - 150g","p":0.85,"u":"5,67 €/KG","img":"https://fd1-photos.leclercdrive.fr/image.ashx?id=2790525&use=l&cat=p&typeid=i","cat":284448},{"id":39522,"n":"Cacahuètes enrobées Tokapi Bacon - 150g","p":0.85,"u":"5,67 €/KG","img":"https://fd1-photos.leclercdrive.fr/image.ashx?id=2790528&use=l&cat=p&typeid=i","cat":284448},{"id":39523,"n":"Cacahuètes enrobées Tokapi Paprika - 150g","p":0.97,"u":"6,47 €/KG","img":"https://fd1-photos.leclercdrive.fr/image.ashx?id=2790531&use=l&cat=p&typeid=i","cat":284448},{"id":39524,"n":"Cacahuètes enrobées Tokapi Epicées - 150g","p":0.85,"u":"5,67 €/KG","img":"https://fd1-photos.leclercdrive.fr/image.ashx?id=2033239&use=l&cat=p&typeid=i","cat":284448},{"id":39529,"n":"Jus de citron Rustica Sicile - 50cl","p":1.67,"u":"3,34 €/L","img":"https://fd1-photos.leclercdrive.fr/image.ashx?id=2974804&use=l&cat=p&typeid=i","cat":288383},{"id":39530,"n":"Dessert bébé BabyBio Bio 6 mois Pomme / Fraise - 260g","p":2.04,"u":"7,85 €/KG","img":"https://fd1-photos.leclercdrive.fr/image.ashx?id=2827509&use=l&cat=p&typeid=i","cat":312388},{"id":39531,"n":"Compote bébé Babybio Bio 4 mois Pomme / Mangue - 260g","p":1.98,"u":"7,62 €/KG","img":"https://fd1-photos.leclercdrive.fr/image.ashx?id=2827500&use=l&cat=p&typeid=i","cat":312387},{"id":39532,"n":"Repas bébé Bio Babybio - 4 mois Bio Patate douce - 260g","p":2.01,"u":"7,73 €/KG","img":"https://fd1-photos.leclercdrive.fr/image.ashx?id=2837760&use=l&cat=p&typeid=i","cat":312234},{"id":39534,"n":"Barres énergétiques Ovomaltine x5 barres - 100g","p":2.41,"u":"24,10 €/KG","img":"https://fd1-photos.leclercdrive.fr/image.ashx?id=2413029&use=l&cat=p&typeid=i","cat":318652},{"id":39545,"n":"Soupe Poule au pot Régal Soupe  Déshydratée - 72g","p":0.84,"u":"11,67 €/KG","img":"https://fd1-photos.leclercdrive.fr/image.ashx?id=2656381&use=l&cat=p&typeid=i","cat":284463},{"id":39548,"n":"Haricots verts Notre Jardin Extra fins - 3x110g","p":1.83,"u":"5,55 €/KG","img":"https://fd1-photos.leclercdrive.fr/image.ashx?id=3002605&use=l&cat=p&typeid=i","cat":312606},{"id":39550,"n":"Sirop d'agave bio Bio Village 345g","p":1.99,"u":"5,77 €/KG","img":"https://fd1-photos.leclercdrive.fr/image.ashx?id=2175777&use=l&cat=p&typeid=i","cat":287643},{"id":39551,"n":"Tablettes pour chien Lydog Boeuf, poulet, agneau - 104g","p":1.22,"u":"11,73 €/KG","img":"https://fd1-photos.leclercdrive.fr/image.ashx?id=1947265&use=l&cat=p&typeid=i","cat":294527},{"id":39554,"n":"Mélange 4 champignons N.Jardin 230g","p":2.57,"u":"11,17 €/KG","img":"https://fd1-photos.leclercdrive.fr/image.ashx?id=2072719&use=l&cat=p&typeid=i","cat":312610},{"id":39555,"n":"Repas bébé bio Babybio - 6 mois Veau / Légumes - 2x200g","p":3.03,"u":"7,58 €/KG","img":"https://fd1-photos.leclercdrive.fr/image.ashx?id=2850545&use=l&cat=p&typeid=i","cat":312236},{"id":39556,"n":"Gaufres liégeoises P'tit Déli Sucrées - 550g","p":2.69,"u":"4,89 €/KG","img":"https://fd1-photos.leclercdrive.fr/image.ashx?id=2430219&use=l&cat=p&typeid=i","cat":294777},{"id":39558,"n":"Croquettes chat Tous mes amis Stérilisés - 2kg","p":3.24,"u":"1,62 €/KG","img":"https://fd1-photos.leclercdrive.fr/image.ashx?id=2301490&use=l&cat=p&typeid=i","cat":284680},{"id":39559,"n":"Céréales Jordans Spécial Muesli Fruits et Noix - 750g","p":3.49,"u":"4,65 €/KG","img":"https://fd1-photos.leclercdrive.fr/image.ashx?id=2966770&use=l&cat=p&typeid=i","cat":309512},{"id":39560,"n":"Duo Haricots verts et beurre Notre Jardin - 455g","p":1.99,"u":"4,37 €/KG","img":"https://fd1-photos.leclercdrive.fr/image.ashx?id=2291408&use=l&cat=p&typeid=i","cat":312606},{"id":39561,"n":"Petits pots bio Babybio Carotte boeuf - 8mois 2x200g","p":3.65,"u":"9,13 €/KG","img":"https://fd1-photos.leclercdrive.fr/image.ashx?id=2733286&use=l&cat=p&typeid=i","cat":312236},{"id":39562,"n":"Céréales Bio Jordans Muesli - 500g","p":2.91,"u":"5,82 €/KG","img":"https://fd1-photos.leclercdrive.fr/image.ashx?id=2475897&use=l&cat=p&typeid=i","cat":309512},{"id":39566,"n":"Repas bébé Babynat 6 mois Cabillaud Légumes - 2x200g","p":3.17,"u":"7,93 €/KG","img":"https://fd1-photos.leclercdrive.fr/image.ashx?id=2832008&use=l&cat=p&typeid=i","cat":312235},{"id":39569,"n":"Céréales Jordans Country Crisp Chocolat Noir 70% - 550g","p":3.61,"u":"6,56 €/KG","img":"https://fd1-photos.leclercdrive.fr/image.ashx?id=3000836&use=l&cat=p&typeid=i","cat":309512},{"id":39570,"n":"Céréales Jordans Country Crisp 4 Noix - 550g","p":3.08,"u":"5,60 €/KG","img":"https://fd1-photos.leclercdrive.fr/image.ashx?id=2973487&use=l&cat=p&typeid=i","cat":309512},{"id":39572,"n":"Biscuits batonnets P'tit Déli Chocolat au lait 90g","p":1.29,"u":"14,33 €/KG","img":"https://fd1-photos.leclercdrive.fr/image.ashx?id=2927182&use=l&cat=p&typeid=i","cat":284488},{"id":39616,"n":"Sirop Moulin de Valdonne Fraise - 70cl","p":3.29,"u":"4,70 €/L","img":"https://fd1-photos.leclercdrive.fr/image.ashx?id=2170559&use=l&cat=p&typeid=i","cat":295020},{"id":39617,"n":"Sirop Moulin de Valdonne Menthe - 70cl","p":2.98,"u":"4,26 €/L","img":"https://fd1-photos.leclercdrive.fr/image.ashx?id=2170550&use=l&cat=p&typeid=i","cat":295020},{"id":39621,"n":"Boisson énergisante Red Bull 4x355ml","p":6.31,"u":"4,44 €/L","img":"https://fd1-photos.leclercdrive.fr/image.ashx?id=3011983&use=l&cat=p&typeid=i","cat":284533},{"id":39704,"n":"Recharge de gaz Clairgaz Butane - 6kg","p":21.9,"u":"3,65 €/KG","img":"https://fd1-photos.leclercdrive.fr/image.ashx?id=764893&use=l&cat=p&typeid=i","cat":335916},{"id":39705,"n":"Détendeur spécifique Clairgaz Butane - 6kg","p":7.5,"img":"https://fd1-photos.leclercdrive.fr/image.ashx?id=770494&use=l&cat=p&typeid=i","cat":335916},{"id":39710,"n":"Recharge de gaz Butagaz Butane - 13kg","p":40.0,"u":"3,08 €/KG","img":"https://fd1-photos.leclercdrive.fr/image.ashx?id=1752358&use=l&cat=p&typeid=i","cat":335916},{"id":39711,"n":"Recharge de gaz Butagaz Propane - Cube - 5kg","p":24.0,"u":"4,80 €/KG","img":"https://fd1-photos.leclercdrive.fr/image.ashx?id=1759306&use=l&cat=p&typeid=i","cat":335916},{"id":39712,"n":"Recharge de gaz Butagaz Propane - 13kg","p":40.0,"u":"3,08 €/KG","img":"https://fd1-photos.leclercdrive.fr/image.ashx?id=1752361&use=l&cat=p&typeid=i","cat":335916},{"id":39735,"n":"Huile Isio 4 Lesieur Stop goutte - 675ml","p":2.82,"u":"4,18 €/L","img":"https://fd1-photos.leclercdrive.fr/image.ashx?id=2916015&use=l&cat=p&typeid=i","cat":284453},{"id":39740,"n":"Tortilla dürüm Antalya 12x30cm","p":3.53,"u":"2,94 €/KG","img":"https://fd1-photos.leclercdrive.fr/image.ashx?id=1594844&use=l&cat=p&typeid=i","cat":288993},{"id":39768,"n":"Préparation de fruits Myrtilles  Lucien Georgelin 320g","p":2.67,"u":"8,34 €/KG","img":"https://fd1-photos.leclercdrive.fr/image.ashx?id=1953840&use=l&cat=p&typeid=i","cat":284480},{"id":39769,"n":"Préparation de fruits Figues  rouges Lucien Georgelin 320g","p":2.11,"u":"6,59 €/KG","img":"https://fd1-photos.leclercdrive.fr/image.ashx?id=1611755&use=l&cat=p&typeid=i","cat":284480},{"id":39770,"n":"Edulcorant Canderel Pot, poudre 80g","p":2.36,"u":"29,50 €/KG","img":"https://fd1-photos.leclercdrive.fr/image.ashx?id=2811020&use=l&cat=p&typeid=i","cat":324846},{"id":39775,"n":"Délice de yaourts Alsace Lait Framboise - 4x125g","p":2.69,"u":"5,38 €/KG","img":"https://fd1-photos.leclercdrive.fr/image.ashx?id=2204072&use=l&cat=p&typeid=i","cat":284410},{"id":39776,"n":"Délice de yaourt Alsace Lait Mirabelle - 4x125g","p":2.63,"u":"5,26 €/KG","img":"https://fd1-photos.leclercdrive.fr/image.ashx?id=2204069&use=l&cat=p&typeid=i","cat":284410},{"id":39777,"n":"AOP Crémant d'Alsace Blanc Brut Arthur Metz - 75cl","p":7.1,"u":"9,47 €/L","img":"https://fd1-photos.leclercdrive.fr/image.ashx?id=2422926&use=l&cat=p&typeid=i","cat":284544},{"id":39783,"n":"Liqueur Malibu Coco 18% vol - 1L","p":15.45,"u":"15,45 €/L","img":"https://fd1-photos.leclercdrive.fr/image.ashx?id=2396881&use=l&cat=p&typeid=i","cat":284551},{"id":39793,"n":"Feuilleté toast Kauffer's x36 - 500g","p":5.09,"u":"10,18 €/KG","img":"https://fd1-photos.leclercdrive.fr/image.ashx?id=1627899&use=l&cat=p&typeid=i","cat":319774},{"id":39794,"n":"Feuilleté canapé Kauffer's x36 - 500g","p":6.59,"u":"13,18 €/KG","img":"https://fd1-photos.leclercdrive.fr/image.ashx?id=1657663&use=l&cat=p&typeid=i","cat":319774},{"id":39808,"n":"Dosettes café Warca Bistro Bio - x48 - 336g","p":6.61,"u":"19,67 €/KG","img":"https://fd1-photos.leclercdrive.fr/image.ashx?id=2416715&use=l&cat=p&typeid=i","cat":293238},{"id":39811,"n":"Bretzels Boehli 300g","p":1.75,"u":"5,83 €/KG","img":"https://fd1-photos.leclercdrive.fr/image.ashx?id=2584163&use=l&cat=p&typeid=i","cat":297000},{"id":39827,"n":"Sauce Algerienne Colona 500ml","p":3.05,"u":"6,10 €/L","img":"https://fd1-photos.leclercdrive.fr/image.ashx?id=2687182&use=l&cat=p&typeid=i","cat":318431},{"id":39856,"n":"Sirop Frucci  Citron vert - 75cl","p":3.29,"u":"4,39 €/L","img":"https://fd1-photos.leclercdrive.fr/image.ashx?id=2842307&use=l&cat=p&typeid=i","cat":295020},{"id":39858,"n":"Sirop Frucci Fruits exotiques - 75cl","p":2.65,"u":"3,53 €/L","img":"https://fd1-photos.leclercdrive.fr/image.ashx?id=2842313&use=l&cat=p&typeid=i","cat":295020},{"id":39870,"n":"Jus multifruits Jafaden 4x20cl","p":2.94,"u":"3,68 €/L","img":"https://fd1-photos.leclercdrive.fr/image.ashx?id=2802296&use=l&cat=p&typeid=i","cat":284524},{"id":39871,"n":"Pur jus d'orange Jafaden 4x20cl","p":3.33,"u":"4,16 €/L","img":"https://fd1-photos.leclercdrive.fr/image.ashx?id=2802293&use=l&cat=p&typeid=i","cat":284521},{"id":39872,"n":"Pur jus d'ananas Jafaden 4x20cl","p":3.35,"u":"4,19 €/L","img":"https://fd1-photos.leclercdrive.fr/image.ashx?id=2553333&use=l&cat=p&typeid=i","cat":284524},{"id":39889,"n":"Tendres perles Blé Tipiak Prêt en 4 min - 700g","p":3.35,"u":"4,79 €/KG","img":"https://fd1-photos.leclercdrive.fr/image.ashx?id=2789095&use=l&cat=p&typeid=i","cat":284429},{"id":39890,"n":"Chicorée soluble Plantation nature - 200g","p":3.41,"u":"17,05 €/KG","img":"https://fd1-photos.leclercdrive.fr/image.ashx?id=2834308&use=l&cat=p&typeid=i","cat":284843},{"id":39894,"n":"Bière blanche Hilbörg 4,5%vol. -  6x25cl","p":3.45,"u":"2,30 €/L","img":"https://fd1-photos.leclercdrive.fr/image.ashx?id=2913706&use=l&cat=p&typeid=i","cat":334878},{"id":39903,"n":"Pâté de campagne à l'Andouille NRT -180g","p":1.98,"u":"11,00 €/KG","img":"https://fd1-photos.leclercdrive.fr/image.ashx?id=2560512&use=l&cat=p&typeid=i","cat":305149},{"id":39934,"n":"Yaourts à la Grecque Délisse Nature - 8x125g","p":2.15,"u":"2,15 €/KG","img":"https://fd1-photos.leclercdrive.fr/image.ashx?id=2699480&use=l&cat=p&typeid=i","cat":314999},{"id":39941,"n":"Laque Fixation Forte 24h Dop Vivelle - 250ml","p":4.12,"u":"16,48 €/L","img":"https://fd1-photos.leclercdrive.fr/image.ashx?id=2457239&use=l&cat=p&typeid=i","cat":284609},{"id":39942,"n":"Laque Fixation 24H Extrême Dop Vivelle - 250ml","p":4.21,"u":"16,84 €/L","img":"https://fd1-photos.leclercdrive.fr/image.ashx?id=2575624&use=l&cat=p&typeid=i","cat":284609},{"id":39943,"n":"Laque fixation Extra-Forte Dop Vivelle - 250ml","p":4.03,"u":"16,12 €/L","img":"https://fd1-photos.leclercdrive.fr/image.ashx?id=2457236&use=l&cat=p&typeid=i","cat":284609},{"id":39946,"n":"Crème de nuit L'Oréal Paris Revitalift anti-rides - 50ml","p":7.7,"u":"154,00 €/L","img":"https://fd1-photos.leclercdrive.fr/image.ashx?id=2865869&use=l&cat=p&typeid=i","cat":325345},{"id":39947,"n":"Soin de jour L'Oréal Paris Revitalift Anti-rides - 50ml","p":7.85,"u":"157,00 €/L","img":"https://fd1-photos.leclercdrive.fr/image.ashx?id=2851078&use=l&cat=p&typeid=i","cat":325345},{"id":39950,"n":"Yaourts Lait de brebis Délisse Nature - 4x125g","p":2.19,"u":"4,38 €/KG","img":"https://fd1-photos.leclercdrive.fr/image.ashx?id=1872007&use=l&cat=p&typeid=i","cat":314998},{"id":39951,"n":"Crème dessert Délisse Pistache - 4x125g","p":0.95,"u":"1,90 €/KG","img":"https://fd1-photos.leclercdrive.fr/image.ashx?id=2441333&use=l&cat=p&typeid=i","cat":285041},{"id":39953,"n":"crème dessert chocolat danette pop billes 3 chocolats - 4x117g","p":2.5,"u":"5,34 €/KG","img":"https://fd1-photos.leclercdrive.fr/image.ashx?id=2926230&use=l&cat=p&typeid=i","cat":285041},{"id":39961,"n":"Emiettés de sardines Gastromer Citron - 150g","p":1.99,"pp":1.31,"u":"8,73 €/KG","img":"https://fd1-photos.leclercdrive.fr/image.ashx?id=1605758&use=l&cat=p&typeid=i","cat":285191},{"id":39970,"n":"Poivre noir moulu Ducros N°8 - 38g","p":2.09,"u":"55,00 €/KG","img":"https://fd1-photos.leclercdrive.fr/image.ashx?id=2311051&use=l&cat=p&typeid=i","cat":284457},{"id":39972,"n":"Basilic Ducros 11g","p":1.34,"u":"121,82 €/KG","img":"https://fd1-photos.leclercdrive.fr/image.ashx?id=2559469&use=l&cat=p&typeid=i","cat":298297},{"id":39973,"n":"Plat bébé Blédina 12 mois  Boulghour tomate saumon -2x200g","p":2.58,"u":"6,45 €/KG","img":"https://fd1-photos.leclercdrive.fr/image.ashx?id=2975083&use=l&cat=p&typeid=i","cat":312237},{"id":39974,"n":"Plat bébé Blédina 6 mois  Purée butternut poulet - 2x200g","p":2.63,"u":"6,58 €/KG","img":"https://fd1-photos.leclercdrive.fr/image.ashx?id=2975080&use=l&cat=p&typeid=i","cat":312236},{"id":39988,"n":"Crème de douche Manava Douceur de crème - 250ml","p":1.05,"u":"4,20 €/L","img":"https://fd1-photos.leclercdrive.fr/image.ashx?id=2699282&use=l&cat=p&typeid=i","cat":284594},{"id":39990,"n":"Savon Manava Fleur de Tiaré orchidée 100g","p":0.89,"u":"8,90 €/KG","img":"https://fd1-photos.leclercdrive.fr/image.ashx?id=2751898&use=l&cat=p&typeid=i","cat":284597},{"id":39992,"n":"Gel douche Manava Monoï de Polynésie 250ml","p":1.15,"u":"4,60 €/L","img":"https://fd1-photos.leclercdrive.fr/image.ashx?id=2626805&use=l&cat=p&typeid=i","cat":284594},{"id":39994,"n":"Lait douche Manava Fleur d'oranger 250ml","p":1.29,"u":"5,16 €/L","img":"https://fd1-photos.leclercdrive.fr/image.ashx?id=1636782&use=l&cat=p&typeid=i","cat":284594},{"id":39995,"n":"Recharge gel lavant Manava Savon de Marseil. Olive - 250ml","p":0.66,"u":"2,64 €/L","img":"https://fd1-photos.leclercdrive.fr/image.ashx?id=2935501&use=l&cat=p&typeid=i","cat":284597},{"id":40004,"n":"Saucisson Mini Justin Bridou  Bâton de Berger - 100g","p":2.3,"u":"23,00 €/KG","img":"https://fd1-photos.leclercdrive.fr/image.ashx?id=3011440&use=l&cat=p&typeid=i","cat":316006},{"id":40006,"n":"Houmous Extra l'Atelier Blini 175g","p":2.7,"u":"15,43 €/KG","img":"https://fd1-photos.leclercdrive.fr/image.ashx?id=2795093&use=l&cat=p&typeid=i","cat":315999},{"id":40010,"n":"Emiettés de thon chorizo  Gastromer - 150g","p":1.99,"pp":1.31,"u":"8,73 €/KG","img":"https://fd1-photos.leclercdrive.fr/image.ashx?id=2049910&use=l&cat=p&typeid=i","cat":285191},{"id":40017,"n":"Tzatziki Blini Extra - 175g","p":2.8,"u":"16,00 €/KG","img":"https://fd1-photos.leclercdrive.fr/image.ashx?id=2973703&use=l&cat=p&typeid=i","cat":315999},{"id":40027,"n":"Tartinable Thon Cap Océan MSC Fromage Frais Ciboulette - 140g","p":1.88,"u":"13,43 €/KG","img":"https://fd1-photos.leclercdrive.fr/image.ashx?id=2434425&use=l&cat=p&typeid=i","cat":285191},{"id":40034,"n":"Menthe Pastille Giffard 24%vol - 70cl","p":11.85,"pp":10.85,"u":"15,50 €/L","img":"https://fd1-photos.leclercdrive.fr/image.ashx?id=2529903&use=l&cat=p&typeid=i","cat":286032},{"id":40038,"n":"Bière Lindemans Kriek 3.5%vol. - 25cl","p":1.69,"u":"6,76 €/L","img":"https://fd1-photos.leclercdrive.fr/image.ashx?id=2830894&use=l&cat=p&typeid=i","cat":334872},{"id":40051,"n":"Crêpes bretonnes Saint Michel Nature - x12 - 315g","p":2.25,"u":"7,14 €/KG","img":"https://fd1-photos.leclercdrive.fr/image.ashx?id=2060238&use=l&cat=p&typeid=i","cat":284494},{"id":40089,"n":"Gel douche Manava Cranberry myrtille - 250ml","p":1.15,"u":"4,60 €/L","img":"https://fd1-photos.leclercdrive.fr/image.ashx?id=2626802&use=l&cat=p&typeid=i","cat":284594},{"id":40090,"n":"Lait corps Inell Nourrissant - 250ml","p":2.33,"u":"9,32 €/L","img":"https://fd1-photos.leclercdrive.fr/image.ashx?id=2691661&use=l&cat=p&typeid=i","cat":325349},{"id":40092,"n":"Saucisson sec Saint Azay Stick au noix 100g","p":1.99,"u":"19,90 €/KG","img":"https://fd1-photos.leclercdrive.fr/image.ashx?id=2469565&use=l&cat=p&typeid=i","cat":316006},{"id":40094,"n":"Saucissons secs Saint Azay Stick nature 100g","p":1.99,"u":"19,90 €/KG","img":"https://fd1-photos.leclercdrive.fr/image.ashx?id=2474128&use=l&cat=p&typeid=i","cat":316006},{"id":40101,"n":"Saucisson Saint-Azay  Fuet Catalan - 170 g","p":2.09,"u":"12,29 €/KG","img":"https://fd1-photos.leclercdrive.fr/image.ashx?id=2856302&use=l&cat=p&typeid=i","cat":316006},{"id":40107,"n":"Adoucissant Hyperdou Provence - 750ml","p":1.99,"u":"2,65 €/L","img":"https://fd1-photos.leclercdrive.fr/image.ashx?id=2614473&use=l&cat=p&typeid=i","cat":284650},{"id":40108,"n":"Adoucissant Hyperdou Rêve fraicheur - 750ml","p":1.89,"u":"2,52 €/L","img":"https://fd1-photos.leclercdrive.fr/image.ashx?id=2602850&use=l&cat=p&typeid=i","cat":284650},{"id":40122,"n":"AOP Côtes de Provence vin rosé Terres Ocrées - 75cl - 13%","p":4.99,"u":"6,65 €/L","img":"https://fd1-photos.leclercdrive.fr/image.ashx?id=2896895&use=l&cat=p&typeid=i","cat":289558},{"id":40133,"n":"Gaufrettes Paille d'Or LU Framboise - 170g","p":1.91,"u":"11,24 €/KG","img":"https://fd1-photos.leclercdrive.fr/image.ashx?id=2883753&use=l&cat=p&typeid=i","cat":284489},{"id":40137,"n":"Biscuits Pocket Petit Ecolier  LU Chocolat au lait - 250g","p":2.68,"u":"10,72 €/KG","img":"https://fd1-photos.leclercdrive.fr/image.ashx?id=3005326&use=l&cat=p&typeid=i","cat":284488},{"id":40138,"n":"Biscuits Petit Ecolier Chocolat au lait - 150g","p":1.72,"u":"11,47 €/KG","img":"https://fd1-photos.leclercdrive.fr/image.ashx?id=2323844&use=l&cat=p&typeid=i","cat":284488},{"id":40142,"n":"Compote Douceur du Verger Coupelle multivariétés -16x100g","p":3.99,"u":"2,49 €/KG","img":"https://fd1-photos.leclercdrive.fr/image.ashx?id=2663533&use=l&cat=p&typeid=i","cat":284508},{"id":40169,"n":"IGP Sel fin Le Guérandais  Label rouge - 250g","p":2.31,"u":"9,24 €/KG","img":"https://fd1-photos.leclercdrive.fr/image.ashx?id=2457887&use=l&cat=p&typeid=i","cat":284457},{"id":40180,"n":"Emiettés surimi crabe Gastromer 150g","p":1.99,"pp":1.31,"u":"8,73 €/KG","img":"https://fd1-photos.leclercdrive.fr/image.ashx?id=1605662&use=l&cat=p&typeid=i","cat":285191},{"id":40214,"n":"Sauce Pesto Barilla Basilic et Roquette - 190g","p":1.87,"u":"9,84 €/KG","img":"https://fd1-photos.leclercdrive.fr/image.ashx?id=2457980&use=l&cat=p&typeid=i","cat":287599},{"id":40215,"n":"Petit pot soir Babybio Bio P.pois maïs riz, 6 mois 2x200g","p":2.52,"u":"6,30 €/KG","img":"https://fd1-photos.leclercdrive.fr/image.ashx?id=2827476&use=l&cat=p&typeid=i","cat":312239},{"id":40217,"n":"Petits pots Babybio Bio Légumes jambon - 8mois 2x200g","p":3.01,"u":"7,53 €/KG","img":"https://fd1-photos.leclercdrive.fr/image.ashx?id=2838464&use=l&cat=p&typeid=i","cat":312236},{"id":40278,"n":"Barres glacées Twix  Caramel & Biscuit x6 - 205g","p":2.74,"u":"13,37 €/KG","img":"https://fd1-photos.leclercdrive.fr/image.ashx?id=2906742&use=l&cat=p&typeid=i","cat":284264},{"id":40279,"n":"Jus innocent orange sans pulpe 900ml","p":2.53,"u":"2,81 €/L","img":"https://fd1-photos.leclercdrive.fr/image.ashx?id=2736583&use=l&cat=p&typeid=i","cat":285435},{"id":40303,"n":"Coton Duo Démaquillants Inell Ovale - Aloé véra - Disques x60","p":1.69,"img":"https://fd1-photos.leclercdrive.fr/image.ashx?id=1926957&use=l&cat=p&typeid=i","cat":285593},{"id":40311,"n":"Biscuits cacao P'tit Déli Chocolat noir/blanc - 115g","p":2.0,"u":"17,39 €/KG","img":"https://fd1-photos.leclercdrive.fr/image.ashx?id=2566197&use=l&cat=p&typeid=i","cat":284488},{"id":40312,"n":"Cèpes déshydratés Notre Jardin 40g","p":3.11,"u":"77,75 €/KG","img":"https://fd1-photos.leclercdrive.fr/image.ashx?id=2403276&use=l&cat=p&typeid=i","cat":284352},{"id":40313,"n":"Madeleines marbrées P'tit Déli Chocolat 400g","p":2.15,"u":"5,38 €/KG","img":"https://fd1-photos.leclercdrive.fr/image.ashx?id=2646065&use=l&cat=p&typeid=i","cat":284492},{"id":40318,"n":"Mini cornichons Rustica 210g","p":2.03,"u":"9,67 €/KG","img":"https://fd1-photos.leclercdrive.fr/image.ashx?id=2916704&use=l&cat=p&typeid=i","cat":284458},{"id":40329,"n":"Chocolat en poudre Equador Pur Cacao non sucré - 250g","p":3.28,"u":"13,12 €/KG","img":"https://fd1-photos.leclercdrive.fr/image.ashx?id=2120290&use=l&cat=p&typeid=i","cat":284504},{"id":40330,"n":"Sablés P'tit Déli Pur beurre framboise - 100g","p":1.18,"u":"11,80 €/KG","img":"https://fd1-photos.leclercdrive.fr/image.ashx?id=2669747&use=l&cat=p&typeid=i","cat":284487},{"id":40332,"n":"Bière aromatisée Desperados 5.9%vol. - 20x25cl","p":18.49,"u":"3,70 €/L","img":"https://fd1-photos.leclercdrive.fr/image.ashx?id=2977300&use=l&cat=p&typeid=i","cat":334878},{"id":40336,"n":"Bière blonde Heineken 12x33cl","p":11.3,"u":"2,85 €/L","img":"https://fd1-photos.leclercdrive.fr/image.ashx?id=3008110&use=l&cat=p&typeid=i","cat":334873},{"id":40337,"n":"Morilles déshydratées Notre Jardin pot 30g","p":12.78,"u":"426,00 €/KG","img":"https://fd1-photos.leclercdrive.fr/image.ashx?id=2418332&use=l&cat=p&typeid=i","cat":284352},{"id":40342,"n":"Serviette Tena Lady - Maxi Night - x12","p":5.82,"u":"0,49 €/P","img":"https://fd1-photos.leclercdrive.fr/image.ashx?id=2597232&use=l&cat=p&typeid=i","cat":284628},{"id":40345,"n":"Cotons Démaquillants Demak'Up Original ovale x70","p":1.82,"u":"0,03 €/P","img":"https://fd1-photos.leclercdrive.fr/image.ashx?id=2791458&use=l&cat=p&typeid=i","cat":285593},{"id":40406,"n":"Purée de tomate Sacla'Italia Bio - 680g","p":1.82,"u":"2,68 €/KG","img":"https://fd1-photos.leclercdrive.fr/image.ashx?id=2507071&use=l&cat=p&typeid=i","cat":288384},{"id":40412,"n":"Thon entier Petit Navire Huile de tournesol - 160g","p":1.91,"u":"11,94 €/KG","img":"https://fd1-photos.leclercdrive.fr/image.ashx?id=2523846&use=l&cat=p&typeid=i","cat":303867},{"id":40430,"n":"Plat bébé soir Blédiner 8 mois  Patate douce carotte - 2x200g","p":2.18,"u":"5,45 €/KG","img":"https://fd1-photos.leclercdrive.fr/image.ashx?id=2902969&use=l&cat=p&typeid=i","cat":312239},{"id":40490,"n":"Compote Andros Pomme abricot - 8x100g","p":3.66,"u":"4,58 €/KG","img":"https://fd1-photos.leclercdrive.fr/image.ashx?id=2968097&use=l&cat=p&typeid=i","cat":284416},{"id":40491,"n":"Compotes Andros Pomme poire 8x100g","p":2.76,"u":"3,45 €/KG","img":"https://fd1-photos.leclercdrive.fr/image.ashx?id=2883943&use=l&cat=p&typeid=i","cat":284416},{"id":40494,"n":"Compotes Andros Pomme châtaigne 8x100g","p":2.88,"u":"3,60 €/KG","img":"https://fd1-photos.leclercdrive.fr/image.ashx?id=2988611&use=l&cat=p&typeid=i","cat":284416},{"id":40495,"n":"Gâteau mix max Balconi Cacao 350g","p":1.99,"u":"5,69 €/KG","img":"https://fd1-photos.leclercdrive.fr/image.ashx?id=2878408&use=l&cat=p&typeid=i","cat":284495},{"id":40516,"n":"Compote Douceur du Verger Gourdes multivariétés - 12x90g","p":4.09,"u":"3,79 €/KG","img":"https://fd1-photos.leclercdrive.fr/image.ashx?id=2837051&use=l&cat=p&typeid=i","cat":284508},{"id":40518,"n":"Kit burritos Old El Paso extra doux - 491g","p":4.72,"u":"9,61 €/KG","img":"https://fd1-photos.leclercdrive.fr/image.ashx?id=2759496&use=l&cat=p&typeid=i","cat":288993},{"id":40519,"n":"Kit fajitas Old El Paso extra doux - 478g","p":5.2,"u":"10,88 €/KG","img":"https://fd1-photos.leclercdrive.fr/image.ashx?id=2765405&use=l&cat=p&typeid=i","cat":288993},{"id":40612,"n":"Fromage de Brebis Etorki  180g","p":3.34,"u":"18,56 €/KG","img":"https://fd1-photos.leclercdrive.fr/image.ashx?id=2702816&use=l&cat=p&typeid=i","cat":329184},{"id":40620,"n":"Jus innocent  orange sans pulpe 1.5L","p":3.71,"u":"2,47 €/L","img":"https://fd1-photos.leclercdrive.fr/image.ashx?id=2889811&use=l&cat=p&typeid=i","cat":285435},{"id":40626,"n":"AOC Rosé de Loire vin rosé Les Caractères - 75cl","p":3.69,"u":"4,92 €/L","img":"https://fd1-photos.leclercdrive.fr/image.ashx?id=2756149&use=l&cat=p&typeid=i","cat":289558},{"id":40631,"n":"Levure Chimique Alsacienne alsa 8 sachets - 88g","p":0.7,"u":"7,95 €/KG","img":"https://fd1-photos.leclercdrive.fr/image.ashx?id=3009335&use=l&cat=p&typeid=i","cat":294686},{"id":40633,"n":"IGP Var rosé Restanques - 75cl","p":3.95,"u":"5,27 €/L","img":"https://fd1-photos.leclercdrive.fr/image.ashx?id=2753070&use=l&cat=p&typeid=i","cat":289558},{"id":40649,"n":"Pansement Primoplast Transparents x40","p":0.99,"u":"0,02 €/P","img":"https://fd1-photos.leclercdrive.fr/image.ashx?id=2832957&use=l&cat=p&typeid=i","cat":284630},{"id":40656,"n":"Gel douche Manava Surgras - 500ml","p":1.85,"u":"3,70 €/L","img":"https://fd1-photos.leclercdrive.fr/image.ashx?id=2799239&use=l&cat=p&typeid=i","cat":284594},{"id":40657,"n":"Gel douche Manava Hypoallergenique - 500ml","p":1.85,"u":"3,70 €/L","img":"https://fd1-photos.leclercdrive.fr/image.ashx?id=2799165&use=l&cat=p&typeid=i","cat":284594},{"id":40666,"n":"Antiseptique Primoplast Spray - 100ml","p":2.35,"u":"23,50 €/L","img":"https://fd1-photos.leclercdrive.fr/image.ashx?id=2856522&use=l&cat=p&typeid=i","cat":284630},{"id":40667,"n":"Shampooing Vitanove Nutrition - 750ml","p":3.99,"u":"5,32 €/L","img":"https://fd1-photos.leclercdrive.fr/image.ashx?id=2478925&use=l&cat=p&typeid=i","cat":284606},{"id":40676,"n":"Beurre Tendre Président Demi-sel - 80% MG - 250g","p":3.27,"u":"13,08 €/KG","img":"https://fd1-photos.leclercdrive.fr/image.ashx?id=2731420&use=l&cat=p&typeid=i","cat":284379},{"id":40736,"n":"Saumon fumé Labeyrie Norvège 2 tranches - 75g","p":4.59,"u":"61,20 €/KG","img":"https://fd1-photos.leclercdrive.fr/image.ashx?id=2729905&use=l&cat=p&typeid=i","cat":285188},{"id":40774,"n":"Lingettes nettoyantes La Croix Désinfectant Javel - x 25","p":1.54,"u":"0,06 €/P","img":"https://fd1-photos.leclercdrive.fr/image.ashx?id=2540106&use=l&cat=p&typeid=i","cat":325358},{"id":40776,"n":"Détachant avant lavage K2R  Tâche incrustée mousse  - 400mL","p":2.78,"u":"6,95 €/L","img":"https://fd1-photos.leclercdrive.fr/image.ashx?id=2101177&use=l&cat=p&typeid=i","cat":284651},{"id":40784,"n":"Cacahuètes caramélisées Tokapi 400 g","p":3.19,"u":"7,98 €/KG","img":"https://fd1-photos.leclercdrive.fr/image.ashx?id=2294336&use=l&cat=p&typeid=i","cat":284448},{"id":40787,"n":"Yaourt à la Grecque nature Bio Bio village - 2x150g","p":2.14,"u":"7,13 €/KG","img":"https://fd1-photos.leclercdrive.fr/image.ashx?id=2822772&use=l&cat=p&typeid=i","cat":314999},{"id":40789,"n":"Yaourts à boire Délisse Fraise - 8x100g","p":1.95,"u":"2,44 €/KG","img":"https://fd1-photos.leclercdrive.fr/image.ashx?id=2762504&use=l&cat=p&typeid=i","cat":284415},{"id":40790,"n":"Yaourt brassé Bio Bio Village Nature - 4x125g","p":1.2,"u":"2,40 €/KG","img":"https://fd1-photos.leclercdrive.fr/image.ashx?id=2064624&use=l&cat=p&typeid=i","cat":284409},{"id":40804,"n":"Capsule pour terrine Lepar Diamètre 82 - x12","p":7.88,"u":"0,66 €/P","img":"https://fd1-photos.leclercdrive.fr/image.ashx?id=2319505&use=l&cat=p&typeid=i","cat":284710},{"id":40805,"n":"Rondelle caoutchouc Le Parfait Diamètre 70 - x10","p":2.58,"u":"0,26 €/P","img":"https://fd1-photos.leclercdrive.fr/image.ashx?id=2807489&use=l&cat=p&typeid=i","cat":284710},{"id":40870,"n":"Purée de courgettes Florette 2x200g","p":2.98,"u":"7,45 €/KG","img":"https://fd1-photos.leclercdrive.fr/image.ashx?id=2790006&use=l&cat=p&typeid=i","cat":333665},{"id":40872,"n":"Ecrasé de légumes Florette Pomme de terre carottes 2x200g","p":2.93,"u":"7,33 €/KG","img":"https://fd1-photos.leclercdrive.fr/image.ashx?id=2767696&use=l&cat=p&typeid=i","cat":333665},{"id":40904,"n":"Pesto rosso Turini 190g","p":1.68,"u":"8,84 €/KG","img":"https://fd1-photos.leclercdrive.fr/image.ashx?id=2546257&use=l&cat=p&typeid=i","cat":287599},{"id":40908,"n":"Sauce pizza Tomapizza Panzani aux tomates et origan - 390g","p":1.38,"u":"3,54 €/KG","img":"https://fd1-photos.leclercdrive.fr/image.ashx?id=2744626&use=l&cat=p&typeid=i","cat":288384},{"id":40946,"n":"Whisky Chivas Regal 18 ans Blended Scotch 40% vol - 70cl","p":50.9,"pp":45.81,"u":"65,44 €/L","img":"https://fd1-photos.leclercdrive.fr/image.ashx?id=2884084&use=l&cat=p&typeid=i","cat":284547},{"id":40967,"n":"AOP Bourgogne Aligoté vin blanc Antoine Barrier - 75cl","p":6.49,"u":"8,65 €/L","img":"https://fd1-photos.leclercdrive.fr/image.ashx?id=2883011&use=l&cat=p&typeid=i","cat":289557},{"id":40968,"n":"AOP Bordeaux Supérieur rouge Château Labatut Prestige - 75cl","p":5.4,"pp":3.56,"u":"4,75 €/L","img":"https://fd1-photos.leclercdrive.fr/image.ashx?id=2860973&use=l&cat=p&typeid=i","cat":289556},{"id":40985,"n":"Chargeur piles Rapid' Foxter AA/HR6 & AAA/HR3 +4 piles HR6","p":19.99,"u":"Dont 0,10 € d'éco-part.","img":"https://fd1-photos.leclercdrive.fr/image.ashx?id=2162402&use=l&cat=p&typeid=i","cat":300572},{"id":40988,"n":"Détachant Ace Délicat Système 8+ 2L","p":4.78,"u":"2,39 €/L","img":"https://fd1-photos.leclercdrive.fr/image.ashx?id=2559152&use=l&cat=p&typeid=i","cat":284651},{"id":41002,"n":"Repas fraicheur pour chat Sheba Volaille en sauce - 6x50g","p":2.56,"u":"8,53 €/KG","img":"https://fd1-photos.leclercdrive.fr/image.ashx?id=2888097&use=l&cat=p&typeid=i","cat":285286},{"id":41004,"n":"Bâtonnets Dentastix Pedigree  Fresh Petit chien x7 - 110g","p":2.0,"u":"18,18 €/KG","img":"https://fd1-photos.leclercdrive.fr/image.ashx?id=2850168&use=l&cat=p&typeid=i","cat":294527},{"id":41006,"n":"Biscuits chien Pedigree Markies fourrés - 500g","p":1.75,"u":"3,50 €/KG","img":"https://fd1-photos.leclercdrive.fr/image.ashx?id=2254319&use=l&cat=p&typeid=i","cat":294527},{"id":41009,"n":"Friandises chat Catisfactions Fromage - 60g","p":1.19,"u":"19,83 €/KG","img":"https://fd1-photos.leclercdrive.fr/image.ashx?id=2912608&use=l&cat=p&typeid=i","cat":285285},{"id":41016,"n":"Sachet fraîcheur chat Sheba Poissons en sauce - 4x85g","p":2.01,"u":"5,91 €/KG","img":"https://fd1-photos.leclercdrive.fr/image.ashx?id=2759625&use=l&cat=p&typeid=i","cat":285286},{"id":41018,"n":"Pur jus d'ananas Jafaden Bouteille 1L","p":1.99,"u":"1,99 €/L","img":"https://fd1-photos.leclercdrive.fr/image.ashx?id=2956729&use=l&cat=p&typeid=i","cat":284916},{"id":41019,"n":"Pur jus de raisin Jafaden Bouteille 1L","p":1.54,"u":"1,54 €/L","img":"https://fd1-photos.leclercdrive.fr/image.ashx?id=2860757&use=l&cat=p&typeid=i","cat":284915},{"id":41020,"n":"Pur jus Jafaden Clémentine - 1L","p":1.91,"u":"1,91 €/L","img":"https://fd1-photos.leclercdrive.fr/image.ashx?id=2895786&use=l&cat=p&typeid=i","cat":284915},{"id":41022,"n":"Sachet fraicheur chat Sheba Thon cabillaud en sauce - 6x50g","p":2.57,"u":"8,57 €/KG","img":"https://fd1-photos.leclercdrive.fr/image.ashx?id=2347128&use=l&cat=p&typeid=i","cat":285286},{"id":41112,"n":"Préparation de fruits Cerises noires Lucien Georgelin 320g","p":2.48,"u":"7,75 €/KG","img":"https://fd1-photos.leclercdrive.fr/image.ashx?id=1638547&use=l&cat=p&typeid=i","cat":284480},{"id":41115,"n":"Pâté de campagne  Lucien Georgelin - 220g","p":2.63,"u":"11,95 €/KG","img":"https://fd1-photos.leclercdrive.fr/image.ashx?id=1623717&use=l&cat=p&typeid=i","cat":305149},{"id":41117,"n":"Vinaigre de nettoyage Clair Citron - 750ml","p":1.95,"u":"2,60 €/L","img":"https://fd1-photos.leclercdrive.fr/image.ashx?id=2949188&use=l&cat=p&typeid=i","cat":325365},{"id":41140,"n":"Filets maquereaux Pêche Océan Naturel - 95g","p":1.48,"u":"15,58 €/KG","img":"https://fd1-photos.leclercdrive.fr/image.ashx?id=2515685&use=l&cat=p&typeid=i","cat":303868},{"id":41147,"n":"Bain de bouche Dentamyl Expert Sensitive - 500ml","p":1.89,"u":"3,78 €/L","img":"https://fd1-photos.leclercdrive.fr/image.ashx?id=2594570&use=l&cat=p&typeid=i","cat":284613},{"id":41162,"n":"Olives Apéritives Cassées à l'ail - 250g","p":2.86,"u":"11,44 €/KG","img":"https://fd1-photos.leclercdrive.fr/image.ashx?id=2833696&use=l&cat=p&typeid=i","cat":316002},{"id":41168,"n":"Alcool pour fruits Dob 40° - 1L","p":15.9,"u":"15,90 €/L","img":"https://fd1-photos.leclercdrive.fr/image.ashx?id=2179356&use=l&cat=p&typeid=i","cat":286032},{"id":41188,"n":"Captain Morgan Original Spiced Boisson à base de rhum- 70cl","p":9.97,"u":"14,24 €/L","img":"https://fd1-photos.leclercdrive.fr/image.ashx?id=2518403&use=l&cat=p&typeid=i","cat":284551},{"id":41190,"n":"Liqueur de Whisky Jack Daniel's Honey 70cL","p":19.95,"pp":17.95,"u":"25,64 €/L","img":"https://fd1-photos.leclercdrive.fr/image.ashx?id=2973982&use=l&cat=p&typeid=i","cat":286032},{"id":41223,"n":"Chips natures paysannes Bret's Au sel de Guérande 250g","p":2.31,"u":"9,24 €/KG","img":"https://fd1-photos.leclercdrive.fr/image.ashx?id=2217651&use=l&cat=p&typeid=i","cat":284447},{"id":41236,"n":"Beurre gastronomique Président Demi-sel - 80% MG - 250g","p":2.83,"u":"11,32 €/KG","img":"https://fd1-photos.leclercdrive.fr/image.ashx?id=2962257&use=l&cat=p&typeid=i","cat":284379},{"id":41237,"n":"Beurre La Motte Président Doux - 82%mg - 250g","p":3.19,"u":"12,76 €/KG","img":"https://fd1-photos.leclercdrive.fr/image.ashx?id=2896955&use=l&cat=p&typeid=i","cat":284379},{"id":41238,"n":"Beurre La Motte Président Sel de mer - 80% MG - 250g","p":3.19,"u":"12,76 €/KG","img":"https://fd1-photos.leclercdrive.fr/image.ashx?id=2896958&use=l&cat=p&typeid=i","cat":284379},{"id":41265,"n":"Abricots pelés St Mamet Boîte 4/4 475g","p":3.65,"u":"7,68 €/KG","img":"https://fd1-photos.leclercdrive.fr/image.ashx?id=2593896&use=l&cat=p&typeid=i","cat":284507},{"id":41268,"n":"Croquettes chat  Eco+ Viandes légumes-  2kg","p":2.33,"u":"1,17 €/KG","img":"https://fd1-photos.leclercdrive.fr/image.ashx?id=2303000&use=l&cat=p&typeid=i","cat":284680},{"id":41275,"n":"Croquettes chat Purina One Sterilisé - Poulet - 1,5kg","p":7.17,"u":"4,78 €/KG","img":"https://fd1-photos.leclercdrive.fr/image.ashx?id=2488046&use=l&cat=p&typeid=i","cat":284680},{"id":41278,"n":"Croquettes chiens Eco+ Adulte - Viande -  4kg","p":3.93,"u":"0,98 €/KG","img":"https://fd1-photos.leclercdrive.fr/image.ashx?id=2046986&use=l&cat=p&typeid=i","cat":284672},{"id":41283,"n":"Sachets pour chats Gourmet Multivariétés - 12x85g","p":5.77,"u":"5,66 €/KG","img":"https://fd1-photos.leclercdrive.fr/image.ashx?id=2902343&use=l&cat=p&typeid=i","cat":285286},{"id":41285,"n":"Croquettes chaton Purina One  Junior -Poulet/Céréales - 1,5kg","p":7.4,"u":"4,93 €/KG","img":"https://fd1-photos.leclercdrive.fr/image.ashx?id=2433563&use=l&cat=p&typeid=i","cat":284680},{"id":41286,"n":"Croquettes chat Purina One  Stérilisé Adulte-Saumon/Blé-3kg","p":13.27,"u":"4,42 €/KG","img":"https://fd1-photos.leclercdrive.fr/image.ashx?id=2488049&use=l&cat=p&typeid=i","cat":284680},{"id":41287,"n":"Croquettes chiens Purina One Minis chiens adultes -  1,5kg","p":5.39,"u":"3,59 €/KG","img":"https://fd1-photos.leclercdrive.fr/image.ashx?id=2899674&use=l&cat=p&typeid=i","cat":294526},{"id":41289,"n":"Croquettes chat Purina One Urinary care - Poulet - 450g","p":2.86,"u":"6,36 €/KG","img":"https://fd1-photos.leclercdrive.fr/image.ashx?id=2459940&use=l&cat=p&typeid=i","cat":284680},{"id":41291,"n":"Croquettes chat Purina One Stérilisé Adulte-Boeuf/blé -3kg","p":13.03,"u":"4,34 €/KG","img":"https://fd1-photos.leclercdrive.fr/image.ashx?id=2488043&use=l&cat=p&typeid=i","cat":284680},{"id":41293,"n":"Sachets repas chats Purina One Stérilisés - Saumon Dinde 4x85g","p":2.05,"u":"6,03 €/KG","img":"https://fd1-photos.leclercdrive.fr/image.ashx?id=2902349&use=l&cat=p&typeid=i","cat":285286},{"id":41337,"n":"Lait céréales Blédidej 9 mois Madeleine - 4x250ml","p":3.49,"u":"3,49 €/L","img":"https://fd1-photos.leclercdrive.fr/image.ashx?id=2921052&use=l&cat=p&typeid=i","cat":312226},{"id":41352,"n":"Gommage visage Inell Douceur - 75ml","p":2.01,"u":"26,80 €/L","img":"https://fd1-photos.leclercdrive.fr/image.ashx?id=2686344&use=l&cat=p&typeid=i","cat":284603},{"id":41357,"n":"Steak *** Charal 130g","p":3.33,"u":"25,62 €/KG","img":"https://fd1-photos.leclercdrive.fr/image.ashx?id=1893005&use=l&cat=p&typeid=i","cat":284328},{"id":41359,"n":"Bavette d'Aloyau *** Charal 260g","p":8.98,"u":"34,54 €/KG","img":"https://fd1-photos.leclercdrive.fr/image.ashx?id=1889183&use=l&cat=p&typeid=i","cat":284328},{"id":41366,"n":"Nuggets de poulet Côté Croc Croustillant - 200g","p":1.79,"u":"8,95 €/KG","img":"https://fd1-photos.leclercdrive.fr/image.ashx?id=2462257&use=l&cat=p&typeid=i","cat":333684},{"id":41381,"n":"Gratin Côté Table Endives au jambon - 280g","p":3.09,"u":"11,04 €/KG","img":"https://fd1-photos.leclercdrive.fr/image.ashx?id=2759217&use=l&cat=p&typeid=i","cat":333665},{"id":41384,"n":"Piles boutons Energizer CR2032 Lithium 3V - x2","p":5.58,"u":"2,79 €/P","img":"https://fd1-photos.leclercdrive.fr/image.ashx?id=2851309&use=l&cat=p&typeid=i","cat":300572},{"id":41422,"n":"Fromage à Tartiner St Môret  Nature - 300g","p":3.34,"u":"11,13 €/KG","img":"https://fd1-photos.leclercdrive.fr/image.ashx?id=2755465&use=l&cat=p&typeid=i","cat":314029},{"id":41460,"n":"Pain de mie 100% Mie Harrys Complet sans croûte - 500g","p":1.87,"u":"3,74 €/KG","img":"https://fd1-photos.leclercdrive.fr/image.ashx?id=2731864&use=l&cat=p&typeid=i","cat":284477},{"id":41463,"n":"Autocollants Insectivor Anti-mouches - x4","p":2.54,"u":"0,64 €/P","img":"https://fd1-photos.leclercdrive.fr/image.ashx?id=2606828&use=l&cat=p&typeid=i","cat":298368},{"id":41465,"n":"Cotons Inell Maxi confort x80","p":1.78,"img":"https://fd1-photos.leclercdrive.fr/image.ashx?id=1926969&use=l&cat=p&typeid=i","cat":284636},{"id":41466,"n":"Coton carré bébé Mots d'Enfants Aloe vera x50","p":1.67,"u":"0,03 €/P","img":"https://fd1-photos.leclercdrive.fr/image.ashx?id=3014236&use=l&cat=p&typeid=i","cat":284739},{"id":41478,"n":"Mouchoirs blancs 3 plis Univert Boîte mouchoirs en papier -x100","p":1.55,"u":"0,02 €/P","img":"https://fd1-photos.leclercdrive.fr/image.ashx?id=1960038&use=l&cat=p&typeid=i","cat":284638},{"id":41488,"n":"Sachets Insectivor Anti-mites anti-acariens - x24","p":2.89,"u":"0,12 €/P","img":"https://fd1-photos.leclercdrive.fr/image.ashx?id=2930352&use=l&cat=p&typeid=i","cat":298368},{"id":41492,"n":"Tartines croustillantes Wasa Fibres - 230g","p":1.52,"u":"6,61 €/KG","img":"https://fd1-photos.leclercdrive.fr/image.ashx?id=3011854&use=l&cat=p&typeid=i","cat":284479},{"id":41493,"n":"Tartines croustillantes Wasa Authentique - 275g","p":1.45,"u":"5,27 €/KG","img":"https://fd1-photos.leclercdrive.fr/image.ashx?id=3011857&use=l&cat=p&typeid=i","cat":284479},{"id":41517,"n":"Couches bébé Mots d'Enfants T6 Douceur - 16kg+ - x58 changes","p":12.75,"img":"https://fd1-photos.leclercdrive.fr/image.ashx?id=2904577&use=l&cat=p&typeid=i","cat":284737},{"id":41524,"n":"Ossau Iraty AOP Istara Fromage de brebis - 180g","p":3.56,"u":"19,78 €/KG","img":"https://fd1-photos.leclercdrive.fr/image.ashx?id=2766193&use=l&cat=p&typeid=i","cat":329184},{"id":41532,"n":"Gressins Tradizioni d'Italia A la turinoise - 250g","p":2.29,"u":"9,16 €/KG","img":"https://fd1-photos.leclercdrive.fr/image.ashx?id=2743918&use=l&cat=p&typeid=i","cat":297000},{"id":41534,"n":"Déodorant Spray Homme Nivea Men Black&White Original - 200ml","p":2.46,"u":"12,30 €/L","img":"https://fd1-photos.leclercdrive.fr/image.ashx?id=3005218&use=l&cat=p&typeid=i","cat":284618},{"id":41538,"n":"Déodorant Homme Stick Williams Peau Sensible 75ml","p":2.77,"u":"36,93 €/L","img":"https://fd1-photos.leclercdrive.fr/image.ashx?id=2905102&use=l&cat=p&typeid=i","cat":284618},{"id":41551,"n":"Soda Schweppes Saveur Citron - 1,5L","p":1.95,"u":"1,30 €/L","img":"https://fd1-photos.leclercdrive.fr/image.ashx?id=2852417&use=l&cat=p&typeid=i","cat":284532},{"id":41556,"n":"Boisson aux fruits Oasis Orange - 2L","p":2.58,"u":"1,29 €/L","img":"https://fd1-photos.leclercdrive.fr/image.ashx?id=2688653&use=l&cat=p&typeid=i","cat":295018},{"id":41579,"n":"Macédoine déjà égouttée D'aucy  530g","p":2.03,"u":"3,83 €/KG","img":"https://fd1-photos.leclercdrive.fr/image.ashx?id=2835833&use=l&cat=p&typeid=i","cat":312612},{"id":41596,"n":"Chips Lay's Saveur spicy - 130g","p":1.37,"u":"10,54 €/KG","img":"https://fd1-photos.leclercdrive.fr/image.ashx?id=3011131&use=l&cat=p&typeid=i","cat":284447},{"id":41603,"n":"Coeurs d'artichauts Eco + 240g","p":1.6,"u":"6,67 €/KG","img":"https://fd1-photos.leclercdrive.fr/image.ashx?id=2946154&use=l&cat=p&typeid=i","cat":312611},{"id":41606,"n":"Artichauts Tradizioni d'Italia  Demi coeurs - 280g","p":3.89,"u":"13,89 €/KG","img":"https://fd1-photos.leclercdrive.fr/image.ashx?id=2840040&use=l&cat=p&typeid=i","cat":312611},{"id":41625,"n":"Tomates Tradizioni d'Italia Séchées à huile d'olive - 270g","p":3.49,"u":"12,93 €/KG","img":"https://fd1-photos.leclercdrive.fr/image.ashx?id=2840037&use=l&cat=p&typeid=i","cat":284458},{"id":41647,"n":"AOP Alsace Gewurztraminer   vin blanc Rebmann - 75 cl","p":5.99,"u":"7,99 €/L","img":"https://fd1-photos.leclercdrive.fr/image.ashx?id=2836322&use=l&cat=p&typeid=i","cat":289557},{"id":41691,"n":"AOP Cabernet d'Anjou BIO vin  rosé Les Caractères - 75cl","p":4.99,"u":"6,65 €/L","img":"https://fd1-photos.leclercdrive.fr/image.ashx?id=2816484&use=l&cat=p&typeid=i","cat":289558},{"id":41697,"n":"IGP Pâtes Grand-Mère Penne - 250g","p":1.28,"u":"5,12 €/KG","img":"https://fd1-photos.leclercdrive.fr/image.ashx?id=2503909&use=l&cat=p&typeid=i","cat":284427},{"id":41699,"n":"IGP Pâtes Grand-Mère Spaetzel - 250g","p":1.28,"u":"5,12 €/KG","img":"https://fd1-photos.leclercdrive.fr/image.ashx?id=2193416&use=l&cat=p&typeid=i","cat":284427},{"id":41700,"n":"Sauce Tomate Cuisinée Heinz Ail & Oignon - 520g","p":1.36,"u":"2,62 €/KG","img":"https://fd1-photos.leclercdrive.fr/image.ashx?id=2950849&use=l&cat=p&typeid=i","cat":288384},{"id":41701,"n":"Vinaigre Melfor 50cl","p":1.02,"u":"2,04 €/L","img":"https://fd1-photos.leclercdrive.fr/image.ashx?id=2324867&use=l&cat=p&typeid=i","cat":298543},{"id":41705,"n":"Moutarde douce Alsace Alélor 380g","p":1.65,"u":"4,34 €/KG","img":"https://fd1-photos.leclercdrive.fr/image.ashx?id=2857237&use=l&cat=p&typeid=i","cat":288850},{"id":41706,"n":"Soupe déshydratée Yum yum Nouilles/boeuf - 60g","p":0.47,"u":"7,83 €/KG","img":"https://fd1-photos.leclercdrive.fr/image.ashx?id=2917130&use=l&cat=p&typeid=i","cat":288992},{"id":41710,"n":"Soupe déshydratée Yum yum Nouilles/poulet - 60g","p":0.47,"u":"7,83 €/KG","img":"https://fd1-photos.leclercdrive.fr/image.ashx?id=2966315&use=l&cat=p&typeid=i","cat":288992},{"id":41713,"n":"Soupe déshydratée Yum yum Nouilles/crevette - 60g","p":0.47,"u":"7,83 €/KG","img":"https://fd1-photos.leclercdrive.fr/image.ashx?id=2909284&use=l&cat=p&typeid=i","cat":288992},{"id":41715,"n":"Soupe déshydratée Yum yum Nouilles/curry - 60g","p":0.49,"u":"8,17 €/KG","img":"https://fd1-photos.leclercdrive.fr/image.ashx?id=2434020&use=l&cat=p&typeid=i","cat":288992},{"id":41716,"n":"AOP Crémant d'Alsace  Brut - Albert Schoech - 75cl","p":6.3,"u":"8,40 €/L","img":"https://fd1-photos.leclercdrive.fr/image.ashx?id=2614020&use=l&cat=p&typeid=i","cat":284545},{"id":41717,"n":"Crémant Alsace brut J.Geiler Prestige - 75cl","p":6.9,"u":"9,20 €/L","img":"https://fd1-photos.leclercdrive.fr/image.ashx?id=2613423&use=l&cat=p&typeid=i","cat":284545},{"id":41726,"n":"Boisson énergisante Dark Dog Canette - 50cl","p":1.39,"u":"2,78 €/L","img":"https://fd1-photos.leclercdrive.fr/image.ashx?id=2927360&use=l&cat=p&typeid=i","cat":284533},{"id":41740,"n":"AOC Vin blanc Pattermann Riesling - 1L","p":6.75,"u":"6,75 €/L","img":"https://fd1-photos.leclercdrive.fr/image.ashx?id=2811989&use=l&cat=p&typeid=i","cat":289557},{"id":41743,"n":"Thé glacé Lisbeth Pêche - 1,25L","p":1.25,"u":"1,00 €/L","img":"https://fd1-photos.leclercdrive.fr/image.ashx?id=2838613&use=l&cat=p&typeid=i","cat":295019},{"id":41745,"n":"Limonade Liness Bouteille - 6x33cl","p":3.1,"u":"1,57 €/L","img":"https://fd1-photos.leclercdrive.fr/image.ashx?id=2838970&use=l&cat=p&typeid=i","cat":284531},{"id":41746,"n":"AOC Crémant d'Alsace Turckheim Brut - 75cl","p":6.33,"u":"8,44 €/L","img":"https://fd1-photos.leclercdrive.fr/image.ashx?id=2939571&use=l&cat=p&typeid=i","cat":284545},{"id":41748,"n":"AOP Crémant d'Alsace Wolfberger Pinot gris - 75cl","p":7.5,"u":"10,00 €/L","img":"https://fd1-photos.leclercdrive.fr/image.ashx?id=2764191&use=l&cat=p&typeid=i","cat":284544},{"id":41754,"n":"IGP Mortadelle Bologna Montorsi I Freshi - 120g","p":2.28,"u":"19,00 €/KG","img":"https://fd1-photos.leclercdrive.fr/image.ashx?id=2525852&use=l&cat=p&typeid=i","cat":316009},{"id":41755,"n":"Saucisson rustico Montorsi 100g","p":2.9,"u":"29,00 €/KG","img":"https://fd1-photos.leclercdrive.fr/image.ashx?id=2525855&use=l&cat=p&typeid=i","cat":316007},{"id":41766,"n":"Eau de source Lisbeth 6x1.25L","p":2.83,"u":"0,38 €/L","img":"https://fd1-photos.leclercdrive.fr/image.ashx?id=2838649&use=l&cat=p&typeid=i","cat":284535},{"id":41769,"n":"Boisson gazeuse Lisbeh Pomme Bouteille - 1,25L","p":1.55,"u":"1,24 €/L","img":"https://fd1-photos.leclercdrive.fr/image.ashx?id=2838610&use=l&cat=p&typeid=i","cat":284532},{"id":41797,"n":"Sauce Barbecue Heinz Classic - 480g","p":1.98,"u":"4,13 €/KG","img":"https://fd1-photos.leclercdrive.fr/image.ashx?id=2928351&use=l&cat=p&typeid=i","cat":318431},{"id":41800,"n":"Mayonnaise Fine & Douce Lesieur 475g","p":2.25,"u":"4,74 €/KG","img":"https://fd1-photos.leclercdrive.fr/image.ashx?id=2918541&use=l&cat=p&typeid=i","cat":298295},{"id":41806,"n":"Ketchup nature Amora 850g","p":2.28,"u":"2,68 €/KG","img":"https://fd1-photos.leclercdrive.fr/image.ashx?id=2589690&use=l&cat=p&typeid=i","cat":284455},{"id":41823,"n":"Sauce barbecue/miel Amora 282g","p":1.49,"u":"5,28 €/KG","img":"https://fd1-photos.leclercdrive.fr/image.ashx?id=2654188&use=l&cat=p&typeid=i","cat":318431},{"id":41828,"n":"AOC Bergerac vin rosé  Terrasses d'Autan - 75cl","p":2.99,"u":"3,99 €/L","img":"https://fd1-photos.leclercdrive.fr/image.ashx?id=2865068&use=l&cat=p&typeid=i","cat":289558},{"id":41830,"n":"Saucisses Francfort Stoeffler Cuites et fumées - 6x40g","p":2.48,"u":"10,33 €/KG","img":"https://fd1-photos.leclercdrive.fr/image.ashx?id=2767537&use=l&cat=p&typeid=i","cat":316012},{"id":41835,"n":"AOC Bourgueil vin rouge Les Caractères - 75cl","p":4.49,"u":"5,99 €/L","img":"https://fd1-photos.leclercdrive.fr/image.ashx?id=2776564&use=l&cat=p&typeid=i","cat":289556},{"id":41837,"n":"AOC Alsace Riesling Prestique vin blanc Rebmann - 75 cl","p":6.99,"u":"9,32 €/L","img":"https://fd1-photos.leclercdrive.fr/image.ashx?id=2745481&use=l&cat=p&typeid=i","cat":289557},{"id":41838,"n":"AOP Alsace Sylvaner  vin blanc Rebmann - 75 cl","p":4.49,"u":"5,99 €/L","img":"https://fd1-photos.leclercdrive.fr/image.ashx?id=2717355&use=l&cat=p&typeid=i","cat":289557},{"id":41845,"n":"Génoise fourrée Kinder Pingui Lait et cacao x8 - 240g","p":2.31,"u":"9,63 €/KG","img":"https://fd1-photos.leclercdrive.fr/image.ashx?id=2855352&use=l&cat=p&typeid=i","cat":284420},{"id":41846,"n":"Compotes Andros Panachés 16x100g","p":4.76,"u":"2,98 €/KG","img":"https://fd1-photos.leclercdrive.fr/image.ashx?id=2921343&use=l&cat=p&typeid=i","cat":284416},{"id":41857,"n":"Bière Alveringem Abbaye Rouge 5%vol. - 6x25cl","p":3.78,"u":"2,52 €/L","img":"https://fd1-photos.leclercdrive.fr/image.ashx?id=2637919&use=l&cat=p&typeid=i","cat":334878},{"id":41858,"n":"Yaourt SMARTIES Fraise bonbons chocolat 4x120g","p":2.49,"u":"5,19 €/KG","img":"https://fd1-photos.leclercdrive.fr/image.ashx?id=2890046&use=l&cat=p&typeid=i","cat":284414},{"id":41862,"n":"Compotes Andros 6 Pommes  et 6 pommes fraises - 12x100g","p":3.78,"u":"3,15 €/KG","img":"https://fd1-photos.leclercdrive.fr/image.ashx?id=2988318&use=l&cat=p&typeid=i","cat":284416},{"id":41865,"n":"AOC Coteaux Varois en Provence vin rosé Terres Ocrées - 75cl","p":4.49,"u":"5,99 €/L","img":"https://fd1-photos.leclercdrive.fr/image.ashx?id=2750141&use=l&cat=p&typeid=i","cat":289558},{"id":41868,"n":"Bûche de chèvre Soignon 400g","p":4.24,"u":"10,60 €/KG","img":"https://fd1-photos.leclercdrive.fr/image.ashx?id=2840988&use=l&cat=p&typeid=i","cat":314031},{"id":41870,"n":"Pur jus d'orange Jafaden Sans pulpe - 50cl","p":1.15,"u":"2,30 €/L","img":"https://fd1-photos.leclercdrive.fr/image.ashx?id=2917652&use=l&cat=p&typeid=i","cat":284521},{"id":41871,"n":"AOC Côtes du Roussillon vin  rouge Prieur Barsanne - 75cl","p":2.99,"u":"3,99 €/L","img":"https://fd1-photos.leclercdrive.fr/image.ashx?id=2713177&use=l&cat=p&typeid=i","cat":289556},{"id":41876,"n":"AOP Tavel vin rosé Rives & Terrasses - 75cl","p":6.85,"u":"9,13 €/L","img":"https://fd1-photos.leclercdrive.fr/image.ashx?id=2890015&use=l&cat=p&typeid=i","cat":289558},{"id":41878,"n":"Bière aromatisée Desquiles Red 5,9%vol. - 50cl","p":1.49,"u":"2,98 €/L","img":"https://fd1-photos.leclercdrive.fr/image.ashx?id=2664809&use=l&cat=p&typeid=i","cat":334853},{"id":41880,"n":"AOC Graves vin rouge Chantet Blanet - 75cl","p":4.75,"u":"6,33 €/L","img":"https://fd1-photos.leclercdrive.fr/image.ashx?id=2721361&use=l&cat=p&typeid=i","cat":289556},{"id":41883,"n":"Steaks Hachés Charolais Charal Pur Bœuf 12%MG - 10x100g - 1kg","p":14.47,"u":"14,47 €/KG","img":"https://fd1-photos.leclercdrive.fr/image.ashx?id=2741943&use=l&cat=p&typeid=i","cat":319778},{"id":41892,"n":"Pur jus multifruits Jafaden 50cl","p":0.99,"u":"1,98 €/L","img":"https://fd1-photos.leclercdrive.fr/image.ashx?id=2919631&use=l&cat=p&typeid=i","cat":284917},{"id":41910,"n":"Sirop de pêche de Provence NRT 70cl","p":3.2,"u":"4,57 €/L","img":"https://fd1-photos.leclercdrive.fr/image.ashx?id=2699825&use=l&cat=p&typeid=i","cat":295020},{"id":41912,"n":"Sirop fraise de Plougastel NRT 70cl","p":3.2,"u":"4,57 €/L","img":"https://fd1-photos.leclercdrive.fr/image.ashx?id=2590481&use=l&cat=p&typeid=i","cat":295020},{"id":41914,"n":"Crème hydratante Inell Visage-corps 200ml","p":2.07,"u":"10,35 €/L","img":"https://fd1-photos.leclercdrive.fr/image.ashx?id=1903869&use=l&cat=p&typeid=i","cat":325345},{"id":41915,"n":"AOP Morgon vin rouge Antoine Barrier - 75cl","p":6.99,"u":"9,32 €/L","img":"https://fd1-photos.leclercdrive.fr/image.ashx?id=2919640&use=l&cat=p&typeid=i","cat":289556},{"id":41920,"n":"Patch pureté Inell x6","p":2.4,"u":"0,40 €/P","img":"https://fd1-photos.leclercdrive.fr/image.ashx?id=2657727&use=l&cat=p&typeid=i","cat":284603},{"id":41923,"n":"Vin d'Union Européenne rosé Adrien Champaud 11% vol BIB 5L","p":8.49,"u":"1,70 €/L","img":"https://fd1-photos.leclercdrive.fr/image.ashx?id=2959707&use=l&cat=p&typeid=i","cat":289560},{"id":41924,"n":"Vin d'Union Européenne rouge Adrien Champaud 12% vol BIB 5L","p":8.49,"u":"1,70 €/L","img":"https://fd1-photos.leclercdrive.fr/image.ashx?id=2959713&use=l&cat=p&typeid=i","cat":289560},{"id":41994,"n":"Cassoulet William Saurin 2x840g + 1 offerte","p":8.28,"u":"3,29 €/KG","img":"https://fd1-photos.leclercdrive.fr/image.ashx?id=2757623&use=l&cat=p&typeid=i","cat":284440},{"id":42041,"n":"Olives vertes Tropic Apéro Dénoyautées à l'ail - 110g","p":1.5,"u":"13,64 €/KG","img":"https://fd1-photos.leclercdrive.fr/image.ashx?id=2438972&use=l&cat=p&typeid=i","cat":316002},{"id":42043,"n":"IGP Fleur de sel Le Guérandais Sachet - 250g","p":4.12,"u":"16,48 €/KG","img":"https://fd1-photos.leclercdrive.fr/image.ashx?id=2457884&use=l&cat=p&typeid=i","cat":284457},{"id":42044,"n":"Noix de cajou Maître Prunille Sans sel, grillé, sachet 200g","p":4.55,"u":"22,75 €/KG","img":"https://fd1-photos.leclercdrive.fr/image.ashx?id=1750478&use=l&cat=p&typeid=i","cat":284357},{"id":42045,"n":"Amande grillée Maître Prunille Décortiquée sans sel 250g","p":4.07,"u":"16,28 €/KG","img":"https://fd1-photos.leclercdrive.fr/image.ashx?id=1750481&use=l&cat=p&typeid=i","cat":284448},{"id":42046,"n":"Pruneaux d'Agen Maître Prunille IGP Dénoyautés - 500g","p":5.59,"u":"11,18 €/KG","img":"https://fd1-photos.leclercdrive.fr/image.ashx?id=2016029&use=l&cat=p&typeid=i","cat":284357},{"id":42057,"n":"Asperges blanches d'aucy  21,2cl","p":2.05,"u":"18,64 €/KG","img":"https://fd1-photos.leclercdrive.fr/image.ashx?id=2597720&use=l&cat=p&typeid=i","cat":312611},{"id":42058,"n":"Asperges blanches d'aucy 37cl","p":3.23,"u":"15,76 €/KG","img":"https://fd1-photos.leclercdrive.fr/image.ashx?id=2665895&use=l&cat=p&typeid=i","cat":312611},{"id":42063,"n":"Madeleines Saint Michel Oeufs de poule plein air - 500g","p":2.01,"u":"4,02 €/KG","img":"https://fd1-photos.leclercdrive.fr/image.ashx?id=2936191&use=l&cat=p&typeid=i","cat":284492},{"id":42067,"n":"Biscuits p'tit déjeuner BN Chocolat - 200g","p":1.59,"u":"7,95 €/KG","img":"https://fd1-photos.leclercdrive.fr/image.ashx?id=2603468&use=l&cat=p&typeid=i","cat":284491},{"id":42117,"n":"Céréales muesli Bjorg Bio Sans sucre ajoutés - 375g","p":1.93,"u":"5,15 €/KG","img":"https://fd1-photos.leclercdrive.fr/image.ashx?id=2906163&use=l&cat=p&typeid=i","cat":309512},{"id":42123,"n":"Jus de pruneaux Gayelord Hauser - 75cl","p":3.08,"u":"4,11 €/L","img":"https://fd1-photos.leclercdrive.fr/image.ashx?id=2962482&use=l&cat=p&typeid=i","cat":284915},{"id":42140,"n":"Sirop La Maison Guiot Grenadine - 70cl","p":3.14,"u":"4,49 €/L","img":"https://fd1-photos.leclercdrive.fr/image.ashx?id=2857195&use=l&cat=p&typeid=i","cat":295020},{"id":42218,"n":"Bloc WC Bref Power  Activ'Océan toilettes - 50g x1","p":1.38,"u":"27,60 €/KG","img":"https://fd1-photos.leclercdrive.fr/image.ashx?id=2789802&use=l&cat=p&typeid=i","cat":284662},{"id":42235,"n":"Galette Tipiak Jambon/fromage - 2x125g","p":3.03,"u":"12,12 €/KG","img":"https://fd1-photos.leclercdrive.fr/image.ashx?id=2819334&use=l&cat=p&typeid=i","cat":319776},{"id":42289,"n":"Huile pimentée pizza Cauvin A l'huile d'olive - 25cl","p":2.34,"u":"9,36 €/L","img":"https://fd1-photos.leclercdrive.fr/image.ashx?id=2539857&use=l&cat=p&typeid=i","cat":284453},{"id":42290,"n":"Huile de colza Eco + 1L","p":1.46,"u":"1,46 €/L","img":"https://fd1-photos.leclercdrive.fr/image.ashx?id=3002503&use=l&cat=p&typeid=i","cat":284453},{"id":42291,"n":"Huile pour friture Eco + 1L","p":2.23,"u":"2,23 €/L","img":"https://fd1-photos.leclercdrive.fr/image.ashx?id=2913639&use=l&cat=p&typeid=i","cat":284453},{"id":42295,"n":"Vinaigrette bi-phase Rustica Vin rouge/échalote - 50cl","p":2.49,"u":"4,98 €/L","img":"https://fd1-photos.leclercdrive.fr/image.ashx?id=2142190&use=l&cat=p&typeid=i","cat":284456},{"id":42297,"n":"Sauce caesar Rustica 50cl","p":2.59,"u":"5,18 €/L","img":"https://fd1-photos.leclercdrive.fr/image.ashx?id=1972928&use=l&cat=p&typeid=i","cat":284456},{"id":42298,"n":"Boisson végétale Bio Village Avoine bio - 1l","p":1.45,"u":"1,45 €/L","img":"https://fd1-photos.leclercdrive.fr/image.ashx?id=2358096&use=l&cat=p&typeid=i","cat":316067},{"id":42325,"n":"Spray Nettoyant Menager Cif  Antibacterien - 750 ml","p":2.51,"u":"3,35 €/L","img":"https://fd1-photos.leclercdrive.fr/image.ashx?id=2813540&use=l&cat=p&typeid=i","cat":325357},{"id":42331,"n":"Saucisses Knacki Herta Poulet x10 - 350g","p":1.5,"u":"4,29 €/KG","img":"https://fd1-photos.leclercdrive.fr/image.ashx?id=2290431&use=l&cat=p&typeid=i","cat":316012},{"id":42341,"n":"Compotes Pom'Potes Gourdes  Multivariétés Inédits - 12x90g","p":5.56,"u":"5,15 €/KG","img":"https://fd1-photos.leclercdrive.fr/image.ashx?id=2864309&use=l&cat=p&typeid=i","cat":284508},{"id":42347,"n":"Pansements enfants Primoplast x20","p":0.69,"u":"0,03 €/P","img":"https://fd1-photos.leclercdrive.fr/image.ashx?id=2958062&use=l&cat=p&typeid=i","cat":284630},{"id":42426,"n":"Lingettes Vanish  Anti-décoloration - x30","p":5.55,"img":"https://fd1-photos.leclercdrive.fr/image.ashx?id=2224145&use=l&cat=p&typeid=i","cat":290450},{"id":42428,"n":"Pains au chocolat Pasquier x8 - 360g","p":2.24,"u":"6,22 €/KG","img":"https://fd1-photos.leclercdrive.fr/image.ashx?id=2863446&use=l&cat=p&typeid=i","cat":296366},{"id":42442,"n":"Moutarde forte Eco + 370g","p":0.73,"u":"1,97 €/KG","img":"https://fd1-photos.leclercdrive.fr/image.ashx?id=2954319&use=l&cat=p&typeid=i","cat":288850},{"id":42448,"n":"Capsules Nescafé Dolce Gusto  Ricoré Latte - x16","p":4.56,"u":"27,14 €/KG","img":"https://fd1-photos.leclercdrive.fr/image.ashx?id=2818085&use=l&cat=p&typeid=i","cat":293239},{"id":42449,"n":"Antipasto tomate séchée Sacla 280g","p":3.13,"u":"11,18 €/KG","img":"https://fd1-photos.leclercdrive.fr/image.ashx?id=2290482&use=l&cat=p&typeid=i","cat":284458},{"id":42452,"n":"Moutarde douce Amora Flacon souple - 260g","p":1.93,"u":"7,42 €/KG","img":"https://fd1-photos.leclercdrive.fr/image.ashx?id=3005401&use=l&cat=p&typeid=i","cat":288850},{"id":42454,"n":"Olives vertes Crespo Farçies aux amandes - 198g","p":2.74,"u":"13,84 €/KG","img":"https://fd1-photos.leclercdrive.fr/image.ashx?id=2172076&use=l&cat=p&typeid=i","cat":284458},{"id":42459,"n":"Olives noires à la Grecque Eco+ 400g","p":2.23,"u":"5,58 €/KG","img":"https://fd1-photos.leclercdrive.fr/image.ashx?id=2499064&use=l&cat=p&typeid=i","cat":284458},{"id":42460,"n":"Olives vertes entières Eco + 400g","p":1.07,"u":"2,68 €/KG","img":"https://fd1-photos.leclercdrive.fr/image.ashx?id=2609261&use=l&cat=p&typeid=i","cat":284458},{"id":42461,"n":"Olives vertes Eco + Dénoyautées - 320g","p":1.88,"u":"5,88 €/KG","img":"https://fd1-photos.leclercdrive.fr/image.ashx?id=2609264&use=l&cat=p&typeid=i","cat":284458},{"id":42507,"n":"Crème dessert Mont Blanc Choco Vanille Praliné - 6x125g","p":4.68,"u":"6,24 €/KG","img":"https://fd1-photos.leclercdrive.fr/image.ashx?id=3011605&use=l&cat=p&typeid=i","cat":284506},{"id":42508,"n":"Cookies Nestlé Dessert Pépites de chocolat - 351g","p":3.99,"u":"11,37 €/KG","img":"https://fd1-photos.leclercdrive.fr/image.ashx?id=2848382&use=l&cat=p&typeid=i","cat":284505},{"id":42560,"n":"Jus innocent ananas passion 900ml","p":2.74,"u":"3,04 €/L","img":"https://fd1-photos.leclercdrive.fr/image.ashx?id=2861740&use=l&cat=p&typeid=i","cat":285435},{"id":42563,"n":"Boisson végétale lait d'amande bio bjorg sans sucre - 1l","p":1.81,"u":"1,81 €/L","img":"https://fd1-photos.leclercdrive.fr/image.ashx?id=2939415&use=l&cat=p&typeid=i","cat":316067},{"id":42565,"n":"Vinaigre blanc d'alcool Eco +  - 1,5L","p":0.6,"u":"0,40 €/L","img":"https://fd1-photos.leclercdrive.fr/image.ashx?id=2722375&use=l&cat=p&typeid=i","cat":298543},{"id":42566,"n":"Céréales fourrées bio Bio Village - Tout choco - 375g","p":3.85,"u":"10,27 €/KG","img":"https://fd1-photos.leclercdrive.fr/image.ashx?id=2722402&use=l&cat=p&typeid=i","cat":309513},{"id":42567,"n":"Pâte à tartiner Bio Jardin Bio - 750g","p":7.02,"u":"9,36 €/KG","img":"https://fd1-photos.leclercdrive.fr/image.ashx?id=2918925&use=l&cat=p&typeid=i","cat":284481},{"id":42569,"n":"Double concentré Bio Jardin Bio Tomate - 140g","p":0.96,"u":"6,86 €/KG","img":"https://fd1-photos.leclercdrive.fr/image.ashx?id=2944867&use=l&cat=p&typeid=i","cat":288384},{"id":42575,"n":"Café moulu Bio Ethiquable  100% arabica Pérou - 250g","p":5.48,"u":"21,92 €/KG","img":"https://fd1-photos.leclercdrive.fr/image.ashx?id=2876818&use=l&cat=p&typeid=i","cat":284750},{"id":42577,"n":"Chocolat noir Bio Ethiquable Ecorces d'orange - 100g","p":2.83,"u":"28,30 €/KG","img":"https://fd1-photos.leclercdrive.fr/image.ashx?id=2870851&use=l&cat=p&typeid=i","cat":284956},{"id":42624,"n":"Pâtes coudes rayés Panzani 1kg","p":2.12,"u":"2,12 €/KG","img":"https://fd1-photos.leclercdrive.fr/image.ashx?id=2876029&use=l&cat=p&typeid=i","cat":284427},{"id":42628,"n":"Chips Bret's Fromage du Jura - 125g","p":1.08,"u":"8,64 €/KG","img":"https://fd1-photos.leclercdrive.fr/image.ashx?id=1916976&use=l&cat=p&typeid=i","cat":284447},{"id":42646,"n":"Lingettes lait Demak'up Peaux normales 2x25","p":4.88,"u":"0,10 €/P","img":"https://fd1-photos.leclercdrive.fr/image.ashx?id=2999880&use=l&cat=p&typeid=i","cat":284603},{"id":42649,"n":"Crème douche Manava Surgras - 250ml","p":0.94,"u":"3,76 €/L","img":"https://fd1-photos.leclercdrive.fr/image.ashx?id=2456147&use=l&cat=p&typeid=i","cat":284594},{"id":42655,"n":"Huile merveilleuse Garnier Huile d'argan & camélia - 150ml","p":6.09,"u":"40,60 €/L","img":"https://fd1-photos.leclercdrive.fr/image.ashx?id=2661730&use=l&cat=p&typeid=i","cat":284608},{"id":42665,"n":"Gel shampooing douche Fa Men Extreme cool flacon - 250ml","p":1.46,"u":"5,84 €/L","img":"https://fd1-photos.leclercdrive.fr/image.ashx?id=2995094&use=l&cat=p&typeid=i","cat":284621},{"id":42667,"n":"Soin de jour L'Oréal Paris Revitalift Anti-Âge - 50ml","p":14.01,"u":"280,20 €/L","img":"https://fd1-photos.leclercdrive.fr/image.ashx?id=2921876&use=l&cat=p&typeid=i","cat":325345},{"id":42677,"n":"Soin cheveux nutrition Dessange Cheveux secs - 100ml","p":6.07,"u":"60,70 €/L","img":"https://fd1-photos.leclercdrive.fr/image.ashx?id=2400969&use=l&cat=p&typeid=i","cat":284608},{"id":42678,"n":"Huile Cheveux Extrême Dessange Cheuveux abîmés - 100ml","p":6.73,"u":"67,30 €/L","img":"https://fd1-photos.leclercdrive.fr/image.ashx?id=2851099&use=l&cat=p&typeid=i","cat":284608},{"id":42680,"n":"Gorgonzola AOP Tradizioni d'Italia - 200g","p":3.36,"u":"16,80 €/KG","img":"https://fd1-photos.leclercdrive.fr/image.ashx?id=794147&use=l&cat=p&typeid=i","cat":314032},{"id":42681,"n":"Mozzarella Tradizioni d'Italia Di Bufala Campana AOP - 200g","p":3.31,"u":"16,55 €/KG","img":"https://fd1-photos.leclercdrive.fr/image.ashx?id=2954190&use=l&cat=p&typeid=i","cat":314026},{"id":42682,"n":"Parmigiano Tradizioni d'Italia Reggiano AOP 30 mois - 200g","p":5.99,"u":"29,95 €/KG","img":"https://fd1-photos.leclercdrive.fr/image.ashx?id=2661963&use=l&cat=p&typeid=i","cat":314034},{"id":42703,"n":"P'tit Basque Istara Fromage de brebis - 220g","p":5.32,"u":"24,18 €/KG","img":"https://fd1-photos.leclercdrive.fr/image.ashx?id=2759876&use=l&cat=p&typeid=i","cat":329184},{"id":42731,"n":"Fromage Roucoulons Arôme Noix Fromagerie Milleret - 125g","p":2.25,"u":"18,00 €/KG","img":"https://fd1-photos.leclercdrive.fr/image.ashx?id=2207247&use=l&cat=p&typeid=i","cat":329558},{"id":42734,"n":"Fromage petit Munster AOP grand sapin - 200g","p":3.48,"u":"17,40 €/KG","img":"https://fd1-photos.leclercdrive.fr/image.ashx?id=2504890&use=l&cat=p&typeid=i","cat":329558},{"id":42747,"n":"Whisky blend the Famous grouse 40%vol. - 1L","p":23.26,"u":"23,26 €/L","img":"https://fd1-photos.leclercdrive.fr/image.ashx?id=2958878&use=l&cat=p&typeid=i","cat":284547},{"id":42757,"n":"Emmental rapé Eco + 30% MG - 500g","p":3.72,"u":"7,44 €/KG","img":"https://fd1-photos.leclercdrive.fr/image.ashx?id=2942172&use=l&cat=p&typeid=i","cat":314035},{"id":42759,"n":"Copeaux Parmigiano Reggiano AOP Les Croisés - 80g","p":1.9,"u":"23,75 €/KG","img":"https://fd1-photos.leclercdrive.fr/image.ashx?id=2935504&use=l&cat=p&typeid=i","cat":314035},{"id":42788,"n":"Tranchettes de chèvre 32.4% MG Les Croisés - 200g","p":3.19,"u":"15,95 €/KG","img":"https://fd1-photos.leclercdrive.fr/image.ashx?id=2796061&use=l&cat=p&typeid=i","cat":314028},{"id":42789,"n":"Cheddar Les Croisés 32% MG Tranchettes - 200g","p":2.64,"u":"13,20 €/KG","img":"https://fd1-photos.leclercdrive.fr/image.ashx?id=2796064&use=l&cat=p&typeid=i","cat":314028},{"id":42798,"n":"Miel de fleurs d'Oranger Nid d'Abeille - 250g","p":2.99,"u":"11,96 €/KG","img":"https://fd1-photos.leclercdrive.fr/image.ashx?id=2434242&use=l&cat=p&typeid=i","cat":287643},{"id":42799,"n":"Miel liquide Bio Squeezer Bio village - 250g","p":2.95,"u":"11,80 €/KG","img":"https://fd1-photos.leclercdrive.fr/image.ashx?id=795654&use=l&cat=p&typeid=i","cat":287643},{"id":42826,"n":"Nettoyant vitre cristal Clair 750 ml","p":1.71,"u":"2,28 €/L","img":"https://fd1-photos.leclercdrive.fr/image.ashx?id=1647715&use=l&cat=p&typeid=i","cat":325363},{"id":42846,"n":"Cacahuètes Menguy's Grillées et salées - 800g","p":5.67,"u":"7,09 €/KG","img":"https://fd1-photos.leclercdrive.fr/image.ashx?id=2979800&use=l&cat=p&typeid=i","cat":284448},{"id":42847,"n":"Pop corn salé Menguy's Micro-ondes - 3x90g","p":1.8,"u":"6,67 €/KG","img":"https://fd1-photos.leclercdrive.fr/image.ashx?id=2966023&use=l&cat=p&typeid=i","cat":284449},{"id":42872,"n":"Jus innocent pomme framboise 900ml","p":2.76,"u":"3,07 €/L","img":"https://fd1-photos.leclercdrive.fr/image.ashx?id=2862877&use=l&cat=p&typeid=i","cat":285435},{"id":42874,"n":"Jus innocent poire pêche 900ml","p":2.83,"u":"3,14 €/L","img":"https://fd1-photos.leclercdrive.fr/image.ashx?id=2893000&use=l&cat=p&typeid=i","cat":285435},{"id":42876,"n":"Jus innocent pomme mangue 900ml","p":2.89,"u":"3,21 €/L","img":"https://fd1-photos.leclercdrive.fr/image.ashx?id=2892220&use=l&cat=p&typeid=i","cat":285435},{"id":42938,"n":"Soupe instantanée Royco  Bouillon de Volailles 3x200ml","p":1.4,"u":"43,75 €/KG","img":"https://fd1-photos.leclercdrive.fr/image.ashx?id=2651423&use=l&cat=p&typeid=i","cat":293527},{"id":42964,"n":"Os à mâcher Lydog Fourrés boeuf - 2x100g","p":2.26,"u":"11,30 €/KG","img":"https://fd1-photos.leclercdrive.fr/image.ashx?id=1947283&use=l&cat=p&typeid=i","cat":294527},{"id":42965,"n":"Pepites de chocolat au lait Tablier Blanc - 100g","p":2.03,"u":"20,30 €/KG","img":"https://fd1-photos.leclercdrive.fr/image.ashx?id=2723141&use=l&cat=p&typeid=i","cat":284504},{"id":42966,"n":"Haricots verts Notre Jardin Extra fins - 455g","p":1.97,"u":"4,33 €/KG","img":"https://fd1-photos.leclercdrive.fr/image.ashx?id=2988084&use=l&cat=p&typeid=i","cat":312606},{"id":42967,"n":"Haricots verts Notre Jardin Extra fins vapeur - 225g","p":1.6,"u":"7,11 €/KG","img":"https://fd1-photos.leclercdrive.fr/image.ashx?id=2988087&use=l&cat=p&typeid=i","cat":312606},{"id":42968,"n":"Petits pois doux Notre Jardin Vapeur - 530g","p":1.91,"u":"3,60 €/KG","img":"https://fd1-photos.leclercdrive.fr/image.ashx?id=3002608&use=l&cat=p&typeid=i","cat":312607},{"id":42969,"n":"Petits pois doux Notre Jardin Vapeur - 265g","p":1.29,"u":"4,87 €/KG","img":"https://fd1-photos.leclercdrive.fr/image.ashx?id=3002611&use=l&cat=p&typeid=i","cat":312607},{"id":42977,"n":"Mini crackers Bio Village Bio Fromage/courges - 110g","p":2.44,"u":"22,18 €/KG","img":"https://fd1-photos.leclercdrive.fr/image.ashx?id=1944150&use=l&cat=p&typeid=i","cat":297000},{"id":42980,"n":"Goûter fourré Bio Village Bio Chocolat noir - 185g","p":2.03,"u":"10,97 €/KG","img":"https://fd1-photos.leclercdrive.fr/image.ashx?id=2704502&use=l&cat=p&typeid=i","cat":284488},{"id":42981,"n":"Goûter fourré Bio Village Bio - Chocolat au lait - 185g","p":2.05,"u":"11,08 €/KG","img":"https://fd1-photos.leclercdrive.fr/image.ashx?id=2704505&use=l&cat=p&typeid=i","cat":284488},{"id":42992,"n":"Tortillas chips Tokapi Fromage - 150g","p":0.99,"u":"6,60 €/KG","img":"https://fd1-photos.leclercdrive.fr/image.ashx?id=2647961&use=l&cat=p&typeid=i","cat":287899},{"id":43006,"n":"Colorants alimentaires  Tablier Blanc - 3x6ml","p":1.24,"u":"68,89 €/L","img":"https://fd1-photos.leclercdrive.fr/image.ashx?id=2487470&use=l&cat=p&typeid=i","cat":284504},{"id":43009,"n":"Biscuits fourrés P'tit Deli Noisette - 225g","p":1.38,"u":"6,13 €/KG","img":"https://fd1-photos.leclercdrive.fr/image.ashx?id=2861419&use=l&cat=p&typeid=i","cat":284488},{"id":43016,"n":"Asperges blanches moyennes Notre Jardin - 205g","p":1.99,"u":"9,71 €/KG","img":"https://fd1-photos.leclercdrive.fr/image.ashx?id=2049058&use=l&cat=p&typeid=i","cat":312611},{"id":43017,"n":"Betterave en Dés Notre Jardin 265g","p":1.02,"u":"3,85 €/KG","img":"https://fd1-photos.leclercdrive.fr/image.ashx?id=1993203&use=l&cat=p&typeid=i","cat":312611},{"id":43019,"n":"Biscuits animaux P'tit Déli Nappés chocolat lait - 225g","p":1.64,"u":"7,29 €/KG","img":"https://fd1-photos.leclercdrive.fr/image.ashx?id=2529602&use=l&cat=p&typeid=i","cat":284488},{"id":43022,"n":"Consigne Clairgaz Gaz : Butane - 6kg","p":5.0,"img":"https://fd1-photos.leclercdrive.fr/image.ashx?id=796466&use=l&cat=p&typeid=i","cat":335916},{"id":43023,"n":"Consigne Clairgaz Gaz : Butane - 13kg","p":5.0,"img":"https://fd1-photos.leclercdrive.fr/image.ashx?id=796474&use=l&cat=p&typeid=i","cat":335916},{"id":43024,"n":"Consigne Clairgaz Gaz : Propane - 11kg","p":5.0,"img":"https://fd1-photos.leclercdrive.fr/image.ashx?id=796470&use=l&cat=p&typeid=i","cat":335916},{"id":43038,"n":"Consigne Butagaz Gaz : Viseo Butane - 10kg","p":44.0,"img":"https://fd1-photos.leclercdrive.fr/image.ashx?id=2873640&use=l&cat=p&typeid=i","cat":335916},{"id":43040,"n":"Consigne Butagaz Gaz : Propane - Cube 5kg","p":39.0,"img":"https://fd1-photos.leclercdrive.fr/image.ashx?id=2873637&use=l&cat=p&typeid=i","cat":335916},{"id":43045,"n":"Lambrusco rosso 75cl","p":3.05,"u":"4,07 €/L","img":"https://fd1-photos.leclercdrive.fr/image.ashx?id=1757638&use=l&cat=p&typeid=i","cat":289558},{"id":43046,"n":"Lambrusco rosato 75cl","p":2.99,"u":"3,99 €/L","img":"https://fd1-photos.leclercdrive.fr/image.ashx?id=1757635&use=l&cat=p&typeid=i","cat":289558},{"id":43047,"n":"Lambrusco bianco 75cl","p":3.65,"u":"4,87 €/L","img":"https://fd1-photos.leclercdrive.fr/image.ashx?id=1757632&use=l&cat=p&typeid=i","cat":289557},{"id":43049,"n":"Steak haché charolais Férial  15%mg x4 - 400g","p":6.39,"u":"15,98 €/KG","img":"https://fd1-photos.leclercdrive.fr/image.ashx?id=2823762&use=l&cat=p&typeid=i","cat":319778},{"id":43058,"n":"Vin Union Européenne rosé Vieux Papes - BIB 5L","p":13.01,"u":"2,60 €/L","img":"https://fd1-photos.leclercdrive.fr/image.ashx?id=2093394&use=l&cat=p&typeid=i","cat":289560},{"id":43151,"n":"Rasoir jetable Wilkinson Xtreme3 Ultimate x8","p":10.17,"u":"1,27 €/P","img":"https://fd1-photos.leclercdrive.fr/image.ashx?id=2215179&use=l&cat=p&typeid=i","cat":284616},{"id":43197,"n":"Tartine Grilletine de Pasquier Briochées - x18 - 242g","p":1.84,"u":"7,60 €/KG","img":"https://fd1-photos.leclercdrive.fr/image.ashx?id=2333054&use=l&cat=p&typeid=i","cat":284479},{"id":43237,"n":"Lotion démaquillante Inell Douceur yeux - 150ml","p":1.55,"u":"10,33 €/L","img":"https://fd1-photos.leclercdrive.fr/image.ashx?id=1993197&use=l&cat=p&typeid=i","cat":284603},{"id":43266,"n":"Formule boost Daco Bello Fruits secs - 200g","p":3.75,"u":"18,75 €/KG","img":"https://fd1-photos.leclercdrive.fr/image.ashx?id=2576955&use=l&cat=p&typeid=i","cat":284357},{"id":43269,"n":"Formule détente Daco Bello Pomme - 200g","p":3.66,"u":"18,30 €/KG","img":"https://fd1-photos.leclercdrive.fr/image.ashx?id=2620284&use=l&cat=p&typeid=i","cat":284357},{"id":43279,"n":"Sorbet plein fruit L'Angelys Framboise - 500g","p":5.21,"u":"10,42 €/KG","img":"https://fd1-photos.leclercdrive.fr/image.ashx?id=2963556&use=l&cat=p&typeid=i","cat":284263},{"id":43286,"n":"Masque tissu Inell apaisant Hydratant x1","p":0.99,"img":"https://fd1-photos.leclercdrive.fr/image.ashx?id=2691667&use=l&cat=p&typeid=i","cat":325346},{"id":43287,"n":"Dentifrice Dentamyl Blancheur extrême - 75ml","p":0.95,"u":"12,67 €/L","img":"https://fd1-photos.leclercdrive.fr/image.ashx?id=2613837&use=l&cat=p&typeid=i","cat":284612},{"id":43292,"n":"Gel peau nette Inell Imperfection - 200ml","p":3.25,"u":"16,25 €/L","img":"https://fd1-photos.leclercdrive.fr/image.ashx?id=2078353&use=l&cat=p&typeid=i","cat":284603},{"id":43293,"n":"Lotion nettoyante Inell 200ml","p":3.29,"u":"16,45 €/L","img":"https://fd1-photos.leclercdrive.fr/image.ashx?id=2691670&use=l&cat=p&typeid=i","cat":284603},{"id":43303,"n":"Panna Cotta Fruits rouges Rians 2x120g","p":2.64,"u":"11,00 €/KG","img":"https://fd1-photos.leclercdrive.fr/image.ashx?id=2555412&use=l&cat=p&typeid=i","cat":284419},{"id":43330,"n":"Crème dessert chocolat Danette Pop billes magix - 4x120g","p":2.48,"u":"5,17 €/KG","img":"https://fd1-photos.leclercdrive.fr/image.ashx?id=2935717&use=l&cat=p&typeid=i","cat":285041},{"id":43341,"n":"Thon mariné Petit Navire Basilic - 110g","p":2.07,"u":"18,82 €/KG","img":"https://fd1-photos.leclercdrive.fr/image.ashx?id=2542965&use=l&cat=p&typeid=i","cat":303867},{"id":43349,"n":"Laurier feuille entière Ducros 17g","p":1.74,"u":"102,35 €/KG","img":"https://fd1-photos.leclercdrive.fr/image.ashx?id=2486566&use=l&cat=p&typeid=i","cat":298297},{"id":43350,"n":"Coriandre en feuilles Ducros 7g","p":1.46,"u":"208,57 €/KG","img":"https://fd1-photos.leclercdrive.fr/image.ashx?id=2486584&use=l&cat=p&typeid=i","cat":298297},{"id":43358,"n":"Sel fin Eco+ Boîte verseuse - 750g","p":0.53,"u":"0,71 €/KG","img":"https://fd1-photos.leclercdrive.fr/image.ashx?id=2050582&use=l&cat=p&typeid=i","cat":284457},{"id":43371,"n":"AOC Saint-Nicolas-de-Bourgueil vin rouge Les Caractères - 75cl","p":4.99,"u":"6,65 €/L","img":"https://fd1-photos.leclercdrive.fr/image.ashx?id=2894734&use=l&cat=p&typeid=i","cat":289556},{"id":43373,"n":"AOP Vin rouge  Alsace Pinot noir - 75 cl","p":5.99,"u":"7,99 €/L","img":"https://fd1-photos.leclercdrive.fr/image.ashx?id=2919637&use=l&cat=p&typeid=i","cat":289556},{"id":43374,"n":"AOC Bordeaux BIO vin rouge Chantet Blanet - 75cl","p":4.75,"u":"6,33 €/L","img":"https://fd1-photos.leclercdrive.fr/image.ashx?id=2750174&use=l&cat=p&typeid=i","cat":289556},{"id":43381,"n":"Dessert liégeois Viennois  Chocolat - 12x100g","p":3.89,"u":"3,24 €/KG","img":"https://fd1-photos.leclercdrive.fr/image.ashx?id=2875987&use=l&cat=p&typeid=i","cat":285042},{"id":43394,"n":"Spaghetti  Tradizioni d'Italia n°118  Pasta di Gragnano 500g","p":1.52,"u":"3,04 €/KG","img":"https://fd1-photos.leclercdrive.fr/image.ashx?id=2657301&use=l&cat=p&typeid=i","cat":284427},{"id":43396,"n":"Farfalle Tradizioni d'Italia N°210 - 500g","p":1.52,"u":"3,04 €/KG","img":"https://fd1-photos.leclercdrive.fr/image.ashx?id=2657304&use=l&cat=p&typeid=i","cat":284427},{"id":43403,"n":"Orechiette Tradizioni d'Italia N°292 - 500g","p":1.69,"u":"3,38 €/KG","img":"https://fd1-photos.leclercdrive.fr/image.ashx?id=2699507&use=l&cat=p&typeid=i","cat":284427},{"id":43407,"n":"Glace à l'eau Smicy Star  Framboise Orange Citron x8 480g","p":2.59,"u":"5,40 €/KG","img":"https://fd1-photos.leclercdrive.fr/image.ashx?id=2054528&use=l&cat=p&typeid=i","cat":285250},{"id":43409,"n":"AOP Côtes de Bergerac moelleux Terrasses d'Autan - 75cl","p":3.7,"u":"4,93 €/L","img":"https://fd1-photos.leclercdrive.fr/image.ashx?id=2929873&use=l&cat=p&typeid=i","cat":289557},{"id":43410,"n":"AOC Corbières vin rouge Prieur Barsanne - 75cl","p":2.99,"u":"3,99 €/L","img":"https://fd1-photos.leclercdrive.fr/image.ashx?id=2718472&use=l&cat=p&typeid=i","cat":289556},{"id":43417,"n":"IGP Pays d'Oc blanc Roche Mazet Chardonnay 12.5% vol - 75cl","p":3.14,"u":"4,19 €/L","img":"https://fd1-photos.leclercdrive.fr/image.ashx?id=2991945&use=l&cat=p&typeid=i","cat":289557},{"id":43509,"n":"Ktipiti Tables du Monde 200g","p":1.45,"u":"7,25 €/KG","img":"https://fd1-photos.leclercdrive.fr/image.ashx?id=2872448&use=l&cat=p&typeid=i","cat":315999},{"id":43602,"n":"Jus d'orange Jafaden Avec pulpe - 1.5L","p":3.39,"u":"2,26 €/L","img":"https://fd1-photos.leclercdrive.fr/image.ashx?id=2723144&use=l&cat=p&typeid=i","cat":285435},{"id":43604,"n":"Jus d'orange Jafaden Sans pulpe - 1.5L","p":3.13,"u":"2,09 €/L","img":"https://fd1-photos.leclercdrive.fr/image.ashx?id=2723147&use=l&cat=p&typeid=i","cat":285435},{"id":43605,"n":"Jus de clémentine Jafaden  1.5L","p":2.99,"u":"1,99 €/L","img":"https://fd1-photos.leclercdrive.fr/image.ashx?id=2723150&use=l&cat=p&typeid=i","cat":285435},{"id":43617,"n":"Poivre gris moulu Ducros Classique - 36g","p":1.39,"u":"38,61 €/KG","img":"https://fd1-photos.leclercdrive.fr/image.ashx?id=2559475&use=l&cat=p&typeid=i","cat":284457},{"id":43618,"n":"Flocons d'avoine Quaker Oats 550g","p":1.72,"u":"3,13 €/KG","img":"https://fd1-photos.leclercdrive.fr/image.ashx?id=2140656&use=l&cat=p&typeid=i","cat":309512},{"id":43619,"n":"AOC Blaye Côtes de Bordeaux vin rouge Chantet Blanet - 75cl","p":3.8,"u":"5,07 €/L","img":"https://fd1-photos.leclercdrive.fr/image.ashx?id=2727395&use=l&cat=p&typeid=i","cat":289556},{"id":43621,"n":"Liquide vaisselle Uni vert Ecologique PSS 500ml","p":1.15,"u":"2,30 €/L","img":"https://fd1-photos.leclercdrive.fr/image.ashx?id=2999508&use=l&cat=p&typeid=i","cat":284655},{"id":43669,"n":"AOC Puisseguin Saint-Émilion vin rouge Chantet Blanet - 75cl","p":6.49,"u":"8,65 €/L","img":"https://fd1-photos.leclercdrive.fr/image.ashx?id=2783431&use=l&cat=p&typeid=i","cat":289556},{"id":43670,"n":"AOC Juliénas vin rouge Antoine Barrier - 75cl","p":6.99,"u":"9,32 €/L","img":"https://fd1-photos.leclercdrive.fr/image.ashx?id=2909401&use=l&cat=p&typeid=i","cat":289556},{"id":43693,"n":"Couches Mots d'Enfants Activ+ T3 : 4/9kg - x47 changes","p":14.35,"u":"0,31 €/P","img":"https://fd1-photos.leclercdrive.fr/image.ashx?id=2699486&use=l&cat=p&typeid=i","cat":284737},{"id":43697,"n":"AOP Côtes de Bourg vin rouge Chantet Blanet - 75cl","p":3.89,"u":"5,19 €/L","img":"https://fd1-photos.leclercdrive.fr/image.ashx?id=2728255&use=l&cat=p&typeid=i","cat":289556},{"id":43707,"n":"Laque Ultra-Forte L'Oréal Paris Thermoprotecteur - 150ml","p":5.19,"u":"34,60 €/L","img":"https://fd1-photos.leclercdrive.fr/image.ashx?id=2582237&use=l&cat=p&typeid=i","cat":284609},{"id":43718,"n":"Croquettes chat Whiskas Stérilisé saumon - 1,75kg","p":5.17,"u":"2,95 €/KG","img":"https://fd1-photos.leclercdrive.fr/image.ashx?id=2915597&use=l&cat=p&typeid=i","cat":284680},{"id":43719,"n":"Croquettes chat Whiskas Stérilisé poulet - 1.75kg","p":5.17,"u":"2,95 €/KG","img":"https://fd1-photos.leclercdrive.fr/image.ashx?id=2952872&use=l&cat=p&typeid=i","cat":284680},{"id":43758,"n":"AOP Brouilly vin rouge Antoine Barrier - 75cl","p":6.79,"u":"9,05 €/L","img":"https://fd1-photos.leclercdrive.fr/image.ashx?id=3004552&use=l&cat=p&typeid=i","cat":289556},{"id":43760,"n":"Biscuits fourrés Prince Vanille - 300g","p":1.49,"u":"4,97 €/KG","img":"https://fd1-photos.leclercdrive.fr/image.ashx?id=2907695&use=l&cat=p&typeid=i","cat":284488},{"id":43761,"n":"Flacon persil de France 7g","p":1.68,"u":"240,00 €/KG","img":"https://fd1-photos.leclercdrive.fr/image.ashx?id=2973583&use=l&cat=p&typeid=i","cat":298297},{"id":43763,"n":"Safran en poudre 4x0.1g","p":4.94,"img":"https://fd1-photos.leclercdrive.fr/image.ashx?id=2774424&use=l&cat=p&typeid=i","cat":298297},{"id":43769,"n":"Préservatifs Skyn Manix Original - x10","p":7.09,"img":"https://fd1-photos.leclercdrive.fr/image.ashx?id=2928810&use=l&cat=p&typeid=i","cat":284631},{"id":43778,"n":"Morceaux de thon Listao Eco+ 130g","p":0.99,"u":"7,62 €/KG","img":"https://fd1-photos.leclercdrive.fr/image.ashx?id=2610669&use=l&cat=p&typeid=i","cat":303867},{"id":43781,"n":"Céréales Extra Kellogg's Chocolat Noir Noisettes - 800g","p":4.85,"u":"6,06 €/KG","img":"https://fd1-photos.leclercdrive.fr/image.ashx?id=2775026&use=l&cat=p&typeid=i","cat":309512},{"id":43844,"n":"Friandises chats Tous mes amis Sticks au Poulet - 3x5g - 15g","p":0.56,"u":"37,33 €/KG","img":"https://fd1-photos.leclercdrive.fr/image.ashx?id=2858986&use=l&cat=p&typeid=i","cat":285285},{"id":43845,"n":"Friandises chats Tous mes amis Sticks au Saumon  - 3x5g - 15g","p":0.56,"u":"37,33 €/KG","img":"https://fd1-photos.leclercdrive.fr/image.ashx?id=802043&use=l&cat=p&typeid=i","cat":285285},{"id":43924,"n":"AOP Vin blanc italien  Prosecco Vilaveroni 75cl","p":7.29,"u":"9,72 €/L","img":"https://fd1-photos.leclercdrive.fr/image.ashx?id=2492351&use=l&cat=p&typeid=i","cat":289461},{"id":43930,"n":"Vin mousseux blanc Festillant Sans alcool - 75cl","p":3.49,"u":"4,65 €/L","img":"https://fd1-photos.leclercdrive.fr/image.ashx?id=2980899&use=l&cat=p&typeid=i","cat":289460},{"id":43964,"n":"Mini bûches Eskiss Fruits - x6 - 333g","p":2.29,"u":"6,88 €/KG","img":"https://fd1-photos.leclercdrive.fr/image.ashx?id=2232586&use=l&cat=p&typeid=i","cat":284266},{"id":44016,"n":"Bocal Morilles extra séchées   Borde - 25g","p":14.99,"pp":9.89,"u":"395,60 €/KG","img":"https://fd1-photos.leclercdrive.fr/image.ashx?id=2731081&use=l&cat=p&typeid=i","cat":284352},{"id":44081,"n":"Eau aromatisée Volvic Juicy Fraise - 1,5L","p":1.35,"u":"0,90 €/L","img":"https://fd1-photos.leclercdrive.fr/image.ashx?id=2964664&use=l&cat=p&typeid=i","cat":284537},{"id":44082,"n":"Eau aromatisée Volvic juicy Fruits exotiques - 1,5L","p":1.35,"u":"0,90 €/L","img":"https://fd1-photos.leclercdrive.fr/image.ashx?id=2964667&use=l&cat=p&typeid=i","cat":284537},{"id":44083,"n":"Eau gazeuse  Badoit verte finement pétillante - 6x1l","p":3.58,"u":"0,60 €/L","img":"https://fd1-photos.leclercdrive.fr/image.ashx?id=2919259&use=l&cat=p&typeid=i","cat":284536},{"id":44090,"n":"AOP Monbazillac vin blanc Moelleux Terrasses d'Autan-75cl","p":6.99,"u":"9,32 €/L","img":"https://fd1-photos.leclercdrive.fr/image.ashx?id=2756873&use=l&cat=p&typeid=i","cat":289557},{"id":44091,"n":"AOC Côtes du Rhône Villages vin rouge Rives & Terrasses - 75cl","p":3.89,"u":"5,19 €/L","img":"https://fd1-photos.leclercdrive.fr/image.ashx?id=2967570&use=l&cat=p&typeid=i","cat":289556},{"id":44095,"n":"Bière blonde Leffe 6,6% - 75cl","p":2.47,"u":"3,29 €/L","img":"https://fd1-photos.leclercdrive.fr/image.ashx?id=1720789&use=l&cat=p&typeid=i","cat":334852},{"id":44096,"n":"Fond pour rotis 110g","p":2.16,"u":"19,64 €/KG","img":"https://fd1-photos.leclercdrive.fr/image.ashx?id=2188691&use=l&cat=p&typeid=i","cat":288379},{"id":44168,"n":"Guacamole en pot 300g","p":1.75,"u":"5,83 €/KG","img":"https://fd1-photos.leclercdrive.fr/image.ashx?id=2466072&use=l&cat=p&typeid=i","cat":288993},{"id":44170,"n":"Assaisonnement pour Fajitas Mélange d'épices - 30g","p":1.06,"u":"35,33 €/KG","img":"https://fd1-photos.leclercdrive.fr/image.ashx?id=2477565&use=l&cat=p&typeid=i","cat":288993},{"id":44171,"n":"6 wraps de blé nature 370g","p":1.95,"u":"5,27 €/KG","img":"https://fd1-photos.leclercdrive.fr/image.ashx?id=2679741&use=l&cat=p&typeid=i","cat":288993},{"id":44172,"n":"Assaisonnement pour Guacamole Tables du monde - 20g","p":0.95,"u":"47,50 €/KG","img":"https://fd1-photos.leclercdrive.fr/image.ashx?id=2489125&use=l&cat=p&typeid=i","cat":288993},{"id":44175,"n":"Masque nourrisant Natéïs Cheuveux secs et frisés - 300ml","p":2.63,"u":"8,77 €/L","img":"https://fd1-photos.leclercdrive.fr/image.ashx?id=1875848&use=l&cat=p&typeid=i","cat":284608},{"id":44178,"n":"Lessive poudre main Epsil 450g","p":0.97,"u":"2,16 €/KG","img":"https://fd1-photos.leclercdrive.fr/image.ashx?id=2838930&use=l&cat=p&typeid=i","cat":284643},{"id":44179,"n":"Sachets détachants Texil Anti-transferts - x12","p":4.44,"u":"0,37 €/P","img":"https://fd1-photos.leclercdrive.fr/image.ashx?id=2958741&use=l&cat=p&typeid=i","cat":284651},{"id":44181,"n":"Poivrons grillés Florelli Antipasti - 280g","p":3.14,"u":"11,21 €/KG","img":"https://fd1-photos.leclercdrive.fr/image.ashx?id=2633091&use=l&cat=p&typeid=i","cat":289010},{"id":44183,"n":"Tortillas Old El Paso de blé nature x8 - 326g","p":2.5,"u":"7,67 €/KG","img":"https://fd1-photos.leclercdrive.fr/image.ashx?id=2737642&use=l&cat=p&typeid=i","cat":288993},{"id":44185,"n":"Kit Burritos Old El Paso Original paprika doux - 510g","p":5.07,"u":"9,94 €/KG","img":"https://fd1-photos.leclercdrive.fr/image.ashx?id=2940579&use=l&cat=p&typeid=i","cat":288993},{"id":44194,"n":"Confiture de lait Bonne Maman 380g","p":2.95,"u":"7,76 €/KG","img":"https://fd1-photos.leclercdrive.fr/image.ashx?id=2785430&use=l&cat=p&typeid=i","cat":284480},{"id":44195,"n":"Détachant avant lavage K2R  Action complète pistolet -750ml","p":3.14,"u":"4,19 €/L","img":"https://fd1-photos.leclercdrive.fr/image.ashx?id=2101180&use=l&cat=p&typeid=i","cat":284651},{"id":44197,"n":"Couches Activ+ Mots d'Enfants T4 : 7/18kg - x39 changes","p":12.89,"u":"0,33 €/P","img":"https://fd1-photos.leclercdrive.fr/image.ashx?id=804295&use=l&cat=p&typeid=i","cat":284737},{"id":44205,"n":"Déodorant Spray 24H Ushuaïa Vanille de Polynésie - 200ml","p":3.27,"u":"16,35 €/L","img":"https://fd1-photos.leclercdrive.fr/image.ashx?id=2408656&use=l&cat=p&typeid=i","cat":284595},{"id":44206,"n":"Déodorant spray Ushuaia  Orchidée - 200ml","p":3.27,"u":"16,35 €/L","img":"https://fd1-photos.leclercdrive.fr/image.ashx?id=2286963&use=l&cat=p&typeid=i","cat":284595},{"id":44224,"n":"Aneth Les Crudettes 11g","p":1.4,"pp":0.92,"u":"83,64 €/KG","img":"https://fd1-photos.leclercdrive.fr/image.ashx?id=2654623&use=l&cat=p&typeid=i","cat":293607},{"id":44225,"n":"Basilic Les Crudettes  11g","p":1.4,"pp":0.92,"u":"83,64 €/KG","img":"https://fd1-photos.leclercdrive.fr/image.ashx?id=2654626&use=l&cat=p&typeid=i","cat":293607},{"id":44226,"n":"Ciboulette Les Crudettes 11g","p":1.58,"pp":1.1,"u":"100,00 €/KG","img":"https://fd1-photos.leclercdrive.fr/image.ashx?id=2654629&use=l&cat=p&typeid=i","cat":293607},{"id":44227,"n":"Coriandre Les Crudettes 11g","p":1.58,"pp":1.1,"u":"100,00 €/KG","img":"https://fd1-photos.leclercdrive.fr/image.ashx?id=2654632&use=l&cat=p&typeid=i","cat":293607},{"id":44230,"n":"Menthe verte Les Crudettes  11g","p":1.4,"pp":0.92,"u":"83,64 €/KG","img":"https://fd1-photos.leclercdrive.fr/image.ashx?id=2654638&use=l&cat=p&typeid=i","cat":293607},{"id":44231,"n":"Estragon de france Sainte Lucie flacon 11g","p":2.12,"u":"192,73 €/KG","img":"https://fd1-photos.leclercdrive.fr/image.ashx?id=2774292&use=l&cat=p&typeid=i","cat":298297},{"id":44235,"n":"Epices couscous Sainte Lucie à la marocaine - 30g","p":1.66,"u":"55,33 €/KG","img":"https://fd1-photos.leclercdrive.fr/image.ashx?id=2774433&use=l&cat=p&typeid=i","cat":298297},{"id":44236,"n":"Epices paëlla Sainte Lucie à l'espagnole 30g","p":1.76,"u":"58,67 €/KG","img":"https://fd1-photos.leclercdrive.fr/image.ashx?id=2104591&use=l&cat=p&typeid=i","cat":298297},{"id":44273,"n":"Miettes de thon Petit Navire À l'huile d'olive - 160g","p":2.63,"u":"16,44 €/KG","img":"https://fd1-photos.leclercdrive.fr/image.ashx?id=2519642&use=l&cat=p&typeid=i","cat":303867},{"id":44278,"n":"Ravioli bolognaise Panzani - 400g","p":2.59,"u":"6,48 €/KG","img":"https://fd1-photos.leclercdrive.fr/image.ashx?id=2876059&use=l&cat=p&typeid=i","cat":284442},{"id":44279,"n":"Fromage apéritif Apericube Panier de campagne 24 cubes","p":2.44,"u":"19,52 €/KG","img":"https://fd1-photos.leclercdrive.fr/image.ashx?id=2882656&use=l&cat=p&typeid=i","cat":314027},{"id":44285,"n":"Thon cuisiné Saupiquet  sauce catalane 1/6 2x135g","p":2.22,"u":"8,22 €/KG","img":"https://fd1-photos.leclercdrive.fr/image.ashx?id=2731549&use=l&cat=p&typeid=i","cat":303867},{"id":44293,"n":"Emmental râpé  Entremont  français 160g","p":1.8,"u":"11,25 €/KG","img":"https://fd1-photos.leclercdrive.fr/image.ashx?id=2983153&use=l&cat=p&typeid=i","cat":314035},{"id":44298,"n":"L'Ortolan familial  Fromagerie Milleret-  330g","p":3.26,"u":"9,88 €/KG","img":"https://fd1-photos.leclercdrive.fr/image.ashx?id=2226400&use=l&cat=p&typeid=i","cat":314033},{"id":44299,"n":"Fromage à Tartiner Tartare  Ail et fines herbes - 250g","p":2.81,"u":"11,24 €/KG","img":"https://fd1-photos.leclercdrive.fr/image.ashx?id=2903170&use=l&cat=p&typeid=i","cat":314029},{"id":44307,"n":"Fromage Tomme noire NRT IGP  des Pyrénées - 200g","p":2.45,"u":"12,25 €/KG","img":"https://fd1-photos.leclercdrive.fr/image.ashx?id=2849596&use=l&cat=p&typeid=i","cat":329184},{"id":44327,"n":"Vin Union Européenne rosé Le Tonnelier - BIB 5L","p":8.95,"u":"1,79 €/L","img":"https://fd1-photos.leclercdrive.fr/image.ashx?id=2107474&use=l&cat=p&typeid=i","cat":289560},{"id":44336,"n":"Savon Noir liquide Briochin Ecocert - 1L","p":2.48,"u":"2,48 €/L","img":"https://fd1-photos.leclercdrive.fr/image.ashx?id=3011389&use=l&cat=p&typeid=i","cat":325365},{"id":44340,"n":"Cire cheveux Taft Effet mat tenue forte - 75ml","p":3.23,"u":"43,07 €/L","img":"https://fd1-photos.leclercdrive.fr/image.ashx?id=2410937&use=l&cat=p&typeid=i","cat":284609},{"id":44350,"n":"Matière grasse 55%MG Primevère à tartiner - 1/2sel - 500g","p":3.04,"u":"6,08 €/KG","img":"https://fd1-photos.leclercdrive.fr/image.ashx?id=1740281&use=l&cat=p&typeid=i","cat":315229},{"id":44361,"n":"Chocolat Pâtissier Nestlé Dessert : Noir - 205g","p":3.1,"u":"15,12 €/KG","img":"https://fd1-photos.leclercdrive.fr/image.ashx?id=2938920&use=l&cat=p&typeid=i","cat":285562},{"id":44413,"n":"Vin blanc Pfaff Gewurztraminer Cuvée Bacchus AOP - 75cl","p":8.93,"u":"11,91 €/L","img":"https://fd1-photos.leclercdrive.fr/image.ashx?id=1603502&use=l&cat=p&typeid=i","cat":289557},{"id":44434,"n":"Nectar Bio Pressade Multifruits - 1,5L","p":2.24,"u":"1,49 €/L","img":"https://fd1-photos.leclercdrive.fr/image.ashx?id=2732533&use=l&cat=p&typeid=i","cat":284917},{"id":44445,"n":"Wraps Old El Paso de blé nature x6 - 350g","p":2.39,"u":"6,83 €/KG","img":"https://fd1-photos.leclercdrive.fr/image.ashx?id=2737645&use=l&cat=p&typeid=i","cat":288993},{"id":44568,"n":"Oeufs frais De Nos Régions  Oméga 3 - Plein Air - x12","p":2.88,"u":"0,24 €/P","img":"https://fd1-photos.leclercdrive.fr/image.ashx?id=2969794&use=l&cat=p&typeid=i","cat":284378},{"id":44573,"n":"Lingettes tableau de bord TECH9 x25","p":3.14,"u":"0,13 €/P","img":"https://fd1-photos.leclercdrive.fr/image.ashx?id=2162441&use=l&cat=p&typeid=i","cat":298252},{"id":44574,"n":"Nettoyant textiles TECH9 Avec brosse - 400ml","p":4.59,"u":"11,48 €/L","img":"https://fd1-photos.leclercdrive.fr/image.ashx?id=1543900&use=l&cat=p&typeid=i","cat":298252},{"id":44576,"n":"Dégivrant -25°C TECH9 400ml","p":2.65,"u":"6,63 €/L","img":"https://fd1-photos.leclercdrive.fr/image.ashx?id=1543909&use=l&cat=p&typeid=i","cat":298252},{"id":44577,"n":"Nettoyant jantes TECH9 500ml","p":3.99,"u":"7,98 €/L","img":"https://fd1-photos.leclercdrive.fr/image.ashx?id=2162450&use=l&cat=p&typeid=i","cat":298252},{"id":44578,"n":"Madeleines Saint Michel Pépites chocolat 400g","p":1.98,"u":"4,95 €/KG","img":"https://fd1-photos.leclercdrive.fr/image.ashx?id=2936200&use=l&cat=p&typeid=i","cat":284492},{"id":44657,"n":"Bière blonde Leffe Rituel 9% - 12x25cl","p":9.48,"u":"3,16 €/L","img":"https://fd1-photos.leclercdrive.fr/image.ashx?id=2548288&use=l&cat=p&typeid=i","cat":334852},{"id":44691,"n":"Socquette sport Homme Blanc T39/42 - x3","p":4.8,"u":"1,60 €/P","img":"https://fd1-photos.leclercdrive.fr/image.ashx?id=816726&use=l&cat=p&typeid=i","cat":334130},{"id":44692,"n":"Socquette sport Homme Blanc T43/45 - x3","p":4.8,"u":"1,60 €/P","img":"https://fd1-photos.leclercdrive.fr/image.ashx?id=805751&use=l&cat=p&typeid=i","cat":334130},{"id":44693,"n":"Socquette sport Homme Blanc T46/48 - x3","p":4.8,"u":"1,60 €/P","img":"https://fd1-photos.leclercdrive.fr/image.ashx?id=805751&use=l&cat=p&typeid=i","cat":334130},{"id":44700,"n":"Chaussettes sport Homme Tissaia Mi-haute Noir T39/42 - x3","p":4.75,"u":"1,58 €/P","img":"https://fd1-photos.leclercdrive.fr/image.ashx?id=805679&use=l&cat=p&typeid=i","cat":334130},{"id":44701,"n":"Mi-chaussettes sport Homme Noir T43/45 - x3","p":4.75,"u":"1,58 €/P","img":"https://fd1-photos.leclercdrive.fr/image.ashx?id=805679&use=l&cat=p&typeid=i","cat":334130},{"id":44702,"n":"Mi-chaussettes sport Homme Noir T46/48 - x3","p":4.75,"u":"1,58 €/P","img":"https://fd1-photos.leclercdrive.fr/image.ashx?id=805679&use=l&cat=p&typeid=i","cat":334130},{"id":44706,"n":"Palets bretons P'tit Déli 2x125g","p":1.84,"u":"7,36 €/KG","img":"https://fd1-photos.leclercdrive.fr/image.ashx?id=2820134&use=l&cat=p&typeid=i","cat":284487},{"id":44732,"n":"Brunoise Notre Jardin méditerranéens 600g","p":3.41,"u":"5,68 €/KG","img":"https://fd1-photos.leclercdrive.fr/image.ashx?id=2873150&use=l&cat=p&typeid=i","cat":319823},{"id":44740,"n":"Frites allumettes Pom'lisse 2.5kg","p":4.65,"u":"1,86 €/KG","img":"https://fd1-photos.leclercdrive.fr/image.ashx?id=2699498&use=l&cat=p&typeid=i","cat":319791},{"id":44741,"n":"Riz sushi Table du monde 500g","p":1.19,"u":"2,38 €/KG","img":"https://fd1-photos.leclercdrive.fr/image.ashx?id=2679753&use=l&cat=p&typeid=i","cat":288992},{"id":44748,"n":"Purée de carottes Notre Jardin potirons 750g","p":2.62,"u":"3,49 €/KG","img":"https://fd1-photos.leclercdrive.fr/image.ashx?id=2856190&use=l&cat=p&typeid=i","cat":319805},{"id":44770,"n":"Steak haché Férial  5%mg x4 - 400g","p":6.99,"u":"17,48 €/KG","img":"https://fd1-photos.leclercdrive.fr/image.ashx?id=3004663&use=l&cat=p&typeid=i","cat":319778},{"id":44808,"n":"AOC Côtes du Rhône rouge BIO Rives & Terrasses - 75cl","p":3.99,"u":"5,32 €/L","img":"https://fd1-photos.leclercdrive.fr/image.ashx?id=2928318&use=l&cat=p&typeid=i","cat":289556},{"id":44859,"n":"Olives Vertes -25% sel Tramier  Dénoyautées 160g","p":1.98,"u":"12,38 €/KG","img":"https://fd1-photos.leclercdrive.fr/image.ashx?id=2840823&use=l&cat=p&typeid=i","cat":284458},{"id":44861,"n":"Sauce pesto Tradizioni d'Italia A la génoise - 180g","p":1.79,"u":"9,94 €/KG","img":"https://fd1-photos.leclercdrive.fr/image.ashx?id=2840043&use=l&cat=p&typeid=i","cat":287599},{"id":44865,"n":"Dessert fruits mixés Sojasun Abricot / Goyave - 4x100g","p":1.65,"u":"4,13 €/KG","img":"https://fd1-photos.leclercdrive.fr/image.ashx?id=2355668&use=l&cat=p&typeid=i","cat":316071},{"id":44871,"n":"Nettoyant plastique TECH9 Ecocert - 500ml","p":4.99,"u":"9,98 €/L","img":"https://fd1-photos.leclercdrive.fr/image.ashx?id=2536860&use=l&cat=p&typeid=i","cat":298252},{"id":44874,"n":"Nettoyant tissu moquette TECH9 Ecocert - 500ml","p":4.99,"u":"9,98 €/L","img":"https://fd1-photos.leclercdrive.fr/image.ashx?id=2536863&use=l&cat=p&typeid=i","cat":298252},{"id":44876,"n":"Nettoyant multi-usage TECH9 Ecocert - 500ml","p":3.4,"u":"6,80 €/L","img":"https://fd1-photos.leclercdrive.fr/image.ashx?id=2536866&use=l&cat=p&typeid=i","cat":298252},{"id":44877,"n":"Nettoyant jantes TECH9 Ecocert - 500ml","p":4.65,"u":"9,30 €/L","img":"https://fd1-photos.leclercdrive.fr/image.ashx?id=2536869&use=l&cat=p&typeid=i","cat":298252},{"id":44878,"n":"Shampooing carrosserie TECH9 Ecocert - 500ml","p":5.99,"u":"11,98 €/L","img":"https://fd1-photos.leclercdrive.fr/image.ashx?id=2536872&use=l&cat=p&typeid=i","cat":298252},{"id":44884,"n":"Soupe Mouliné Bio Village Bio - Légumes variés - 1L","p":1.97,"u":"1,97 €/L","img":"https://fd1-photos.leclercdrive.fr/image.ashx?id=2133957&use=l&cat=p&typeid=i","cat":284462},{"id":44885,"n":"Velouté de légumes Bio Village Bio - 1L","p":2.79,"u":"2,79 €/L","img":"https://fd1-photos.leclercdrive.fr/image.ashx?id=2339879&use=l&cat=p&typeid=i","cat":284462},{"id":44900,"n":"Baguette précuite four Epi d'Or précuite four en pierre - 250g","p":1.35,"u":"5,40 €/KG","img":"https://fd1-photos.leclercdrive.fr/image.ashx?id=2956963&use=l&cat=p&typeid=i","cat":325069},{"id":44910,"n":"Crème dessert La Laitière Pot de crème chocolat - 8x100g","p":4.32,"u":"5,40 €/KG","img":"https://fd1-photos.leclercdrive.fr/image.ashx?id=2692116&use=l&cat=p&typeid=i","cat":285041},{"id":44941,"n":"Mini gratins Côté Table Pomme de terre Epinard  x4 480g","p":3.85,"u":"8,02 €/KG","img":"https://fd1-photos.leclercdrive.fr/image.ashx?id=2641286&use=l&cat=p&typeid=i","cat":319802},{"id":44942,"n":"Mini gratins Côté Table Pomme de terre Champignons 400g","p":3.65,"u":"9,13 €/KG","img":"https://fd1-photos.leclercdrive.fr/image.ashx?id=2074431&use=l&cat=p&typeid=i","cat":319802},{"id":44944,"n":"Oeufs de caille De Nos Régions x18","p":2.39,"u":"0,13 €/P","img":"https://fd1-photos.leclercdrive.fr/image.ashx?id=1070469&use=l&cat=p&typeid=i","cat":284378},{"id":44947,"n":"Pâtes Tagliatelle Panzani Qualité Pâtes Fraîche - 400G","p":1.72,"u":"4,30 €/KG","img":"https://fd1-photos.leclercdrive.fr/image.ashx?id=2872856&use=l&cat=p&typeid=i","cat":284427},{"id":44948,"n":"Pâtes Fetucine Panzani Qualité Pâtes Fraîche - 400G","p":1.77,"u":"4,43 €/KG","img":"https://fd1-photos.leclercdrive.fr/image.ashx?id=2902948&use=l&cat=p&typeid=i","cat":284427},{"id":44953,"n":"Pâtes Sans gluten Barilla Spaghetti - 400g","p":1.84,"u":"4,60 €/KG","img":"https://fd1-photos.leclercdrive.fr/image.ashx?id=2647639&use=l&cat=p&typeid=i","cat":284427},{"id":44954,"n":"Pâtes Sans gluten Barilla Penne Rigate - 400g","p":1.84,"u":"4,60 €/KG","img":"https://fd1-photos.leclercdrive.fr/image.ashx?id=2975461&use=l&cat=p&typeid=i","cat":284427},{"id":44959,"n":"Lingettes démaquillantes Inell Eau micellaire x25","p":2.6,"u":"0,10 €/P","img":"https://fd1-photos.leclercdrive.fr/image.ashx?id=2764392&use=l&cat=p&typeid=i","cat":284603},{"id":44963,"n":"Stick lèvres Inell Miss pink - 1 pièce","p":1.69,"img":"https://fd1-photos.leclercdrive.fr/image.ashx?id=2691673&use=l&cat=p&typeid=i","cat":285485},{"id":44964,"n":"Alèses absorbantes Chorys 60x90cm - x16","p":6.99,"u":"0,44 €/P","img":"https://fd1-photos.leclercdrive.fr/image.ashx?id=2860076&use=l&cat=p&typeid=i","cat":284628},{"id":44967,"n":"Culottes bébé Mots d'Enfants  T5 : 12/18kg - x20 changes","p":5.45,"u":"0,27 €/P","img":"https://fd1-photos.leclercdrive.fr/image.ashx?id=2904580&use=l&cat=p&typeid=i","cat":290633},{"id":44968,"n":"Culottes bébé Mots d'Enfants  T6 : 16kg - x18 changes","p":4.99,"u":"0,28 €/P","img":"https://fd1-photos.leclercdrive.fr/image.ashx?id=2907201&use=l&cat=p&typeid=i","cat":290633},{"id":44977,"n":"Mousse nettoyante Inell Peaux sensibles 150ml","p":2.99,"u":"19,93 €/L","img":"https://fd1-photos.leclercdrive.fr/image.ashx?id=1993200&use=l&cat=p&typeid=i","cat":284603},{"id":44980,"n":"Gel lave-vaisselle Visior Classique x75 - 1,5L","p":4.75,"u":"3,17 €/L","img":"https://fd1-photos.leclercdrive.fr/image.ashx?id=2939061&use=l&cat=p&typeid=i","cat":284656},{"id":45005,"n":"Fond de veau Rustica dégraissé 100g","p":2.18,"u":"21,80 €/KG","img":"https://fd1-photos.leclercdrive.fr/image.ashx?id=2979571&use=l&cat=p&typeid=i","cat":288379},{"id":45009,"n":"Cacahuètes grillées Tokapi salées 3x120g","p":1.49,"u":"4,14 €/KG","img":"https://fd1-photos.leclercdrive.fr/image.ashx?id=2799769&use=l&cat=p&typeid=i","cat":284448},{"id":45015,"n":"Biscuits P'tit Déli Pépites de chocolat 300g","p":2.49,"u":"8,30 €/KG","img":"https://fd1-photos.leclercdrive.fr/image.ashx?id=2390425&use=l&cat=p&typeid=i","cat":284487},{"id":45016,"n":"AOC Médoc vin rouge Chantet Blanet - 75cl","p":3.99,"u":"5,32 €/L","img":"https://fd1-photos.leclercdrive.fr/image.ashx?id=2840737&use=l&cat=p&typeid=i","cat":289556},{"id":45019,"n":"AOC Minervois vin rouge Prieur Barsanne - 75cl","p":2.99,"u":"3,99 €/L","img":"https://fd1-photos.leclercdrive.fr/image.ashx?id=2722817&use=l&cat=p&typeid=i","cat":289556},{"id":45023,"n":"AOC Moulin-à-Vent vin rouge Antoine Barrier - 75cl","p":7.75,"u":"10,33 €/L","img":"https://fd1-photos.leclercdrive.fr/image.ashx?id=2741625&use=l&cat=p&typeid=i","cat":289556},{"id":45029,"n":"AOP Vin blanc Muscadet Sèvre & Maine sur Lie - 75cl","p":4.19,"u":"5,59 €/L","img":"https://fd1-photos.leclercdrive.fr/image.ashx?id=2750147&use=l&cat=p&typeid=i","cat":289557},{"id":45035,"n":"AOP Alsace Riesling vin blanc Rebmann - 75 cl","p":4.85,"u":"6,47 €/L","img":"https://fd1-photos.leclercdrive.fr/image.ashx?id=2754213&use=l&cat=p&typeid=i","cat":289557},{"id":45038,"n":"AOP Côtes du Rhône vin rouge Grégoire XI - 75 cl","p":2.99,"u":"3,99 €/L","img":"https://fd1-photos.leclercdrive.fr/image.ashx?id=2928222&use=l&cat=p&typeid=i","cat":289556},{"id":45041,"n":"AOC Beaujolais vin rouge Antoine Barrier - 75cl","p":4.99,"u":"6,65 €/L","img":"https://fd1-photos.leclercdrive.fr/image.ashx?id=2723365&use=l&cat=p&typeid=i","cat":289556},{"id":45050,"n":"AOP Bourgogne Pinot noir vin rouge Antoine Barrier - 75cl","p":7.99,"u":"10,65 €/L","img":"https://fd1-photos.leclercdrive.fr/image.ashx?id=2694106&use=l&cat=p&typeid=i","cat":289556},{"id":45051,"n":"AOP Chablis vin blanc Antoine Barrier - 75cl","p":12.99,"u":"17,32 €/L","img":"https://fd1-photos.leclercdrive.fr/image.ashx?id=2939067&use=l&cat=p&typeid=i","cat":289557},{"id":45052,"n":"Velouté Régal Soupe Potiron Châtaigne - 1L","p":2.46,"u":"2,46 €/L","img":"https://fd1-photos.leclercdrive.fr/image.ashx?id=2983811&use=l&cat=p&typeid=i","cat":284462},{"id":45053,"n":"Soupe Velouté Régal Soupe Potiron fromage fondu 1L","p":2.36,"u":"2,36 €/L","img":"https://fd1-photos.leclercdrive.fr/image.ashx?id=2607572&use=l&cat=p&typeid=i","cat":284462},{"id":45065,"n":"Bretzels d'alsace NRT sachet 200g","p":0.74,"u":"3,70 €/KG","img":"https://fd1-photos.leclercdrive.fr/image.ashx?id=2638018&use=l&cat=p&typeid=i","cat":297000},{"id":45066,"n":"Petits biscuits salés NRT D'Alsace - 200g","p":0.99,"u":"4,95 €/KG","img":"https://fd1-photos.leclercdrive.fr/image.ashx?id=2638021&use=l&cat=p&typeid=i","cat":297000},{"id":45068,"n":"Pâtes Sans gluten Barilla Coquillettes - 400g","p":1.84,"u":"4,60 €/KG","img":"https://fd1-photos.leclercdrive.fr/image.ashx?id=2976113&use=l&cat=p&typeid=i","cat":284427},{"id":45101,"n":"Carrés de soin Mots d'Enfants Bébés - x100","p":1.99,"u":"0,02 €/P","img":"https://fd1-photos.leclercdrive.fr/image.ashx?id=3014245&use=l&cat=p&typeid=i","cat":284739},{"id":45102,"n":"Culottes bébé Mots d'Enfants  T4 : 8/15kg - x22 changes","p":5.35,"u":"0,24 €/P","img":"https://fd1-photos.leclercdrive.fr/image.ashx?id=2907198&use=l&cat=p&typeid=i","cat":290633},{"id":45138,"n":"Biscuits Bio Bjorg complets P'tit nature - 200g","p":1.6,"u":"8,00 €/KG","img":"https://fd1-photos.leclercdrive.fr/image.ashx?id=2906157&use=l&cat=p&typeid=i","cat":284487},{"id":45145,"n":"Crème amande cuisine  Bjorg  Bio - 200ml","p":1.75,"u":"8,75 €/L","img":"https://fd1-photos.leclercdrive.fr/image.ashx?id=2851770&use=l&cat=p&typeid=i","cat":288383},{"id":45148,"n":"Boisson végétale épeautre noisette Bjorg Bio - 1L","p":2.46,"u":"2,46 €/L","img":"https://fd1-photos.leclercdrive.fr/image.ashx?id=2960804&use=l&cat=p&typeid=i","cat":316067},{"id":45149,"n":"Boisson végétale lait d'amande  chocolat bjorg bio - 1l","p":2.59,"u":"2,59 €/L","img":"https://fd1-photos.leclercdrive.fr/image.ashx?id=2939412&use=l&cat=p&typeid=i","cat":316067},{"id":45150,"n":"Biscuits lunettes Bio Bjorg Fraise 200g","p":2.62,"u":"13,10 €/KG","img":"https://fd1-photos.leclercdrive.fr/image.ashx?id=2999976&use=l&cat=p&typeid=i","cat":284489},{"id":45157,"n":"Boulghour Tunisienne Céréal Bio Bio repas express - 220g","p":2.06,"u":"9,36 €/KG","img":"https://fd1-photos.leclercdrive.fr/image.ashx?id=2574062&use=l&cat=p&typeid=i","cat":287600},{"id":45165,"n":"Pots soir bébé bio Babybio Légumes blé - 6 mois - 2x200g","p":2.9,"u":"7,25 €/KG","img":"https://fd1-photos.leclercdrive.fr/image.ashx?id=2827479&use=l&cat=p&typeid=i","cat":312239},{"id":45167,"n":"Flocons avoine bio  Terres et Céréales - 500g","p":1.96,"u":"3,92 €/KG","img":"https://fd1-photos.leclercdrive.fr/image.ashx?id=2471907&use=l&cat=p&typeid=i","cat":309512},{"id":45168,"n":"Bouillon cube bio Jardin Bio Légumes - 72g","p":1.85,"u":"25,69 €/KG","img":"https://fd1-photos.leclercdrive.fr/image.ashx?id=2535535&use=l&cat=p&typeid=i","cat":288379},{"id":45169,"n":"Bouillon cube bio Jardin Bio Volaille dégraissé x10 - 100g","p":2.27,"u":"22,70 €/KG","img":"https://fd1-photos.leclercdrive.fr/image.ashx?id=2535538&use=l&cat=p&typeid=i","cat":288379},{"id":45171,"n":"Chocolat noir Bio Ethiquable   70% Pérou - 100g","p":2.87,"u":"28,70 €/KG","img":"https://fd1-photos.leclercdrive.fr/image.ashx?id=2870896&use=l&cat=p&typeid=i","cat":284956},{"id":45172,"n":"Chocolat noir Bio Ethiquable 72% Haïti - 100g","p":2.92,"u":"29,20 €/KG","img":"https://fd1-photos.leclercdrive.fr/image.ashx?id=2870914&use=l&cat=p&typeid=i","cat":284956},{"id":45191,"n":"Couscous Jardin Bio Bio légumes du soleil - 220g","p":2.36,"u":"10,73 €/KG","img":"https://fd1-photos.leclercdrive.fr/image.ashx?id=2535022&use=l&cat=p&typeid=i","cat":287600},{"id":45192,"n":"Pâtes bio Jardin Bio Coquillettes 3 min - 500g","p":1.79,"u":"3,58 €/KG","img":"https://fd1-photos.leclercdrive.fr/image.ashx?id=2939976&use=l&cat=p&typeid=i","cat":284427},{"id":45193,"n":"Chocolat noir Bio Ethiquable  85% Madagascar - 100g","p":2.97,"u":"29,70 €/KG","img":"https://fd1-photos.leclercdrive.fr/image.ashx?id=2870881&use=l&cat=p&typeid=i","cat":284956},{"id":45194,"n":"Chocolat noir Bio Ethiquable  80% Equateur - 100g","p":2.93,"u":"29,30 €/KG","img":"https://fd1-photos.leclercdrive.fr/image.ashx?id=2870917&use=l&cat=p&typeid=i","cat":284956},{"id":45197,"n":"Quinoa boulghour  Céréal Bio  à l'Indienne bio -220g","p":2.37,"u":"10,77 €/KG","img":"https://fd1-photos.leclercdrive.fr/image.ashx?id=2574068&use=l&cat=p&typeid=i","cat":287600},{"id":45198,"n":"Légumes et orge bio Céréal Bio  Compotée d'aubergines - 250g","p":1.99,"u":"7,96 €/KG","img":"https://fd1-photos.leclercdrive.fr/image.ashx?id=2574071&use=l&cat=p&typeid=i","cat":287600},{"id":45205,"n":"Biscuits fourrés Bio Bjorg  Chocolat lait noisette - 225g","p":3.78,"u":"16,80 €/KG","img":"https://fd1-photos.leclercdrive.fr/image.ashx?id=2970930&use=l&cat=p&typeid=i","cat":284488},{"id":45207,"n":"Biscuits Bio Bjorg Fourrés à la Vanille - 225g","p":3.87,"u":"17,20 €/KG","img":"https://fd1-photos.leclercdrive.fr/image.ashx?id=2912059&use=l&cat=p&typeid=i","cat":284489},{"id":45212,"n":"Duo de quinoa Jardin Bio  Bio aux légumes - 250g","p":2.18,"u":"8,72 €/KG","img":"https://fd1-photos.leclercdrive.fr/image.ashx?id=2535481&use=l&cat=p&typeid=i","cat":287600},{"id":45213,"n":"Flageolets Jardin Bio  Bio cuisinés - 680g","p":2.99,"u":"4,40 €/KG","img":"https://fd1-photos.leclercdrive.fr/image.ashx?id=2918319&use=l&cat=p&typeid=i","cat":312606},{"id":45217,"n":"Galette  Céréal Bio  Bio riz légumes Colombo x2 200g","p":2.77,"u":"13,85 €/KG","img":"https://fd1-photos.leclercdrive.fr/image.ashx?id=2573510&use=l&cat=p&typeid=i","cat":284953},{"id":45229,"n":"biscuits gaufres bio bjorg  Miel - 175g","p":2.19,"u":"12,51 €/KG","img":"https://fd1-photos.leclercdrive.fr/image.ashx?id=2915973&use=l&cat=p&typeid=i","cat":294777},{"id":45231,"n":"Huile bio  Cauvin sésame - 25cl","p":3.27,"u":"13,08 €/L","img":"https://fd1-photos.leclercdrive.fr/image.ashx?id=2484224&use=l&cat=p&typeid=i","cat":284453},{"id":45239,"n":"plat cuisiné lentilles bio carottes  bjorg 250g","p":1.73,"u":"6,92 €/KG","img":"https://fd1-photos.leclercdrive.fr/image.ashx?id=2861521&use=l&cat=p&typeid=i","cat":287600},{"id":45244,"n":"boisson végétale lait d'amande  bio bjorg 1l","p":2.25,"u":"2,25 €/L","img":"https://fd1-photos.leclercdrive.fr/image.ashx?id=2967067&use=l&cat=p&typeid=i","cat":316067},{"id":45245,"n":"Boisson végétale lait d'amande  vanille bjorg bio - 1l","p":2.36,"u":"2,36 €/L","img":"https://fd1-photos.leclercdrive.fr/image.ashx?id=2991978&use=l&cat=p&typeid=i","cat":316067},{"id":45251,"n":"Lentilles vertes Jardin Bio  Bio saveur du terroir - 250g","p":1.75,"u":"7,00 €/KG","img":"https://fd1-photos.leclercdrive.fr/image.ashx?id=2535559&use=l&cat=p&typeid=i","cat":287600},{"id":45252,"n":"Lentilles Jardin Bio  Bio façon petit salé - 250g","p":1.94,"u":"7,76 €/KG","img":"https://fd1-photos.leclercdrive.fr/image.ashx?id=2535019&use=l&cat=p&typeid=i","cat":287600},{"id":45253,"n":"Infusion détox Bio Clipper Hibiscus fruits rouges - 40g","p":2.21,"u":"55,25 €/KG","img":"https://fd1-photos.leclercdrive.fr/image.ashx?id=2922083&use=l&cat=p&typeid=i","cat":293234},{"id":45254,"n":"Infusion Clipper Bio - Citron gingembre - 50g","p":2.18,"u":"43,60 €/KG","img":"https://fd1-photos.leclercdrive.fr/image.ashx?id=2909176&use=l&cat=p&typeid=i","cat":293234},{"id":45261,"n":"Orge riz rouge bio Céréal Bio  lentilles repas express-220g","p":1.79,"u":"7,16 €/KG","img":"https://fd1-photos.leclercdrive.fr/image.ashx?id=2574080&use=l&cat=p&typeid=i","cat":287600},{"id":45262,"n":"Orge pruneaux bio Céréal Bio  Marocain repas express-220g","p":2.33,"u":"10,59 €/KG","img":"https://fd1-photos.leclercdrive.fr/image.ashx?id=2575075&use=l&cat=p&typeid=i","cat":287600},{"id":45270,"n":"Pains au chocolat Bio La Boulangère - 6x270g","p":2.62,"u":"9,70 €/KG","img":"https://fd1-photos.leclercdrive.fr/image.ashx?id=2912185&use=l&cat=p&typeid=i","cat":296366},{"id":45274,"n":"Maïs doux Jardin Bio  Bio - 230g","p":2.21,"u":"9,61 €/KG","img":"https://fd1-photos.leclercdrive.fr/image.ashx?id=2903233&use=l&cat=p&typeid=i","cat":312611},{"id":45276,"n":"Pain de mie La Boulangère  Céréales Bio - 500g","p":2.55,"u":"5,10 €/KG","img":"https://fd1-photos.leclercdrive.fr/image.ashx?id=2912398&use=l&cat=p&typeid=i","cat":284477},{"id":45278,"n":"Purée potimarron Céréal Bio  lentilles bio-250g","p":1.78,"u":"7,12 €/KG","img":"https://fd1-photos.leclercdrive.fr/image.ashx?id=2574074&use=l&cat=p&typeid=i","cat":287600},{"id":45287,"n":"Repas bébé Babybio - 4 mois Légumes Bio - 2x130g","p":2.07,"u":"7,96 €/KG","img":"https://fd1-photos.leclercdrive.fr/image.ashx?id=2827443&use=l&cat=p&typeid=i","cat":312234},{"id":45288,"n":"Compote bébé Babybio Bio 4 mois Pomme / Myrtille - 2x130g","p":2.09,"u":"8,04 €/KG","img":"https://fd1-photos.leclercdrive.fr/image.ashx?id=2827491&use=l&cat=p&typeid=i","cat":312387},{"id":45289,"n":"Petits pois bio Jardin Bio A l'étuvée extra fins - 230g","p":2.28,"u":"9,91 €/KG","img":"https://fd1-photos.leclercdrive.fr/image.ashx?id=2944732&use=l&cat=p&typeid=i","cat":312607},{"id":45290,"n":"Petits pois Le jardin Bio  Bio extra fins - 445g","p":3.19,"u":"7,17 €/KG","img":"https://fd1-photos.leclercdrive.fr/image.ashx?id=2944735&use=l&cat=p&typeid=i","cat":312607},{"id":45291,"n":"Quinoa Jardin Bio  Bio poulet et Sésame - 250g","p":2.48,"u":"9,92 €/KG","img":"https://fd1-photos.leclercdrive.fr/image.ashx?id=2956433&use=l&cat=p&typeid=i","cat":287600},{"id":45294,"n":"Asperges blanches D'Aucy Grosses x2 410g","p":5.9,"u":"14,39 €/KG","img":"https://fd1-photos.leclercdrive.fr/image.ashx?id=2488854&use=l&cat=p&typeid=i","cat":312611},{"id":45295,"n":"Asperges vertes d'Aucy Grosses - x2 - 370g","p":5.75,"u":"15,54 €/KG","img":"https://fd1-photos.leclercdrive.fr/image.ashx?id=2217987&use=l&cat=p&typeid=i","cat":312611},{"id":45319,"n":"Pineau blanc Charentes NRT  17% vol - 75cl","p":7.95,"u":"10,60 €/L","img":"https://fd1-photos.leclercdrive.fr/image.ashx?id=2679804&use=l&cat=p&typeid=i","cat":284913},{"id":45320,"n":"Pineau rosé Charentes NRT  17% vol - 75cl","p":8.99,"u":"11,99 €/L","img":"https://fd1-photos.leclercdrive.fr/image.ashx?id=2562123&use=l&cat=p&typeid=i","cat":284913},{"id":45339,"n":"Tartine sarrasin Céréal Bio Bio - 145g","p":1.54,"u":"10,62 €/KG","img":"https://fd1-photos.leclercdrive.fr/image.ashx?id=2810792&use=l&cat=p&typeid=i","cat":284479},{"id":45340,"n":"Tartine  Céréal Bio  Bio multicéréales - 145g","p":1.49,"u":"10,28 €/KG","img":"https://fd1-photos.leclercdrive.fr/image.ashx?id=2810795&use=l&cat=p&typeid=i","cat":284479},{"id":45341,"n":"Tartines bio Céréal Bio  Riz et châtaigne - 145g","p":2.43,"u":"16,76 €/KG","img":"https://fd1-photos.leclercdrive.fr/image.ashx?id=2752912&use=l&cat=p&typeid=i","cat":284479},{"id":45342,"n":"Salade bio Céréal Bio Lentilles, légumes, tofu -220g","p":1.98,"u":"9,00 €/KG","img":"https://fd1-photos.leclercdrive.fr/image.ashx?id=2574077&use=l&cat=p&typeid=i","cat":287600},{"id":45351,"n":"Tartines bio Jardin Bio Sarrasin sans gluten - 150g","p":2.04,"u":"13,60 €/KG","img":"https://fd1-photos.leclercdrive.fr/image.ashx?id=2535547&use=l&cat=p&typeid=i","cat":318654},{"id":45354,"n":"Tartines bio Jardin Bio Châtaigne sans gluten - 150g","p":2.23,"u":"14,87 €/KG","img":"https://fd1-photos.leclercdrive.fr/image.ashx?id=2537649&use=l&cat=p&typeid=i","cat":318654},{"id":45355,"n":"Thé vert Bio Clipper Au Citron - 20 sachets - 35g","p":2.19,"u":"62,57 €/KG","img":"https://fd1-photos.leclercdrive.fr/image.ashx?id=2922089&use=l&cat=p&typeid=i","cat":293233},{"id":45372,"n":"Tomates pelées Jardin Bio  Bio Entières au jus - 240g","p":1.28,"u":"5,33 €/KG","img":"https://fd1-photos.leclercdrive.fr/image.ashx?id=2967911&use=l&cat=p&typeid=i","cat":288384},{"id":45382,"n":"Déodorant Spray Femme Nivea Protect & Care - 200ml","p":2.69,"u":"13,45 €/L","img":"https://fd1-photos.leclercdrive.fr/image.ashx?id=2869188&use=l&cat=p&typeid=i","cat":284595},{"id":45415,"n":"Fromage Emmental Entremont Râpé  - 300g","p":3.44,"u":"11,47 €/KG","img":"https://fd1-photos.leclercdrive.fr/image.ashx?id=2983156&use=l&cat=p&typeid=i","cat":314035},{"id":45455,"n":"Soupe Velouté Bio Village Saveurs du sud Bio - 2x30cl","p":1.69,"u":"2,82 €/L","img":"https://fd1-photos.leclercdrive.fr/image.ashx?id=2363814&use=l&cat=p&typeid=i","cat":284462},{"id":45456,"n":"Chips Bio Village Bio Nature - 6x30g","p":2.99,"u":"16,61 €/KG","img":"https://fd1-photos.leclercdrive.fr/image.ashx?id=2838957&use=l&cat=p&typeid=i","cat":284447},{"id":45478,"n":"Nettoyant lave-vaisselle Visior 3x40g","p":2.9,"u":"24,17 €/KG","img":"https://fd1-photos.leclercdrive.fr/image.ashx?id=2742694&use=l&cat=p&typeid=i","cat":284657},{"id":45479,"n":"Nettoyant Dentamyl Appareils dentaires x36","p":2.01,"img":"https://fd1-photos.leclercdrive.fr/image.ashx?id=2486799&use=l&cat=p&typeid=i","cat":285158},{"id":45483,"n":"Pastilles javel Clair Parfum Menthe x42 - 168g","p":1.44,"u":"8,57 €/KG","img":"https://fd1-photos.leclercdrive.fr/image.ashx?id=2631447&use=l&cat=p&typeid=i","cat":284661},{"id":45498,"n":"Sacs poubelle 30L Elembal Ultra resist - x20","p":3.25,"u":"0,16 €/P","img":"https://fd1-photos.leclercdrive.fr/image.ashx?id=2958729&use=l&cat=p&typeid=i","cat":285168},{"id":45499,"n":"Sacs poubelle 50L Elembal Ultra résist - x15","p":3.9,"u":"0,26 €/P","img":"https://fd1-photos.leclercdrive.fr/image.ashx?id=2958732&use=l&cat=p&typeid=i","cat":285168},{"id":45500,"n":"Sacs poubelle 100L Elembal Ultra résist - x10","p":3.73,"u":"0,37 €/P","img":"https://fd1-photos.leclercdrive.fr/image.ashx?id=2958735&use=l&cat=p&typeid=i","cat":285168},{"id":45540,"n":"Pizza l'Ovale Sodebo Jambon et fromages - 200g","p":1.48,"u":"7,40 €/KG","img":"https://fd1-photos.leclercdrive.fr/image.ashx?id=2407211&use=l&cat=p&typeid=i","cat":333679},{"id":45541,"n":"Pizza l'Ovale Sodebo 3 fromages fondants - 200g","p":1.64,"u":"8,20 €/KG","img":"https://fd1-photos.leclercdrive.fr/image.ashx?id=2723644&use=l&cat=p&typeid=i","cat":333679},{"id":45636,"n":"Bouquet garni Ducros Epices à la provençale - 18g","p":1.39,"u":"77,22 €/KG","img":"https://fd1-photos.leclercdrive.fr/image.ashx?id=1715377&use=l&cat=p&typeid=i","cat":298297},{"id":45642,"n":"Ratatouille Cuisinée Cassegrain à la Provençale 185g","p":1.86,"u":"10,05 €/KG","img":"https://fd1-photos.leclercdrive.fr/image.ashx?id=2913007&use=l&cat=p&typeid=i","cat":312612},{"id":45644,"n":"Recharge SpaWax Expert Veet Figue Sucrée et Lys Violet x6","p":5.63,"u":"37,53 €/KG","img":"https://fd1-photos.leclercdrive.fr/image.ashx?id=2854351&use=l&cat=p&typeid=i","cat":325351},{"id":45671,"n":"Chips Bret's Chèvre/piment d'espelette -125g","p":1.19,"u":"9,52 €/KG","img":"https://fd1-photos.leclercdrive.fr/image.ashx?id=1941593&use=l&cat=p&typeid=i","cat":284447},{"id":45708,"n":"Yaourt à boire Mini Yop Aromatisé Fraise - 8x100g","p":2.33,"u":"2,91 €/KG","img":"https://fd1-photos.leclercdrive.fr/image.ashx?id=2985159&use=l&cat=p&typeid=i","cat":284415},{"id":45710,"n":"Fromage Burger cheddar/emmental Président - 20 tranches - 340g","p":2.7,"u":"7,94 €/KG","img":"https://fd1-photos.leclercdrive.fr/image.ashx?id=2628239&use=l&cat=p&typeid=i","cat":314028},{"id":45712,"n":"Emmental râpé fondant Président 500g","p":4.83,"u":"9,66 €/KG","img":"https://fd1-photos.leclercdrive.fr/image.ashx?id=2489464&use=l&cat=p&typeid=i","cat":314035},{"id":45805,"n":"Emincé de thon Rondes des Mers Fumé - 100g","p":3.99,"u":"39,90 €/KG","img":"https://fd1-photos.leclercdrive.fr/image.ashx?id=2381435&use=l&cat=p&typeid=i","cat":285188},{"id":45813,"n":"Cire divine Nair Monoï - 400g","p":7.1,"u":"17,75 €/KG","img":"https://fd1-photos.leclercdrive.fr/image.ashx?id=2903239&use=l&cat=p&typeid=i","cat":325351},{"id":45825,"n":"Brosse à dents pro Dentamyl Souple x2","p":0.72,"u":"0,36 €/P","img":"https://fd1-photos.leclercdrive.fr/image.ashx?id=2790979&use=l&cat=p&typeid=i","cat":284614},{"id":45826,"n":"Brosse à dents pro Dentamyl Médium x2","p":0.65,"u":"0,33 €/P","img":"https://fd1-photos.leclercdrive.fr/image.ashx?id=2790982&use=l&cat=p&typeid=i","cat":284614},{"id":45867,"n":"Crème dessert Mont Blanc Coupelles Chocolat - 4x125g","p":3.23,"u":"6,46 €/KG","img":"https://fd1-photos.leclercdrive.fr/image.ashx?id=2961104&use=l&cat=p&typeid=i","cat":284506},{"id":45868,"n":"Crème dessert Mont Blanc Coupelles Vanille - 4x125g","p":3.38,"u":"6,76 €/KG","img":"https://fd1-photos.leclercdrive.fr/image.ashx?id=2967301&use=l&cat=p&typeid=i","cat":284506},{"id":45870,"n":"Vinaigre ménager Clair 100% naturel - 1L","p":1.08,"u":"1,08 €/L","img":"https://fd1-photos.leclercdrive.fr/image.ashx?id=2779199&use=l&cat=p&typeid=i","cat":325365},{"id":45908,"n":"Biscuits fourrés Prince Chocolat - 3x300g","p":3.67,"u":"4,08 €/KG","img":"https://fd1-photos.leclercdrive.fr/image.ashx?id=3014641&use=l&cat=p&typeid=i","cat":284488},{"id":45909,"n":"Whisky Ballantine's 12 ans Blended Scotch 40% vol - 70cl","p":25.93,"u":"37,04 €/L","img":"https://fd1-photos.leclercdrive.fr/image.ashx?id=2957659&use=l&cat=p&typeid=i","cat":284547},{"id":45914,"n":"Caramel beurre salé NRT De Guérande -200g","p":3.29,"u":"16,45 €/KG","img":"https://fd1-photos.leclercdrive.fr/image.ashx?id=1907759&use=l&cat=p&typeid=i","cat":284481},{"id":45923,"n":"Pur jus d'orange Bio Village Bio avec pulpe - 1L","p":3.11,"u":"3,11 €/L","img":"https://fd1-photos.leclercdrive.fr/image.ashx?id=2901542&use=l&cat=p&typeid=i","cat":284521},{"id":45965,"n":"Saucisses Knacki Herta Poulet x6 - 210g","p":1.68,"u":"8,00 €/KG","img":"https://fd1-photos.leclercdrive.fr/image.ashx?id=2290428&use=l&cat=p&typeid=i","cat":316012},{"id":46006,"n":"AOP Jurançon vin blanc Moelleux Terrasses d'Autan-75cl","p":6.99,"u":"9,32 €/L","img":"https://fd1-photos.leclercdrive.fr/image.ashx?id=2774859&use=l&cat=p&typeid=i","cat":289557},{"id":46016,"n":"Chocolat Pâtissier Tablette dOr Chocolat Noir - 3x200g","p":5.2,"u":"8,67 €/KG","img":"https://fd1-photos.leclercdrive.fr/image.ashx?id=2958519&use=l&cat=p&typeid=i","cat":285562},{"id":46027,"n":"Bonbon Boule Magique 175g","p":1.66,"u":"9,49 €/KG","img":"https://fd1-photos.leclercdrive.fr/image.ashx?id=2963880&use=l&cat=p&typeid=i","cat":304250},{"id":46028,"n":"IGP Pays d'Oc Rosé Grenache Cinsault JP Chenet 12.5% BIB 3L","p":10.26,"u":"3,42 €/L","img":"https://fd1-photos.leclercdrive.fr/image.ashx?id=2941715&use=l&cat=p&typeid=i","cat":289560},{"id":46043,"n":"Barre 2 chocolats Gerlinéa  Repas minceur x10, 310g","p":6.31,"u":"20,35 €/KG","img":"https://fd1-photos.leclercdrive.fr/image.ashx?id=2638181&use=l&cat=p&typeid=i","cat":318652},{"id":46044,"n":"Barre chocolat orange GERLINEA  Repas minceur x10, 310g","p":6.45,"u":"20,81 €/KG","img":"https://fd1-photos.leclercdrive.fr/image.ashx?id=2654752&use=l&cat=p&typeid=i","cat":318652},{"id":46045,"n":"biscuits fourrés bio   bjorg myrtille - 175g","p":2.71,"u":"15,49 €/KG","img":"https://fd1-photos.leclercdrive.fr/image.ashx?id=2979734&use=l&cat=p&typeid=i","cat":284489},{"id":46047,"n":"Sirop d'érable  250g","p":3.3,"u":"13,20 €/KG","img":"https://fd1-photos.leclercdrive.fr/image.ashx?id=2480298&use=l&cat=p&typeid=i","cat":287643},{"id":46049,"n":"Pulpe de tomate Jardin Bio Bio - 500g","p":2.23,"u":"4,46 €/L","img":"https://fd1-photos.leclercdrive.fr/image.ashx?id=2535031&use=l&cat=p&typeid=i","cat":288384},{"id":46051,"n":"Menus chat Tous mes amis Viande menus gourmands 24x100g","p":6.95,"u":"2,90 €/KG","img":"https://fd1-photos.leclercdrive.fr/image.ashx?id=2027607&use=l&cat=p&typeid=i","cat":285286},{"id":46052,"n":"Gelée pour chat Tous mes amis Poisson menus gourmands 24x100g","p":6.95,"u":"2,90 €/KG","img":"https://fd1-photos.leclercdrive.fr/image.ashx?id=2027604&use=l&cat=p&typeid=i","cat":285286},{"id":46072,"n":"Saucisson sec Le Galibier 200g","p":4.69,"u":"23,45 €/KG","img":"https://fd1-photos.leclercdrive.fr/image.ashx?id=2817686&use=l&cat=p&typeid=i","cat":316006},{"id":46098,"n":"Biscuits chocolat Prince Lu 6x300g","p":7.87,"u":"4,37 €/KG","img":"https://fd1-photos.leclercdrive.fr/image.ashx?id=2737165&use=l&cat=p&typeid=i","cat":284488},{"id":46160,"n":"Bière blanche Hoegaarden 4,9% - 12x25cl","p":8.48,"u":"2,83 €/L","img":"https://fd1-photos.leclercdrive.fr/image.ashx?id=2948420&use=l&cat=p&typeid=i","cat":334878},{"id":46166,"n":"Crackers bio Bio Village 3 graines - 200g","p":2.69,"u":"13,45 €/KG","img":"https://fd1-photos.leclercdrive.fr/image.ashx?id=2310504&use=l&cat=p&typeid=i","cat":297000},{"id":46224,"n":"Friandises chien Pedigree Récompense bœuf fromage - 140g","p":1.46,"u":"10,43 €/KG","img":"https://fd1-photos.leclercdrive.fr/image.ashx?id=2256203&use=l&cat=p&typeid=i","cat":294527},{"id":46256,"n":"Porto Sandeman Ruby 19.5%vol - 75cl","p":8.91,"u":"11,88 €/L","img":"https://fd1-photos.leclercdrive.fr/image.ashx?id=2794625&use=l&cat=p&typeid=i","cat":284913},{"id":46320,"n":"Copeaux de bois Beaux Jours 50L","p":7.49,"u":"0,15 €/L","img":"https://fd1-photos.leclercdrive.fr/image.ashx?id=2162357&use=l&cat=p&typeid=i","cat":335919},{"id":46381,"n":"Fromage Emmenta Les Croisés En dés - 150g","p":1.89,"u":"12,60 €/KG","img":"https://fd1-photos.leclercdrive.fr/image.ashx?id=2422550&use=l&cat=p&typeid=i","cat":314027},{"id":46409,"n":"Colle papier peint Foxter Universelle - 250g","p":3.9,"u":"15,60 €/KG","img":"https://fd1-photos.leclercdrive.fr/image.ashx?id=826070&use=l&cat=p&typeid=i","cat":300576},{"id":46462,"n":"Mini coudes Turini 500g","p":0.99,"u":"1,98 €/KG","img":"https://fd1-photos.leclercdrive.fr/image.ashx?id=2607566&use=l&cat=p&typeid=i","cat":284427},{"id":46469,"n":"IGP Pâte Garofalo  Riccioli - 500g","p":1.86,"u":"3,72 €/KG","img":"https://fd1-photos.leclercdrive.fr/image.ashx?id=2884840&use=l&cat=p&typeid=i","cat":284427},{"id":46470,"n":"IGP Penne rigate Garofalo  - 500g","p":1.64,"u":"3,28 €/KG","img":"https://fd1-photos.leclercdrive.fr/image.ashx?id=3011893&use=l&cat=p&typeid=i","cat":284427},{"id":46471,"n":"IGP Pâte Garofalo  Linguine - 500g","p":1.74,"u":"3,48 €/KG","img":"https://fd1-photos.leclercdrive.fr/image.ashx?id=3005347&use=l&cat=p&typeid=i","cat":284427},{"id":46472,"n":"Pandoro Tradizioni D'italia 500g","p":5.99,"u":"11,98 €/KG","img":"https://fd1-photos.leclercdrive.fr/image.ashx?id=2743924&use=l&cat=p&typeid=i","cat":293600},{"id":46473,"n":"Rhum blanc Trois Rivières 40% vol - 70cl","p":12.16,"u":"17,37 €/L","img":"https://fd1-photos.leclercdrive.fr/image.ashx?id=2766334&use=l&cat=p&typeid=i","cat":284550},{"id":46494,"n":"AOC Gewurztraminer Vin blanc Alsace Albert Schoech - 75cl","p":7.5,"u":"10,00 €/L","img":"https://fd1-photos.leclercdrive.fr/image.ashx?id=2628641&use=l&cat=p&typeid=i","cat":289557},{"id":46498,"n":"Pomme de terre Bio Bio Village Four Potage - 1.5kg","p":2.99,"u":"1,99 €/KG","img":"https://fd1-photos.leclercdrive.fr/image.ashx?id=2959752&use=l&cat=p&typeid=i","cat":284352},{"id":46533,"n":"Plat à pizza Homeside Avec trous, alluminium - 30cm","p":4.5,"img":"https://fd1-photos.leclercdrive.fr/image.ashx?id=2856642&use=l&cat=p&typeid=i","cat":298490},{"id":46540,"n":"Croquette chat stérilisé Ultima Poulet - Sénior +10 ans - 1.5kg","p":6.96,"u":"4,64 €/KG","img":"https://fd1-photos.leclercdrive.fr/image.ashx?id=2922227&use=l&cat=p&typeid=i","cat":284680},{"id":46541,"n":"Croquette chat stérilisé Ultima Chat d'intérieur - Dinde -1.5kg","p":6.88,"u":"4,59 €/KG","img":"https://fd1-photos.leclercdrive.fr/image.ashx?id=2927009&use=l&cat=p&typeid=i","cat":284680},{"id":46547,"n":"Croquette chat stérilisé Ultima  Truite - Sensible - 1.5kg","p":6.87,"u":"4,58 €/KG","img":"https://fd1-photos.leclercdrive.fr/image.ashx?id=2937436&use=l&cat=p&typeid=i","cat":284680},{"id":46654,"n":"Bière blonde La Chouffe 33cl","p":2.34,"u":"7,09 €/L","img":"https://fd1-photos.leclercdrive.fr/image.ashx?id=2877073&use=l&cat=p&typeid=i","cat":334872},{"id":46667,"n":"Monster Munch Salé - 135g","p":1.37,"u":"10,15 €/KG","img":"https://fd1-photos.leclercdrive.fr/image.ashx?id=2996935&use=l&cat=p&typeid=i","cat":284449},{"id":46703,"n":"Spray désodorisant Airwick  Pure Douceur de Coton - 250ml","p":2.79,"u":"11,16 €/L","img":"https://fd1-photos.leclercdrive.fr/image.ashx?id=2858600&use=l&cat=p&typeid=i","cat":311626},{"id":46811,"n":"Huile moteur TECH9 5L","p":12.09,"u":"2,42 €/L","img":"https://fd1-photos.leclercdrive.fr/image.ashx?id=1543673&use=l&cat=p&typeid=i","cat":298253},{"id":46848,"n":"Emmental Président Sel réduit 30% - 200g","p":3.15,"u":"15,75 €/KG","img":"https://fd1-photos.leclercdrive.fr/image.ashx?id=2833363&use=l&cat=p&typeid=i","cat":314034},{"id":46981,"n":"Petit cake Bonne Maman Aux fruits - 300g","p":3.4,"u":"11,33 €/KG","img":"https://fd1-photos.leclercdrive.fr/image.ashx?id=2936173&use=l&cat=p&typeid=i","cat":284493},{"id":46982,"n":"Cookies gros éclats Granola Chocolat - 276g","p":2.43,"u":"8,80 €/KG","img":"https://fd1-photos.leclercdrive.fr/image.ashx?id=3005335&use=l&cat=p&typeid=i","cat":325066},{"id":46984,"n":"Café et Chicorée Soluble Ricoré  Original Recharge - 180g","p":3.85,"u":"21,39 €/KG","img":"https://fd1-photos.leclercdrive.fr/image.ashx?id=2980112&use=l&cat=p&typeid=i","cat":284843},{"id":46990,"n":"Chocolat en poudre Nestlé Boîte - 500g","p":4.74,"u":"9,48 €/KG","img":"https://fd1-photos.leclercdrive.fr/image.ashx?id=2817335&use=l&cat=p&typeid=i","cat":293235},{"id":47036,"n":"Litière chats Tranquille Végétale assainissant - 4L","p":5.05,"u":"1,26 €/L","img":"https://fd1-photos.leclercdrive.fr/image.ashx?id=2421868&use=l&cat=p&typeid=i","cat":284683},{"id":47038,"n":"Beurre de cacahuètes Ethiquable  Nicaragua - 350g","p":4.1,"u":"11,71 €/KG","img":"https://fd1-photos.leclercdrive.fr/image.ashx?id=2873396&use=l&cat=p&typeid=i","cat":284481},{"id":47080,"n":"Cordons Bleu poulet Le Gaulois 400g","p":4.05,"u":"10,13 €/KG","img":"https://fd1-photos.leclercdrive.fr/image.ashx?id=2860232&use=l&cat=p&typeid=i","cat":333683},{"id":47125,"n":"Cidre bouché rosé Envie de rose 2.5%vol. - 75cl","p":2.67,"u":"3,56 €/L","img":"https://fd1-photos.leclercdrive.fr/image.ashx?id=2908984&use=l&cat=p&typeid=i","cat":334880},{"id":47127,"n":"Bière Red Desperados 5.9%vol. - 6x33cl","p":8.8,"u":"4,44 €/L","img":"https://fd1-photos.leclercdrive.fr/image.ashx?id=2766229&use=l&cat=p&typeid=i","cat":334878},{"id":47128,"n":"Vin Union Européenne rouge Le Tonnelier - BIB 5L","p":8.95,"u":"1,79 €/L","img":"https://fd1-photos.leclercdrive.fr/image.ashx?id=2107468&use=l&cat=p&typeid=i","cat":289560},{"id":47129,"n":"Vin Union Européenne rouge Cabernet Sauvignon - BIB 5L","p":14.35,"u":"2,87 €/L","img":"https://fd1-photos.leclercdrive.fr/image.ashx?id=2476491&use=l&cat=p&typeid=i","cat":289560},{"id":47130,"n":"Vin Union européenne blanc Le Tonnelier - BIB 5L","p":8.95,"img":"https://fd1-photos.leclercdrive.fr/image.ashx?id=2107471&use=l&cat=p&typeid=i","cat":289557},{"id":47132,"n":"IGP Pays d'Oc blanc Les Ormes De Cambras Sauvignon 12% BIB 5L","p":15.5,"u":"3,10 €/L","img":"https://fd1-photos.leclercdrive.fr/image.ashx?id=2192389&use=l&cat=p&typeid=i","cat":289557},{"id":47169,"n":"Sacs poubelle 10L Elembal Salle de bain - x20","p":0.8,"u":"0,04 €/P","img":"https://fd1-photos.leclercdrive.fr/image.ashx?id=2793239&use=l&cat=p&typeid=i","cat":285168},{"id":47171,"n":"Papier toilette Eco+ x4","p":1.33,"u":"0,33 €/P","img":"https://fd1-photos.leclercdrive.fr/image.ashx?id=2783337&use=l&cat=p&typeid=i","cat":284634},{"id":47176,"n":"Déodorant Spray Femme Nivea Black&White Original - 200ml","p":2.73,"u":"13,65 €/L","img":"https://fd1-photos.leclercdrive.fr/image.ashx?id=2980031&use=l&cat=p&typeid=i","cat":284595},{"id":47180,"n":"Gel douche enfant Tahiti Fruits exotiques - 300ml","p":1.92,"u":"6,40 €/L","img":"https://fd1-photos.leclercdrive.fr/image.ashx?id=2687332&use=l&cat=p&typeid=i","cat":284594},{"id":47181,"n":"Essuie-tout compact 3=9 Eco+ x3","p":2.27,"u":"0,76 €/P","img":"https://fd1-photos.leclercdrive.fr/image.ashx?id=2726688&use=l&cat=p&typeid=i","cat":284635},{"id":47253,"n":"Escalope de dinde Le Gaulois x6 - 720g","p":10.95,"u":"15,21 €/KG","img":"https://fd1-photos.leclercdrive.fr/image.ashx?id=2405506&use=l&cat=p&typeid=i","cat":284337},{"id":47254,"n":"Pâtes Coudes Rayés Turini 1kg","p":1.73,"u":"1,73 €/KG","img":"https://fd1-photos.leclercdrive.fr/image.ashx?id=2980809&use=l&cat=p&typeid=i","cat":284427},{"id":47255,"n":"Pâtes linguine Turini  500g","p":0.91,"u":"1,82 €/KG","img":"https://fd1-photos.leclercdrive.fr/image.ashx?id=2607554&use=l&cat=p&typeid=i","cat":284427},{"id":47256,"n":"Pâtes Farfalles Turini  1kg","p":1.29,"u":"1,29 €/KG","img":"https://fd1-photos.leclercdrive.fr/image.ashx?id=2665574&use=l&cat=p&typeid=i","cat":284427},{"id":47257,"n":"Pâtes Spaghettoni Turini  500g","p":0.83,"u":"1,66 €/KG","img":"https://fd1-photos.leclercdrive.fr/image.ashx?id=2607557&use=l&cat=p&typeid=i","cat":284427},{"id":47258,"n":"Pâtes coquillettes Turini Blé complet  - 500g","p":1.1,"u":"2,20 €/KG","img":"https://fd1-photos.leclercdrive.fr/image.ashx?id=2607563&use=l&cat=p&typeid=i","cat":284427},{"id":47259,"n":"Pistaches Tokapi  Grillées à sec - 75g","p":1.65,"u":"22,00 €/KG","img":"https://fd1-photos.leclercdrive.fr/image.ashx?id=2795571&use=l&cat=p&typeid=i","cat":284448},{"id":47263,"n":"Brossettes Dentamyl Interdentaires - x5","p":2.49,"u":"0,50 €/P","img":"https://fd1-photos.leclercdrive.fr/image.ashx?id=2672879&use=l&cat=p&typeid=i","cat":285159},{"id":47281,"n":"Piles rechargeables Energizer Power plus AAA/LR3 - x4 piles","p":14.6,"u":"3,65 €/P","img":"https://fd1-photos.leclercdrive.fr/image.ashx?id=2748629&use=l&cat=p&typeid=i","cat":300572},{"id":47290,"n":"Piles Energizer lr44/A76 - x4","p":5.48,"img":"https://fd1-photos.leclercdrive.fr/image.ashx?id=2024972&use=l&cat=p&typeid=i","cat":300572},{"id":47360,"n":"Fromage à tartiner Madame Loïk Fouetté Ail Fines Herbes - 150g","p":1.81,"u":"12,07 €/KG","img":"https://fd1-photos.leclercdrive.fr/image.ashx?id=2948021&use=l&cat=p&typeid=i","cat":314029},{"id":47361,"n":"Bûche de chèvre Président 250g","p":2.97,"u":"11,88 €/KG","img":"https://fd1-photos.leclercdrive.fr/image.ashx?id=2446647&use=l&cat=p&typeid=i","cat":314031},{"id":47381,"n":"Vin Union européenne blanc Lichette 11° - 75 cl","p":2.5,"u":"3,33 €/L","img":"https://fd1-photos.leclercdrive.fr/image.ashx?id=2943855&use=l&cat=p&typeid=i","cat":289557},{"id":47382,"n":"Vin Union Européenne rouge Cramoisay - BIB 5L","p":13.8,"u":"2,76 €/L","img":"https://fd1-photos.leclercdrive.fr/image.ashx?id=2943861&use=l&cat=p&typeid=i","cat":289560},{"id":47389,"n":"AOP Bordeaux rouge Bio Nos racines - 75cl","p":5.95,"u":"7,93 €/L","img":"https://fd1-photos.leclercdrive.fr/image.ashx?id=2544452&use=l&cat=p&typeid=i","cat":289556},{"id":47396,"n":"Mélange gourmand maxi Les Crudettes - 320g","p":2.82,"u":"8,81 €/KG","img":"https://fd1-photos.leclercdrive.fr/image.ashx?id=2238684&use=l&cat=p&typeid=i","cat":284353},{"id":47404,"n":"Eau gazeuse aromatisée Badoit citron sans sucres - 6x50cl","p":3.3,"u":"1,10 €/L","img":"https://fd1-photos.leclercdrive.fr/image.ashx?id=2730643&use=l&cat=p&typeid=i","cat":284536},{"id":47438,"n":"Chewing-gum Freedent White  Bubble menthe 5x10  - 70g","p":2.35,"u":"33,57 €/KG","img":"https://fd1-photos.leclercdrive.fr/image.ashx?id=1934997&use=l&cat=p&typeid=i","cat":304251},{"id":47472,"n":"Bouillon herbe Knorr Huile d'olive puget x15 - 150g","p":1.19,"u":"7,93 €/KG","img":"https://fd1-photos.leclercdrive.fr/image.ashx?id=2940681&use=l&cat=p&typeid=i","cat":288379},{"id":47493,"n":"Tablette chocolat au lait Milka Morceaux de Oreo -  3x100g","p":4.17,"u":"13,90 €/KG","img":"https://fd1-photos.leclercdrive.fr/image.ashx?id=2617081&use=l&cat=p&typeid=i","cat":284497},{"id":47494,"n":"Tablette chocolat au lait Milka Eclats de caramel Daim - 3x100g","p":4.17,"u":"13,90 €/KG","img":"https://fd1-photos.leclercdrive.fr/image.ashx?id=2617084&use=l&cat=p&typeid=i","cat":284497},{"id":47512,"n":"Whisky Jack Daniel's Old N°7 1,5L","p":43.48,"u":"28,99 €/L","img":"https://fd1-photos.leclercdrive.fr/image.ashx?id=2986840&use=l&cat=p&typeid=i","cat":284547},{"id":47527,"n":"AOP Côtes du Rhône rouge La châsse - 75cl","p":7.75,"u":"10,33 €/L","img":"https://fd1-photos.leclercdrive.fr/image.ashx?id=2007902&use=l&cat=p&typeid=i","cat":289556},{"id":47528,"n":"Vin mousseux J.P Chenet Blanc 11%vol - 75cl","p":5.17,"u":"6,89 €/L","img":"https://fd1-photos.leclercdrive.fr/image.ashx?id=2794469&use=l&cat=p&typeid=i","cat":284544},{"id":47529,"n":"Vin mousseux de France Rosé J.P Chenet 11%vol - 75cl","p":5.29,"u":"7,05 €/L","img":"https://fd1-photos.leclercdrive.fr/image.ashx?id=2794472&use=l&cat=p&typeid=i","cat":284544},{"id":47533,"n":"Limonade à l'ancienne Liness A l'eau de source 6x1.25l","p":6.48,"u":"0,86 €/L","img":"https://fd1-photos.leclercdrive.fr/image.ashx?id=2838653&use=l&cat=p&typeid=i","cat":284531},{"id":47535,"n":"Thé vert Twinings Gunpowder Vrac- 200g","p":5.31,"u":"26,55 €/KG","img":"https://fd1-photos.leclercdrive.fr/image.ashx?id=2950726&use=l&cat=p&typeid=i","cat":293233},{"id":47542,"n":"Starmint Haribo Sachet bonbons menthe - 200g","p":1.38,"u":"6,90 €/KG","img":"https://fd1-photos.leclercdrive.fr/image.ashx?id=2984889&use=l&cat=p&typeid=i","cat":304252},{"id":47543,"n":"Sucettes Chupa Chups Au fruits, sachet - 192g","p":2.21,"u":"11,51 €/KG","img":"https://fd1-photos.leclercdrive.fr/image.ashx?id=2647651&use=l&cat=p&typeid=i","cat":304252},{"id":47563,"n":"Macédoine de Légumes Bonduelle 265g","p":0.93,"u":"3,51 €/KG","img":"https://fd1-photos.leclercdrive.fr/image.ashx?id=2910007&use=l&cat=p&typeid=i","cat":312612},{"id":47567,"n":"Rhum blanc Clément  Martinique, agricole - 70cl","p":13.56,"u":"19,37 €/L","img":"https://fd1-photos.leclercdrive.fr/image.ashx?id=1973141&use=l&cat=p&typeid=i","cat":284550},{"id":47574,"n":"Fromage blanc Alsace Lait Bibeleskaes Framboise - 4x125g","p":2.74,"u":"5,48 €/KG","img":"https://fd1-photos.leclercdrive.fr/image.ashx?id=2579816&use=l&cat=p&typeid=i","cat":284409},{"id":47646,"n":"Pâtes Macaroni Panzani  3 Minutes - 500G","p":1.24,"u":"2,48 €/KG","img":"https://fd1-photos.leclercdrive.fr/image.ashx?id=2896081&use=l&cat=p&typeid=i","cat":284427},{"id":47648,"n":"Filets de maquereaux Saupiquet Vin blanc et aromates - 176g","p":2.02,"u":"11,48 €/KG","img":"https://fd1-photos.leclercdrive.fr/image.ashx?id=2829967&use=l&cat=p&typeid=i","cat":303868},{"id":47651,"n":"Huile d'olive bio Soleou Vierge extra caractère - 75cl","p":9.26,"u":"12,35 €/L","img":"https://fd1-photos.leclercdrive.fr/image.ashx?id=2549654&use=l&cat=p&typeid=i","cat":284453},{"id":47657,"n":"Bâtonnets Dentastix Pedigree Grand chien x56 - 2160g","p":17.41,"u":"8,06 €/KG","img":"https://fd1-photos.leclercdrive.fr/image.ashx?id=2980064&use=l&cat=p&typeid=i","cat":294527},{"id":47658,"n":"Bâtonnets  Dentastix Pedigree Petit chien x56 - 880g","p":9.97,"u":"11,33 €/KG","img":"https://fd1-photos.leclercdrive.fr/image.ashx?id=2937787&use=l&cat=p&typeid=i","cat":294527},{"id":47667,"n":"Pâtes Penne Rigate Panzani 3 Minutes - 500G","p":1.19,"u":"2,38 €/KG","img":"https://fd1-photos.leclercdrive.fr/image.ashx?id=2896087&use=l&cat=p&typeid=i","cat":284427},{"id":47675,"n":"Sardines Connétable Piment - 140g","p":1.49,"u":"10,64 €/KG","img":"https://fd1-photos.leclercdrive.fr/image.ashx?id=2807573&use=l&cat=p&typeid=i","cat":305146},{"id":47681,"n":"Sauce pizza Turini aux tomates et origan - 390g","p":0.99,"u":"2,54 €/KG","img":"https://fd1-photos.leclercdrive.fr/image.ashx?id=2412025&use=l&cat=p&typeid=i","cat":288384},{"id":47686,"n":"Fromage Spécialité Babybel Maxi - 200g","p":2.16,"u":"10,80 €/KG","img":"https://fd1-photos.leclercdrive.fr/image.ashx?id=2806913&use=l&cat=p&typeid=i","cat":314030},{"id":47687,"n":"IGP Sables de Camargue rosé Bio Les Embruns 12% vol - 75cl","p":4.6,"u":"6,13 €/L","img":"https://fd1-photos.leclercdrive.fr/image.ashx?id=2260698&use=l&cat=p&typeid=i","cat":289558},{"id":47693,"n":"AOP Saint-Émilion vin rouge Chantet Blanet - 75cl","p":8.95,"u":"11,93 €/L","img":"https://fd1-photos.leclercdrive.fr/image.ashx?id=2677116&use=l&cat=p&typeid=i","cat":289556},{"id":47702,"n":"Sirop La Maison Guiot Violette - 70cl","p":3.11,"u":"4,44 €/L","img":"https://fd1-photos.leclercdrive.fr/image.ashx?id=2014832&use=l&cat=p&typeid=i","cat":295020},{"id":47711,"n":"Beurre Bridel Doux - 60% MG - 250g","p":2.35,"u":"9,40 €/KG","img":"https://fd1-photos.leclercdrive.fr/image.ashx?id=2788490&use=l&cat=p&typeid=i","cat":284379},{"id":47718,"n":"Boisson gourmande PAGO Cocktail Tropical Vitaminé - 75cl","p":1.93,"u":"2,57 €/L","img":"https://fd1-photos.leclercdrive.fr/image.ashx?id=2861854&use=l&cat=p&typeid=i","cat":284917},{"id":47722,"n":"Compotes Pom'Potes Gourdes  Pomme Nature - 12x90g","p":4.7,"u":"4,35 €/KG","img":"https://fd1-photos.leclercdrive.fr/image.ashx?id=2968082&use=l&cat=p&typeid=i","cat":284508},{"id":47724,"n":"Compotes Pom'Potes Gourdes  Sans sucres- 20x90g","p":7.73,"u":"4,29 €/KG","img":"https://fd1-photos.leclercdrive.fr/image.ashx?id=2883408&use=l&cat=p&typeid=i","cat":284508},{"id":47725,"n":"Bière blonde Lime Desperados 3%vol. - 3x33cl","p":4.95,"u":"5,00 €/L","img":"https://fd1-photos.leclercdrive.fr/image.ashx?id=2655868&use=l&cat=p&typeid=i","cat":334878},{"id":47734,"n":"Huile spécial fondue Cauvin 1L","p":4.61,"u":"4,61 €/L","img":"https://fd1-photos.leclercdrive.fr/image.ashx?id=2484218&use=l&cat=p&typeid=i","cat":284453},{"id":47742,"n":"Lait nuage de lait Régilait Non sucré entier - 10x14g","p":0.98,"u":"7,00 €/KG","img":"https://fd1-photos.leclercdrive.fr/image.ashx?id=2018649&use=l&cat=p&typeid=i","cat":299162},{"id":47772,"n":"Chips Lay's Saveur cheeseburger - 120g","p":1.91,"u":"15,92 €/KG","img":"https://fd1-photos.leclercdrive.fr/image.ashx?id=3011134&use=l&cat=p&typeid=i","cat":284447},{"id":47795,"n":"Papier toilette humide Lotus Aloe Douceur - x42 feuilles","p":1.83,"u":"0,04 €/P","img":"https://fd1-photos.leclercdrive.fr/image.ashx?id=2864840&use=l&cat=p&typeid=i","cat":284634},{"id":47796,"n":"Papier toilette humide Lotus Pure - x42 feuilles","p":1.66,"u":"0,04 €/P","img":"https://fd1-photos.leclercdrive.fr/image.ashx?id=2866070&use=l&cat=p&typeid=i","cat":284634},{"id":47807,"n":"Boisson Sunny Delight Multivitamines - 1,25L","p":2.36,"u":"1,89 €/L","img":"https://fd1-photos.leclercdrive.fr/image.ashx?id=2309948&use=l&cat=p&typeid=i","cat":285435},{"id":47838,"n":"Speck Montorsi 100g","p":2.5,"u":"25,00 €/KG","img":"https://fd1-photos.leclercdrive.fr/image.ashx?id=2525843&use=l&cat=p&typeid=i","cat":316007},{"id":47839,"n":"Prosciutto Montorsi 90g","p":2.8,"u":"31,11 €/KG","img":"https://fd1-photos.leclercdrive.fr/image.ashx?id=2525849&use=l&cat=p&typeid=i","cat":316007},{"id":47843,"n":"Cordon bleu poulet Maître Coq 1kg","p":6.5,"u":"6,50 €/KG","img":"https://fd1-photos.leclercdrive.fr/image.ashx?id=2939475&use=l&cat=p&typeid=i","cat":319780},{"id":47926,"n":"Ktipiti Extra L'atelier blini - 175g","p":2.8,"u":"16,00 €/KG","img":"https://fd1-photos.leclercdrive.fr/image.ashx?id=2973706&use=l&cat=p&typeid=i","cat":315999},{"id":47927,"n":"Blinis Cocktail Blini x16 - 135g","p":1.91,"u":"14,15 €/KG","img":"https://fd1-photos.leclercdrive.fr/image.ashx?id=2947952&use=l&cat=p&typeid=i","cat":285191},{"id":47936,"n":"Saumon fumé de  l'atlantique   200g","p":5.92,"u":"29,60 €/KG","img":"https://fd1-photos.leclercdrive.fr/image.ashx?id=2506137&use=l&cat=p&typeid=i","cat":285188},{"id":47981,"n":"AOP Crémant d'Alsace rosé Brut - Arthur Metz - 75cl","p":7.84,"u":"10,45 €/L","img":"https://fd1-photos.leclercdrive.fr/image.ashx?id=2432097&use=l&cat=p&typeid=i","cat":284545},{"id":47984,"n":"Bière d'Alsace Licorne Elsass 5,5%vol. - 50cl","p":1.45,"u":"2,90 €/L","img":"https://fd1-photos.leclercdrive.fr/image.ashx?id=3001323&use=l&cat=p&typeid=i","cat":334853},{"id":48007,"n":"Vin mousseux de France Kriter blanc Demi-sec - 75cl","p":4.85,"u":"6,47 €/L","img":"https://fd1-photos.leclercdrive.fr/image.ashx?id=2840871&use=l&cat=p&typeid=i","cat":284544},{"id":48029,"n":"Sirop Moulin de Valdonne Pêche blanche - 70cl","p":3.4,"u":"4,86 €/L","img":"https://fd1-photos.leclercdrive.fr/image.ashx?id=2842678&use=l&cat=p&typeid=i","cat":295020},{"id":48048,"n":"Flan bio les 2 vaches Vanille caramel - 4x100g","p":1.98,"u":"4,95 €/KG","img":"https://fd1-photos.leclercdrive.fr/image.ashx?id=2735446&use=l&cat=p&typeid=i","cat":284420},{"id":48079,"n":"Vinaigre de Cidre MAILLE au jus de pomme concentré 50cl","p":2.15,"u":"4,30 €/L","img":"https://fd1-photos.leclercdrive.fr/image.ashx?id=2945421&use=l&cat=p&typeid=i","cat":298543},{"id":48083,"n":"Miel liquide Lune de Miel Doux et frais - 340g","p":4.18,"u":"12,29 €/KG","img":"https://fd1-photos.leclercdrive.fr/image.ashx?id=2019198&use=l&cat=p&typeid=i","cat":287643},{"id":48086,"n":"Miel liquide Lune de miel Fruité et fleuri - 340g","p":4.38,"u":"12,88 €/KG","img":"https://fd1-photos.leclercdrive.fr/image.ashx?id=3004831&use=l&cat=p&typeid=i","cat":287643},{"id":48112,"n":"Poivre noir moulu Ducros Fort, N°9 - 35g","p":3.21,"u":"91,71 €/KG","img":"https://fd1-photos.leclercdrive.fr/image.ashx?id=2486593&use=l&cat=p&typeid=i","cat":284457},{"id":48114,"n":"Persil Ducros 5g","p":1.4,"u":"280,00 €/KG","img":"https://fd1-photos.leclercdrive.fr/image.ashx?id=2490503&use=l&cat=p&typeid=i","cat":298297},{"id":48152,"n":"Ecrasé de pdt Florette Huile d'olive - 2x200g","p":2.83,"u":"7,26 €/KG","img":"https://fd1-photos.leclercdrive.fr/image.ashx?id=2795144&use=l&cat=p&typeid=i","cat":333665},{"id":48155,"n":"Graines Maître Prunille Tournesol grillées, salées-250g","p":2.79,"u":"11,16 €/KG","img":"https://fd1-photos.leclercdrive.fr/image.ashx?id=2234024&use=l&cat=p&typeid=i","cat":284357},{"id":48164,"n":"Barres céréales Extra Kellogg's Chocolat et Amande - 4x32g","p":2.86,"u":"22,34 €/KG","img":"https://fd1-photos.leclercdrive.fr/image.ashx?id=2736601&use=l&cat=p&typeid=i","cat":285869},{"id":48200,"n":"Rillettes de poulet rôti Bordeau Chesnel - 220g","p":2.39,"u":"10,86 €/KG","img":"https://fd1-photos.leclercdrive.fr/image.ashx?id=2855046&use=l&cat=p&typeid=i","cat":316008},{"id":48203,"n":"Olives vertes Croc'frais A l'orientale Dénoyautées 200g","p":3.02,"u":"15,10 €/KG","img":"https://fd1-photos.leclercdrive.fr/image.ashx?id=2833702&use=l&cat=p&typeid=i","cat":316002},{"id":48226,"n":"Petit Pois, Carotte Cassegrain Tendres et Fondants 130g","p":1.26,"u":"9,69 €/KG","img":"https://fd1-photos.leclercdrive.fr/image.ashx?id=2912977&use=l&cat=p&typeid=i","cat":312607},{"id":48227,"n":"Mouchoirs Kleenex Disney 4 Plis - x15","p":2.07,"u":"0,14 €/P","img":"https://fd1-photos.leclercdrive.fr/image.ashx?id=2866028&use=l&cat=p&typeid=i","cat":284638},{"id":48255,"n":"Recharge EasyWax Expert Veet Bras Jambes Peaux Normales 50ml","p":7.03,"u":"140,60 €/L","img":"https://fd1-photos.leclercdrive.fr/image.ashx?id=2970789&use=l&cat=p&typeid=i","cat":325351},{"id":48258,"n":"Croquettes chat Ultima Stérilisé - Saumon - 3kg","p":11.09,"u":"3,70 €/KG","img":"https://fd1-photos.leclercdrive.fr/image.ashx?id=2922221&use=l&cat=p&typeid=i","cat":284680},{"id":48267,"n":"Rhum ambré Saint James 45%vol - 70cl","p":14.96,"u":"21,37 €/L","img":"https://fd1-photos.leclercdrive.fr/image.ashx?id=2970945&use=l&cat=p&typeid=i","cat":284550},{"id":48268,"n":"Gin Gordon's 37.5%vol - 70cl","p":14.3,"u":"20,43 €/L","img":"https://fd1-photos.leclercdrive.fr/image.ashx?id=2736388&use=l&cat=p&typeid=i","cat":284550},{"id":48272,"n":"Liqueur de menthe Get 31 24° - 70cl","p":13.89,"u":"19,84 €/L","img":"https://fd1-photos.leclercdrive.fr/image.ashx?id=2840497&use=l&cat=p&typeid=i","cat":286032},{"id":48302,"n":"Sandwich triangle Daunat Poulet rôti mayonnaise - 160g","p":1.49,"u":"9,31 €/KG","img":"https://fd1-photos.leclercdrive.fr/image.ashx?id=2894257&use=l&cat=p&typeid=i","cat":333658},{"id":48306,"n":"IGP Pays d'Oc rosé Grenache Les Ormes de Cambras 11.5% 75cl","p":3.15,"u":"4,20 €/L","img":"https://fd1-photos.leclercdrive.fr/image.ashx?id=2285234&use=l&cat=p&typeid=i","cat":289558},{"id":48307,"n":"IGP Pays d'Oc rosé Grenache Les Ormes de Cambras - BIB 5L","p":16.49,"u":"3,30 €/L","img":"https://fd1-photos.leclercdrive.fr/image.ashx?id=2489458&use=l&cat=p&typeid=i","cat":289560},{"id":48309,"n":"Bière aromatisée Skøll Vodka et agrumes - 3x33cl","p":4.24,"u":"4,28 €/L","img":"https://fd1-photos.leclercdrive.fr/image.ashx?id=2803556&use=l&cat=p&typeid=i","cat":334878},{"id":48310,"n":"Concentré à diluer Pulco Citron vert - 70cl","p":2.55,"u":"3,64 €/L","img":"https://fd1-photos.leclercdrive.fr/image.ashx?id=2686630&use=l&cat=p&typeid=i","cat":295020},{"id":48311,"n":"Concentré à diluer Pulco Orange Citron - 70cl","p":2.65,"u":"3,79 €/L","img":"https://fd1-photos.leclercdrive.fr/image.ashx?id=2686633&use=l&cat=p&typeid=i","cat":295020},{"id":48339,"n":"Chocolat au lait Lindt  Praliné Noisette - 100g","p":1.98,"u":"19,80 €/KG","img":"https://fd1-photos.leclercdrive.fr/image.ashx?id=2751321&use=l&cat=p&typeid=i","cat":284497},{"id":48348,"n":"Chocolat au lait Lindt Création Caramel - 150g","p":3.08,"u":"20,53 €/KG","img":"https://fd1-photos.leclercdrive.fr/image.ashx?id=2685814&use=l&cat=p&typeid=i","cat":284497},{"id":48352,"n":"Tablette de chocolat noir Lindt Orange intense - 100g","p":2.24,"u":"22,40 €/KG","img":"https://fd1-photos.leclercdrive.fr/image.ashx?id=2689496&use=l&cat=p&typeid=i","cat":284956},{"id":48353,"n":"Tablette de chocolat noir Lindt 70% cacao - 100g","p":2.24,"u":"22,40 €/KG","img":"https://fd1-photos.leclercdrive.fr/image.ashx?id=2681592&use=l&cat=p&typeid=i","cat":284956},{"id":48354,"n":"Tablette de chocolat noir Lindt 85% cacao - 100g","p":2.25,"u":"22,50 €/KG","img":"https://fd1-photos.leclercdrive.fr/image.ashx?id=2681589&use=l&cat=p&typeid=i","cat":284956},{"id":48355,"n":"Tablette de chocolat noir Lindt Caramel Pointe de sel - 100g","p":2.25,"u":"22,50 €/KG","img":"https://fd1-photos.leclercdrive.fr/image.ashx?id=2689493&use=l&cat=p&typeid=i","cat":284956},{"id":48357,"n":"Liqueur Manzanita Marie Brizard -15% - 70cl","p":7.49,"u":"10,70 €/L","img":"https://fd1-photos.leclercdrive.fr/image.ashx?id=2499594&use=l&cat=p&typeid=i","cat":286032},{"id":48378,"n":"Café moulu Jacques Vabre Brésil 100% Arabica - 250g","p":4.47,"u":"17,88 €/KG","img":"https://fd1-photos.leclercdrive.fr/image.ashx?id=2100380&use=l&cat=p&typeid=i","cat":284750},{"id":48392,"n":"Boules en cire naturelle Quies x12 paires","p":4.28,"u":"0,36 €/P","img":"https://fd1-photos.leclercdrive.fr/image.ashx?id=2159502&use=l&cat=p&typeid=i","cat":284630},{"id":48404,"n":"Chaussettes unie Tissaia Sport, 31/35 x3","p":3.35,"u":"1,12 €/P","img":"https://fd1-photos.leclercdrive.fr/image.ashx?id=849676&use=l&cat=p&typeid=i","cat":334130},{"id":48419,"n":"AOP Alsace Riesling blanc Wolfberger - 75cl","p":6.5,"pp":4.87,"u":"6,49 €/L","img":"https://fd1-photos.leclercdrive.fr/image.ashx?id=2905357&use=l&cat=p&typeid=i","cat":289557},{"id":48421,"n":"AOP Alsace Gewurztraminer blanc Wolfberger 13,5% - 75cl","p":7.85,"pp":5.89,"u":"7,85 €/L","img":"https://fd1-photos.leclercdrive.fr/image.ashx?id=2936368&use=l&cat=p&typeid=i","cat":289557},{"id":48429,"n":"AOP Corse rosé Terra Nostra - 75cl","p":6.29,"u":"8,39 €/L","img":"https://fd1-photos.leclercdrive.fr/image.ashx?id=2217563&use=l&cat=p&typeid=i","cat":289558},{"id":48471,"n":"Mélange 5 baies n°5 Ducros 70g","p":4.47,"u":"63,86 €/KG","img":"https://fd1-photos.leclercdrive.fr/image.ashx?id=2486602&use=l&cat=p&typeid=i","cat":284457},{"id":48480,"n":"Epices mexicaine Sainte Lucie Chili con carne - 30g","p":1.68,"u":"56,00 €/KG","img":"https://fd1-photos.leclercdrive.fr/image.ashx?id=1951229&use=l&cat=p&typeid=i","cat":298297},{"id":48508,"n":"Ketchup AMORA Flacon Souple - 550g","p":1.48,"u":"2,69 €/KG","img":"https://fd1-photos.leclercdrive.fr/image.ashx?id=2766649&use=l&cat=p&typeid=i","cat":284455},{"id":48511,"n":"Menagère poivre blanc  Ducros N° 8 - 90g","p":4.27,"u":"47,44 €/KG","img":"https://fd1-photos.leclercdrive.fr/image.ashx?id=2559481&use=l&cat=p&typeid=i","cat":284457},{"id":48512,"n":"Poivre noir n°6 Ducros Moulin - 28g","p":3.45,"u":"123,21 €/KG","img":"https://fd1-photos.leclercdrive.fr/image.ashx?id=2559472&use=l&cat=p&typeid=i","cat":284457},{"id":48513,"n":"Poivre noir n°6 Ducros Grains - 90g","p":3.64,"u":"40,44 €/KG","img":"https://fd1-photos.leclercdrive.fr/image.ashx?id=2473336&use=l&cat=p&typeid=i","cat":284457},{"id":48515,"n":"Coriandre Ducros Moulue - 32g","p":1.22,"u":"38,13 €/KG","img":"https://fd1-photos.leclercdrive.fr/image.ashx?id=2490497&use=l&cat=p&typeid=i","cat":298297},{"id":48521,"n":"Oignon semoule Sainte Lucie 40g","p":1.72,"u":"43,00 €/KG","img":"https://fd1-photos.leclercdrive.fr/image.ashx?id=2774415&use=l&cat=p&typeid=i","cat":298297},{"id":48523,"n":"Romarin Sainte Lucie Feuilles coupées - 32g","p":1.95,"u":"60,94 €/KG","img":"https://fd1-photos.leclercdrive.fr/image.ashx?id=2775092&use=l&cat=p&typeid=i","cat":298297},{"id":48525,"n":"Tomato Ketchup Heinz - 700g","p":2.67,"u":"3,81 €/KG","img":"https://fd1-photos.leclercdrive.fr/image.ashx?id=2729326&use=l&cat=p&typeid=i","cat":284455},{"id":48573,"n":"Barre Chocolat au Lait KitKat x10 barres - 415g","p":5.01,"u":"1,21 €/L","img":"https://fd1-photos.leclercdrive.fr/image.ashx?id=2905045&use=l&cat=p&typeid=i","cat":284498},{"id":48589,"n":"Lait bébé poudre Gallia Calisma croissance Dès 12 mois 1,2kg","p":15.53,"u":"12,94 €/KG","img":"https://fd1-photos.leclercdrive.fr/image.ashx?id=2973553&use=l&cat=p&typeid=i","cat":290219},{"id":48591,"n":"Lait bébé Gallia Calisma croissance Dès 12 mois 4x1L","p":8.96,"u":"2,24 €/L","img":"https://fd1-photos.leclercdrive.fr/image.ashx?id=2481249&use=l&cat=p&typeid=i","cat":284728},{"id":48595,"n":"Gourdes Bio bébé Hipp 4 variétés - 6 mois - 8x90g","p":7.8,"u":"10,83 €/KG","img":"https://fd1-photos.leclercdrive.fr/image.ashx?id=2904416&use=l&cat=p&typeid=i","cat":312393},{"id":48596,"n":"Gourdes Bio bébé Hipp  4 variétés - 8x90g","p":7.07,"u":"9,82 €/KG","img":"https://fd1-photos.leclercdrive.fr/image.ashx?id=3000357&use=l&cat=p&typeid=i","cat":312393},{"id":48598,"n":"Cannelloni bio Hipp Bio Aux légumes - 250g","p":2.25,"u":"9,00 €/KG","img":"https://fd1-photos.leclercdrive.fr/image.ashx?id=2929083&use=l&cat=p&typeid=i","cat":312238},{"id":48602,"n":"Repas du soir Babybio 12 mois Légumes vert Bio - 400g","p":2.9,"u":"7,25 €/KG","img":"https://fd1-photos.leclercdrive.fr/image.ashx?id=2834524&use=l&cat=p&typeid=i","cat":312239},{"id":48603,"n":"Farine de blé Francine 1,4kg","p":1.59,"u":"1,14 €/KG","img":"https://fd1-photos.leclercdrive.fr/image.ashx?id=2881308&use=l&cat=p&typeid=i","cat":284503},{"id":48604,"n":"Farine fluide Francine 1.4kg","p":1.66,"u":"1,19 €/KG","img":"https://fd1-photos.leclercdrive.fr/image.ashx?id=2881305&use=l&cat=p&typeid=i","cat":284503},{"id":48611,"n":"Plat bébé soir Blédiner 12 mois Pâtes légumes - 2x200g","p":2.24,"u":"5,60 €/KG","img":"https://fd1-photos.leclercdrive.fr/image.ashx?id=2975068&use=l&cat=p&typeid=i","cat":312239},{"id":48615,"n":"Coton Demak'up Duo disque x108","p":1.74,"u":"0,02 €/P","img":"https://fd1-photos.leclercdrive.fr/image.ashx?id=2791461&use=l&cat=p&typeid=i","cat":285593},{"id":48633,"n":"Boisson gourmande PAGO Fraise 75cl","p":2.68,"u":"3,57 €/L","img":"https://fd1-photos.leclercdrive.fr/image.ashx?id=2954007&use=l&cat=p&typeid=i","cat":284915},{"id":48646,"n":"Soda à l'orange Orangina Sans Sucres - 6x33cl","p":3.44,"u":"1,74 €/L","img":"https://fd1-photos.leclercdrive.fr/image.ashx?id=2946931&use=l&cat=p&typeid=i","cat":284532},{"id":48697,"n":"Sachet chat Purina One Sterillcat - 8x85g","p":3.95,"u":"5,81 €/KG","img":"https://fd1-photos.leclercdrive.fr/image.ashx?id=2899695&use=l&cat=p&typeid=i","cat":285286},{"id":48698,"n":"Croquettes chat Purina One Stérilisé/Intérieur-Poulet1.5kg","p":7.73,"u":"5,15 €/KG","img":"https://fd1-photos.leclercdrive.fr/image.ashx?id=2681257&use=l&cat=p&typeid=i","cat":284680},{"id":48704,"n":"Boîte chat Whiskas Gelée du pêcheur - 4x390g","p":4.6,"u":"2,95 €/KG","img":"https://fd1-photos.leclercdrive.fr/image.ashx?id=2759622&use=l&cat=p&typeid=i","cat":285601},{"id":48711,"n":"Friandises chien Fido  Dental Delicious - 130g","p":1.85,"u":"14,23 €/KG","img":"https://fd1-photos.leclercdrive.fr/image.ashx?id=2361614&use=l&cat=p&typeid=i","cat":294527},{"id":48717,"n":"Barquettes chats Gourmet Gold Les mousselines - 24x85g","p":11.13,"u":"5,46 €/KG","img":"https://fd1-photos.leclercdrive.fr/image.ashx?id=2861500&use=l&cat=p&typeid=i","cat":285286},{"id":48720,"n":"Poêlée parisienne D'aucy  580g","p":3.06,"u":"5,28 €/KG","img":"https://fd1-photos.leclercdrive.fr/image.ashx?id=2835256&use=l&cat=p&typeid=i","cat":312612},{"id":48721,"n":"Poêlée jardinière D'aucy  580g","p":2.52,"u":"4,34 €/KG","img":"https://fd1-photos.leclercdrive.fr/image.ashx?id=2582816&use=l&cat=p&typeid=i","cat":312612},{"id":48725,"n":"Légumes pour Couscous D'Aucy Orientale - 800g","p":1.75,"u":"2,19 €/KG","img":"https://fd1-photos.leclercdrive.fr/image.ashx?id=2577800&use=l&cat=p&typeid=i","cat":312612},{"id":48744,"n":"Pulpe de  tomate Turini  Nature - 390g","p":1.59,"u":"4,08 €/KG","img":"https://fd1-photos.leclercdrive.fr/image.ashx?id=2181810&use=l&cat=p&typeid=i","cat":288384},{"id":48745,"n":"Chocolat Pâtissier Nestlé Dessert Lait - 170g","p":3.1,"u":"18,24 €/KG","img":"https://fd1-photos.leclercdrive.fr/image.ashx?id=2961242&use=l&cat=p&typeid=i","cat":285562},{"id":48786,"n":"Chocolat noir Bio Ethiquable  75% Nicaragua - 100g","p":2.94,"u":"29,40 €/KG","img":"https://fd1-photos.leclercdrive.fr/image.ashx?id=2870884&use=l&cat=p&typeid=i","cat":284956},{"id":48787,"n":"Chocolat noir Bio Ethiquable  Quinoa - 100g","p":2.82,"u":"28,20 €/KG","img":"https://fd1-photos.leclercdrive.fr/image.ashx?id=2870854&use=l&cat=p&typeid=i","cat":284956},{"id":48806,"n":"Tomates pelées bio Jardin Bio - 480g","p":2.65,"u":"5,52 €/KG","img":"https://fd1-photos.leclercdrive.fr/image.ashx?id=2535571&use=l&cat=p&typeid=i","cat":288384},{"id":48807,"n":"Tartines bio Jardin Bio  Craquantes avoine - 150g","p":2.2,"u":"14,67 €/KG","img":"https://fd1-photos.leclercdrive.fr/image.ashx?id=2849187&use=l&cat=p&typeid=i","cat":318654},{"id":48812,"n":"Masque Nuti-extrême Dessange Cheveux très secs - 250ml","p":5.64,"u":"22,56 €/L","img":"https://fd1-photos.leclercdrive.fr/image.ashx?id=2819400&use=l&cat=p&typeid=i","cat":284608},{"id":48817,"n":"Lait sucré Régilait Caramel beurre salé - 300g","p":2.96,"u":"9,87 €/KG","img":"https://fd1-photos.leclercdrive.fr/image.ashx?id=2018640&use=l&cat=p&typeid=i","cat":299162},{"id":48822,"n":"Friandises chat Catisfactions Saumon - 180g","p":3.28,"u":"18,22 €/KG","img":"https://fd1-photos.leclercdrive.fr/image.ashx?id=2912527&use=l&cat=p&typeid=i","cat":285285},{"id":48823,"n":"Haché Végétal bio Céréal Bio Façon Bolognaise au Soja 250g","p":2.67,"u":"10,68 €/KG","img":"https://fd1-photos.leclercdrive.fr/image.ashx?id=2575090&use=l&cat=p&typeid=i","cat":287600},{"id":48839,"n":"Lait concentré Régilait Non sucré, demi écrémé - 410g","p":1.48,"u":"3,61 €/KG","img":"https://fd1-photos.leclercdrive.fr/image.ashx?id=2405863&use=l&cat=p&typeid=i","cat":299162},{"id":48843,"n":"Préparation gâteau Nestlé Fondant chocolat - 317g","p":3.95,"u":"12,46 €/KG","img":"https://fd1-photos.leclercdrive.fr/image.ashx?id=2848379&use=l&cat=p&typeid=i","cat":284505},{"id":48846,"n":"Purée tomate bio Jardin Bio 200g","p":1.02,"u":"5,10 €/KG","img":"https://fd1-photos.leclercdrive.fr/image.ashx?id=2535034&use=l&cat=p&typeid=i","cat":288384},{"id":48870,"n":"Infusion bio Jardin Bio Thym de France x20 - 28g","p":2.4,"u":"85,71 €/KG","img":"https://fd1-photos.leclercdrive.fr/image.ashx?id=2792840&use=l&cat=p&typeid=i","cat":293234},{"id":48877,"n":"Récré O'lé Mont Blanc - 12x85g Choco/Caramel/Biscuit/Brownie","p":5.89,"u":"5,77 €/KG","img":"https://fd1-photos.leclercdrive.fr/image.ashx?id=3011608&use=l&cat=p&typeid=i","cat":284506},{"id":48879,"n":"Purée de piment Tables du Monde - 100g","p":1.19,"u":"11,90 €/KG","img":"https://fd1-photos.leclercdrive.fr/image.ashx?id=2679744&use=l&cat=p&typeid=i","cat":288992},{"id":48915,"n":"Sauce Arôme Maggi 1kg","p":7.49,"u":"7,49 €/KG","img":"https://fd1-photos.leclercdrive.fr/image.ashx?id=2785352&use=l&cat=p&typeid=i","cat":288379},{"id":48993,"n":"Sauce Samouraï Colona Tube - 500ml","p":3.02,"u":"6,04 €/L","img":"https://fd1-photos.leclercdrive.fr/image.ashx?id=2687167&use=l&cat=p&typeid=i","cat":318431},{"id":49050,"n":"Boisson gazeuse Sprink's Sans alcool - Mojito - 1.5L","p":1.75,"u":"1,17 €/L","img":"https://fd1-photos.leclercdrive.fr/image.ashx?id=2925976&use=l&cat=p&typeid=i","cat":284531},{"id":49058,"n":"Piles Tech+ Foxter AA/LR6 1,5V - x8","p":2.99,"u":"0,37 €/P","img":"https://fd1-photos.leclercdrive.fr/image.ashx?id=2162324&use=l&cat=p&typeid=i","cat":300572},{"id":49070,"n":"Préparation gâteau Nestlé Coeur fondant - 305g","p":3.84,"u":"12,59 €/KG","img":"https://fd1-photos.leclercdrive.fr/image.ashx?id=2848385&use=l&cat=p&typeid=i","cat":284505},{"id":49079,"n":"Petites madeleines P'tit Deli  Pépites de chocolat - 400g","p":1.68,"u":"4,20 €/KG","img":"https://fd1-photos.leclercdrive.fr/image.ashx?id=2999511&use=l&cat=p&typeid=i","cat":284492},{"id":49083,"n":"Biscuit palmier feuilleté Eco+ 100g","p":0.42,"u":"4,20 €/KG","img":"https://fd1-photos.leclercdrive.fr/image.ashx?id=2768016&use=l&cat=p&typeid=i","cat":284487},{"id":49131,"n":"Gin Bombay Sapphire 40° - 70cl","p":22.15,"u":"31,64 €/L","img":"https://fd1-photos.leclercdrive.fr/image.ashx?id=2842879&use=l&cat=p&typeid=i","cat":284550},{"id":49249,"n":"Gousse de vanille Bio Vahiné Madagascar Grand cru - 3g","p":4.64,"img":"https://fd1-photos.leclercdrive.fr/image.ashx?id=2559826&use=l&cat=p&typeid=i","cat":284504},{"id":49254,"n":"Gelifiant Vahiné Agar Agar - 8g","p":1.97,"u":"246,25 €/KG","img":"https://fd1-photos.leclercdrive.fr/image.ashx?id=2833342&use=l&cat=p&typeid=i","cat":284504},{"id":49267,"n":"Viande bébé Bio Yooji Boeuf - Dès 6 mois - 120g","p":4.39,"u":"36,58 €/KG","img":"https://fd1-photos.leclercdrive.fr/image.ashx?id=2583629&use=l&cat=p&typeid=i","cat":290631},{"id":49269,"n":"Viande bébé Bio Yooji Poulet - Dès 6 mois - 120g","p":4.24,"u":"35,33 €/KG","img":"https://fd1-photos.leclercdrive.fr/image.ashx?id=2583626&use=l&cat=p&typeid=i","cat":290631},{"id":49288,"n":"Bols soir bébé bio Babybio Pâtes - 8 mois - 2x200g","p":3.02,"u":"7,55 €/KG","img":"https://fd1-photos.leclercdrive.fr/image.ashx?id=2838344&use=l&cat=p&typeid=i","cat":312239},{"id":49294,"n":"Cotons Démaquillants Demak'Up Original - x105","p":1.54,"u":"0,01 €/P","img":"https://fd1-photos.leclercdrive.fr/image.ashx?id=2745274&use=l&cat=p&typeid=i","cat":284636},{"id":49295,"n":"Cotons Démaquillants Demak'Up Ovale sensitive - x48","p":1.54,"u":"0,03 €/P","img":"https://fd1-photos.leclercdrive.fr/image.ashx?id=2745277&use=l&cat=p&typeid=i","cat":284636},{"id":49296,"n":"Barre Chocolat au Lait Lion x10 barres - 420g","p":3.76,"u":"8,95 €/KG","img":"https://fd1-photos.leclercdrive.fr/image.ashx?id=2736988&use=l&cat=p&typeid=i","cat":284498},{"id":49298,"n":"Biscuits croquant Nutella &Go! Pâte à tartiner x2 packs - 104g","p":2.26,"u":"21,73 €/KG","img":"https://fd1-photos.leclercdrive.fr/image.ashx?id=2737240&use=l&cat=p&typeid=i","cat":284488},{"id":49304,"n":"Détachant Vanish  Powergel - 200ml","p":3.93,"u":"19,65 €/L","img":"https://fd1-photos.leclercdrive.fr/image.ashx?id=2587861&use=l&cat=p&typeid=i","cat":284651},{"id":49306,"n":"Gel anti-calcaire Calgon  Hygiène Plus - 2,25L","p":14.87,"u":"6,61 €/L","img":"https://fd1-photos.leclercdrive.fr/image.ashx?id=2953764&use=l&cat=p&typeid=i","cat":284653},{"id":49327,"n":"Déodorant Bille Homme Nivea Men Black&White Original - 50ml","p":2.04,"u":"40,80 €/L","img":"https://fd1-photos.leclercdrive.fr/image.ashx?id=2165815&use=l&cat=p&typeid=i","cat":284618},{"id":49333,"n":"Déodorant bille Men Expert Carbon Protection 48h - 50ml","p":2.55,"u":"51,00 €/L","img":"https://fd1-photos.leclercdrive.fr/image.ashx?id=2394561&use=l&cat=p&typeid=i","cat":284618},{"id":49340,"n":"Cornichons Eco+ Au vinaigre - 190g","p":0.88,"u":"4,63 €/KG","img":"https://fd1-photos.leclercdrive.fr/image.ashx?id=2974711&use=l&cat=p&typeid=i","cat":284458},{"id":49342,"n":"Moutarde Eco+ Forte au vinaigre - 850g","p":1.7,"u":"2,00 €/KG","img":"https://fd1-photos.leclercdrive.fr/image.ashx?id=2954325&use=l&cat=p&typeid=i","cat":288850},{"id":49346,"n":"Mini cornichons Jardin D'Orant Au condiment balsamique - 185g","p":2.2,"u":"11,89 €/KG","img":"https://fd1-photos.leclercdrive.fr/image.ashx?id=2918688&use=l&cat=p&typeid=i","cat":284458},{"id":49349,"n":"Petit croquant Kühne Aigre doux - 360g","p":3.26,"u":"9,06 €/KG","img":"https://fd1-photos.leclercdrive.fr/image.ashx?id=2551036&use=l&cat=p&typeid=i","cat":284458},{"id":49354,"n":"Olives Noires Grecques Tramier  Dénoyautées 220g","p":2.67,"u":"26,70 €/KG","img":"https://fd1-photos.leclercdrive.fr/image.ashx?id=2836340&use=l&cat=p&typeid=i","cat":284450},{"id":49385,"n":"Litchis St-Mamet Dénoyautés - 250g","p":3.26,"u":"13,04 €/KG","img":"https://fd1-photos.leclercdrive.fr/image.ashx?id=2474215&use=l&cat=p&typeid=i","cat":284507},{"id":49494,"n":"Snack soufflés bacon Tokapi Lot - 4x85g","p":2.72,"u":"8,00 €/KG","img":"https://fd1-photos.leclercdrive.fr/image.ashx?id=2691384&use=l&cat=p&typeid=i","cat":284449},{"id":49495,"n":"Soufflés Tornades Tokapi Fromage- 4x85g","p":2.88,"u":"8,47 €/KG","img":"https://fd1-photos.leclercdrive.fr/image.ashx?id=2982631&use=l&cat=p&typeid=i","cat":284449},{"id":49496,"n":"Soufflés  Tokapi Nature - 4x85g","p":2.76,"u":"8,12 €/KG","img":"https://fd1-photos.leclercdrive.fr/image.ashx?id=2691387&use=l&cat=p&typeid=i","cat":284449},{"id":49497,"n":"Soufflés Tornades Tokapi Paprika- 4x85g","p":2.92,"u":"8,59 €/KG","img":"https://fd1-photos.leclercdrive.fr/image.ashx?id=2982628&use=l&cat=p&typeid=i","cat":284449},{"id":49553,"n":"Bière Licorne Black 6%vol - 3x33cl","p":4.23,"u":"4,27 €/L","img":"https://fd1-photos.leclercdrive.fr/image.ashx?id=2853617&use=l&cat=p&typeid=i","cat":334852},{"id":49561,"n":"Gel Douche 5en1 Men Expert Pure carbon - 300ml","p":3.09,"u":"10,30 €/L","img":"https://fd1-photos.leclercdrive.fr/image.ashx?id=1603553&use=l&cat=p&typeid=i","cat":284619},{"id":49567,"n":"Diabolo grenadine Sprink's Bouteille - 1.5L","p":1.69,"u":"1,13 €/L","img":"https://fd1-photos.leclercdrive.fr/image.ashx?id=2901461&use=l&cat=p&typeid=i","cat":284532},{"id":49575,"n":"Boisson énergisante Monster Energy Mixxd Punch - 50CL","p":1.78,"u":"3,56 €/L","img":"https://fd1-photos.leclercdrive.fr/image.ashx?id=2206172&use=l&cat=p&typeid=i","cat":284533},{"id":49596,"n":"Café dosettes Tassimo L'Or Espresso Décaféiné x16","p":4.76,"u":"44,91 €/KG","img":"https://fd1-photos.leclercdrive.fr/image.ashx?id=2662090&use=l&cat=p&typeid=i","cat":293240},{"id":49624,"n":"Vin Union Européenne rosé Champlure - BIB 5L","p":13.8,"u":"2,76 €/L","img":"https://fd1-photos.leclercdrive.fr/image.ashx?id=2552523&use=l&cat=p&typeid=i","cat":289560},{"id":49628,"n":"Crémant brut Alsace C.Turckheim 75cl","p":7.54,"u":"10,05 €/L","img":"https://fd1-photos.leclercdrive.fr/image.ashx?id=1893310&use=l&cat=p&typeid=i","cat":284545},{"id":49632,"n":"Pain de mie 100% Mie Harrys Nature Longue conservation 325g","p":2.0,"u":"6,15 €/KG","img":"https://fd1-photos.leclercdrive.fr/image.ashx?id=2469647&use=l&cat=p&typeid=i","cat":284477},{"id":49636,"n":"Biscuits Baiocchi Mulino Bianco Chocolat noisette Snack - 336g","p":2.67,"u":"7,95 €/KG","img":"https://fd1-photos.leclercdrive.fr/image.ashx?id=2787962&use=l&cat=p&typeid=i","cat":284488},{"id":49639,"n":"Haricots verts Rochefontaine Extra-fins - 345g","p":3.68,"u":"10,67 €/KG","img":"https://fd1-photos.leclercdrive.fr/image.ashx?id=2101459&use=l&cat=p&typeid=i","cat":312606},{"id":49649,"n":"Sauce Tomate Cuisinée Heinz Ail & Oignon x2 - 210g","p":1.51,"u":"3,60 €/KG","img":"https://fd1-photos.leclercdrive.fr/image.ashx?id=2926990&use=l&cat=p&typeid=i","cat":288384},{"id":49653,"n":"Chapelure dorée Tipiak 250g","p":0.71,"u":"2,84 €/KG","img":"https://fd1-photos.leclercdrive.fr/image.ashx?id=2563490&use=l&cat=p&typeid=i","cat":288382},{"id":49656,"n":"Sauce burger Amora 448g","p":2.11,"u":"4,71 €/KG","img":"https://fd1-photos.leclercdrive.fr/image.ashx?id=3014656&use=l&cat=p&typeid=i","cat":318431},{"id":49659,"n":"Huile de noix Cauvin Bouteille - 25cl","p":2.98,"u":"11,92 €/L","img":"https://fd1-photos.leclercdrive.fr/image.ashx?id=2482318&use=l&cat=p&typeid=i","cat":284453},{"id":49664,"n":"Farine complète Francine Boîte - 1kg","p":1.75,"u":"1,75 €/KG","img":"https://fd1-photos.leclercdrive.fr/image.ashx?id=2018898&use=l&cat=p&typeid=i","cat":284503},{"id":49682,"n":"Yaourt La Laitière Vanille - 4x125g","p":1.99,"u":"3,98 €/KG","img":"https://fd1-photos.leclercdrive.fr/image.ashx?id=2650393&use=l&cat=p&typeid=i","cat":286006},{"id":49700,"n":"Matin Léger Bio de Lactel Sans lactose 1.2%mg - 6x1L","p":13.68,"u":"2,28 €/L","img":"https://fd1-photos.leclercdrive.fr/image.ashx?id=2883552&use=l&cat=p&typeid=i","cat":317169},{"id":49781,"n":"Vinaigrette huile d'olive Puget Balsamique Tomates séchées-33cl","p":1.96,"u":"5,94 €/L","img":"https://fd1-photos.leclercdrive.fr/image.ashx?id=2183552&use=l&cat=p&typeid=i","cat":284456},{"id":49798,"n":"Nectar Goyave Caraibos Sans alcool - 75cl","p":2.29,"u":"3,05 €/L","img":"https://fd1-photos.leclercdrive.fr/image.ashx?id=3011281&use=l&cat=p&typeid=i","cat":284916},{"id":49799,"n":"Nectar Mangue Caraibos Sans alcool - 75cl","p":2.29,"u":"3,05 €/L","img":"https://fd1-photos.leclercdrive.fr/image.ashx?id=3011278&use=l&cat=p&typeid=i","cat":284916},{"id":49800,"n":"Chorizo doux César Moroni   200g","p":2.88,"u":"14,40 €/KG","img":"https://fd1-photos.leclercdrive.fr/image.ashx?id=2854420&use=l&cat=p&typeid=i","cat":316006},{"id":49825,"n":"Croco Pik Haribo  Sachet bonbons acidulés - 275g","p":1.7,"u":"6,18 €/KG","img":"https://fd1-photos.leclercdrive.fr/image.ashx?id=2802350&use=l&cat=p&typeid=i","cat":304250},{"id":49828,"n":"Happy Life Haribo Sachet bonbons - 275g","p":1.54,"u":"5,60 €/KG","img":"https://fd1-photos.leclercdrive.fr/image.ashx?id=2803577&use=l&cat=p&typeid=i","cat":304250},{"id":49832,"n":"Dragibus Pik Haribo Sachet bonbons - 230g","p":1.88,"u":"8,17 €/KG","img":"https://fd1-photos.leclercdrive.fr/image.ashx?id=2984907&use=l&cat=p&typeid=i","cat":304250},{"id":49845,"n":"Jus multifruits Jafaden Brique, ABC - 2L","p":2.65,"u":"1,33 €/L","img":"https://fd1-photos.leclercdrive.fr/image.ashx?id=2759220&use=l&cat=p&typeid=i","cat":284917},{"id":49851,"n":"Limonade Sprink's 1.5L","p":0.95,"u":"0,63 €/L","img":"https://fd1-photos.leclercdrive.fr/image.ashx?id=2913721&use=l&cat=p&typeid=i","cat":284531},{"id":49852,"n":"Speck alto adige IGP Tradizioni d'Italia - 70g","p":1.95,"u":"27,86 €/KG","img":"https://fd1-photos.leclercdrive.fr/image.ashx?id=2925225&use=l&cat=p&typeid=i","cat":316007},{"id":49854,"n":"Prosciutto di San daniele AOP Tradizioni d'Italia - 70g","p":3.36,"u":"48,00 €/KG","img":"https://fd1-photos.leclercdrive.fr/image.ashx?id=2925219&use=l&cat=p&typeid=i","cat":316007},{"id":49857,"n":"Mortadella bologna IGP Tradizioni d'Italia - 150g","p":2.59,"u":"17,27 €/KG","img":"https://fd1-photos.leclercdrive.fr/image.ashx?id=2925222&use=l&cat=p&typeid=i","cat":316009},{"id":49858,"n":"Prosciutto di parma AOP 18 mois Tradizioni d'Italia - 80g","p":3.79,"u":"47,38 €/KG","img":"https://fd1-photos.leclercdrive.fr/image.ashx?id=1961988&use=l&cat=p&typeid=i","cat":316007},{"id":49863,"n":"Pizza feu de bois  Turini  Saumon  - 420g","p":2.21,"u":"5,26 €/KG","img":"https://fd1-photos.leclercdrive.fr/image.ashx?id=2816579&use=l&cat=p&typeid=i","cat":284256},{"id":49865,"n":"Steak haché Authentique Charal Pur Bœuf 10% MG  8x125g - 1kg","p":14.6,"u":"14,60 €/KG","img":"https://fd1-photos.leclercdrive.fr/image.ashx?id=2741955&use=l&cat=p&typeid=i","cat":319778},{"id":49870,"n":"Protection Absorbante Tena Men  Médium - x10","p":4.58,"u":"0,46 €/P","img":"https://fd1-photos.leclercdrive.fr/image.ashx?id=2428573&use=l&cat=p&typeid=i","cat":291514},{"id":49872,"n":"Tampons Tampax Compak Pearl Super - x18","p":2.93,"u":"0,16 €/P","img":"https://fd1-photos.leclercdrive.fr/image.ashx?id=2956616&use=l&cat=p&typeid=i","cat":284626},{"id":49880,"n":"Boisson concentrée Frucci Menthe avec édulcorants - 75cl","p":2.39,"u":"3,19 €/L","img":"https://fd1-photos.leclercdrive.fr/image.ashx?id=2909903&use=l&cat=p&typeid=i","cat":295020},{"id":49881,"n":"Sirop Frucci Zero Grenadine avec edulcorants-75cl","p":2.49,"u":"3,32 €/L","img":"https://fd1-photos.leclercdrive.fr/image.ashx?id=2956110&use=l&cat=p&typeid=i","cat":295020},{"id":49882,"n":"Sirop Frucci Zero Pêche avec édulcorants - 75cl","p":2.35,"u":"3,13 €/L","img":"https://fd1-photos.leclercdrive.fr/image.ashx?id=2954100&use=l&cat=p&typeid=i","cat":295020},{"id":49883,"n":"Soda tonic Sprink's 1.5L","p":1.05,"u":"0,70 €/L","img":"https://fd1-photos.leclercdrive.fr/image.ashx?id=2954106&use=l&cat=p&typeid=i","cat":284531},{"id":49900,"n":"Feuilletés fromage fondu Eco+ 650g","p":1.61,"u":"2,48 €/KG","img":"https://fd1-photos.leclercdrive.fr/image.ashx?id=2079792&use=l&cat=p&typeid=i","cat":319776},{"id":49903,"n":"Bresaola Della Valtellina IGP Tradizioni d'Italia - 70g","p":2.99,"u":"42,71 €/KG","img":"https://fd1-photos.leclercdrive.fr/image.ashx?id=2925228&use=l&cat=p&typeid=i","cat":316007},{"id":49930,"n":"Yaourt douceur Le Petit Basque Brebis nature - 4x100g","p":2.85,"u":"7,13 €/KG","img":"https://fd1-photos.leclercdrive.fr/image.ashx?id=2248084&use=l&cat=p&typeid=i","cat":314998},{"id":49932,"n":"Fromage Pavé d'Affinois Original - 180g","p":2.67,"u":"14,83 €/KG","img":"https://fd1-photos.leclercdrive.fr/image.ashx?id=2644070&use=l&cat=p&typeid=i","cat":314030},{"id":49933,"n":"Fromage Pavé d'Affinois Mini Mix 5 variétés - 130g","p":2.69,"u":"20,69 €/KG","img":"https://fd1-photos.leclercdrive.fr/image.ashx?id=2644076&use=l&cat=p&typeid=i","cat":314030},{"id":49946,"n":"Pâte à tartiner Novi 200g","p":4.6,"u":"23,00 €/KG","img":"https://fd1-photos.leclercdrive.fr/image.ashx?id=2475113&use=l&cat=p&typeid=i","cat":284481},{"id":49954,"n":"Limonade Sprink's 6x50cl","p":4.92,"u":"1,64 €/L","img":"https://fd1-photos.leclercdrive.fr/image.ashx?id=2913718&use=l&cat=p&typeid=i","cat":284531},{"id":49955,"n":"Soda 7UP Citron/citron vert zéro - 1.5L","p":1.42,"u":"0,95 €/L","img":"https://fd1-photos.leclercdrive.fr/image.ashx?id=2752462&use=l&cat=p&typeid=i","cat":284531},{"id":49956,"n":"Soda à l'orange Orangina Sans Sucres - 1,5L","p":1.73,"u":"1,15 €/L","img":"https://fd1-photos.leclercdrive.fr/image.ashx?id=2946496&use=l&cat=p&typeid=i","cat":284532},{"id":49971,"n":"Frites Pom Bistro à la Graisse de Canard - 500g","p":3.44,"u":"6,88 €/KG","img":"https://fd1-photos.leclercdrive.fr/image.ashx?id=2866412&use=l&cat=p&typeid=i","cat":319791},{"id":49979,"n":"Soupe liquide Liebig  Potiron Chataîgne - Brique 1L","p":2.89,"u":"2,89 €/L","img":"https://fd1-photos.leclercdrive.fr/image.ashx?id=2785358&use=l&cat=p&typeid=i","cat":284462},{"id":49981,"n":"Velouté Liebig Légumes du soleil - 1L","p":2.81,"u":"2,81 €/L","img":"https://fd1-photos.leclercdrive.fr/image.ashx?id=2750991&use=l&cat=p&typeid=i","cat":284462},{"id":49983,"n":"Sauce yakitori Kikkoman 250ml","p":4.77,"u":"19,08 €/L","img":"https://fd1-photos.leclercdrive.fr/image.ashx?id=2536299&use=l&cat=p&typeid=i","cat":288992},{"id":49990,"n":"Tortillas fraiches 20cm x8 - 320g","p":2.65,"u":"8,28 €/KG","img":"https://fd1-photos.leclercdrive.fr/image.ashx?id=1553401&use=l&cat=p&typeid=i","cat":288993},{"id":49991,"n":"Tortillas wrap Poco Loco  25cmx6 - 370g","p":2.48,"u":"6,70 €/KG","img":"https://fd1-photos.leclercdrive.fr/image.ashx?id=2672542&use=l&cat=p&typeid=i","cat":288993},{"id":49997,"n":"Boisson aux fruits Oasis Mini Tropical - 6x25cl","p":3.19,"u":"2,13 €/L","img":"https://fd1-photos.leclercdrive.fr/image.ashx?id=2684443&use=l&cat=p&typeid=i","cat":295018},{"id":50002,"n":"Sauce soja Kikkoman  150ml","p":3.41,"u":"22,73 €/L","img":"https://fd1-photos.leclercdrive.fr/image.ashx?id=2536284&use=l&cat=p&typeid=i","cat":288992},{"id":50004,"n":"Kit Crousti Fajitas Old El Paso extra doux - 521g","p":4.76,"u":"9,14 €/KG","img":"https://fd1-photos.leclercdrive.fr/image.ashx?id=2765402&use=l&cat=p&typeid=i","cat":288993},{"id":50017,"n":"Confit de tomates séchées  Les Tartinables Florelli 190g","p":2.18,"u":"11,47 €/KG","img":"https://fd1-photos.leclercdrive.fr/image.ashx?id=3011671&use=l&cat=p&typeid=i","cat":289010},{"id":50018,"n":"Légumes grillés Florelli 280g","p":3.2,"u":"11,43 €/KG","img":"https://fd1-photos.leclercdrive.fr/image.ashx?id=2664199&use=l&cat=p&typeid=i","cat":289010},{"id":50020,"n":"Riz long Basmati Bouddha 1kg","p":3.92,"u":"3,92 €/KG","img":"https://fd1-photos.leclercdrive.fr/image.ashx?id=1569091&use=l&cat=p&typeid=i","cat":288992},{"id":50029,"n":"Biscuit apéritif ancel Sticks Bretzels - 137g","p":1.6,"u":"11,68 €/KG","img":"https://fd1-photos.leclercdrive.fr/image.ashx?id=2895181&use=l&cat=p&typeid=i","cat":297000},{"id":50052,"n":"Lait bébé en poudre Galliagest croissance Dès 12 mois 900g","p":13.64,"u":"15,16 €/KG","img":"https://fd1-photos.leclercdrive.fr/image.ashx?id=2616844&use=l&cat=p&typeid=i","cat":290219},{"id":50068,"n":"Soupe liquide velouté Knorr Potiron crème fraîche - 500ml","p":1.75,"u":"3,50 €/L","img":"https://fd1-photos.leclercdrive.fr/image.ashx?id=2738035&use=l&cat=p&typeid=i","cat":284462},{"id":50072,"n":"Soupe Liquide Douceur Knorr 8 légumes à la crème - 50cl","p":1.62,"u":"3,24 €/L","img":"https://fd1-photos.leclercdrive.fr/image.ashx?id=2738023&use=l&cat=p&typeid=i","cat":284462},{"id":50082,"n":"Dessert fruits mixés Sojasun Myrtilles - 4x100g","p":1.73,"u":"4,33 €/KG","img":"https://fd1-photos.leclercdrive.fr/image.ashx?id=2355680&use=l&cat=p&typeid=i","cat":316071},{"id":50083,"n":"Taboulé aux tomates  Garbit - 730g","p":2.73,"u":"3,74 €/KG","img":"https://fd1-photos.leclercdrive.fr/image.ashx?id=2901905&use=l&cat=p&typeid=i","cat":325094},{"id":50088,"n":"Pulpe tomate basilic Jardin Bio Bio - 500g","p":2.36,"u":"4,72 €/KG","img":"https://fd1-photos.leclercdrive.fr/image.ashx?id=2535025&use=l&cat=p&typeid=i","cat":288384},{"id":50106,"n":"Nems au Porc Tables du Monde x4 - 280g","p":1.76,"u":"6,29 €/KG","img":"https://fd1-photos.leclercdrive.fr/image.ashx?id=1760305&use=l&cat=p&typeid=i","cat":333673},{"id":50123,"n":"Vinaigrette Puget  Ciboulette/échalotes - 33cl","p":2.37,"u":"7,18 €/L","img":"https://fd1-photos.leclercdrive.fr/image.ashx?id=2912146&use=l&cat=p&typeid=i","cat":284456},{"id":50131,"n":"Compotes Pom'Potes Gourdes  Multivariétés - 20x90g","p":7.38,"u":"4,10 €/KG","img":"https://fd1-photos.leclercdrive.fr/image.ashx?id=3010930&use=l&cat=p&typeid=i","cat":284508},{"id":50132,"n":"Compotes Pom'Potes Gourdes  Multivariétés Inédits - 12x90g","p":5.48,"u":"5,07 €/KG","img":"https://fd1-photos.leclercdrive.fr/image.ashx?id=2870170&use=l&cat=p&typeid=i","cat":284508},{"id":50134,"n":"Poudre anti-calcaire Calgon 4 en 1 - 60 doses","p":10.99,"u":"7,33 €/KG","img":"https://fd1-photos.leclercdrive.fr/image.ashx?id=2954199&use=l&cat=p&typeid=i","cat":284653},{"id":50135,"n":"Lingettes Textil Anti-transfert - x40","p":3.71,"u":"0,09 €/P","img":"https://fd1-photos.leclercdrive.fr/image.ashx?id=2964574&use=l&cat=p&typeid=i","cat":290450},{"id":50211,"n":"Pain Bruschetta La Boulangère 400g","p":2.64,"u":"6,60 €/KG","img":"https://fd1-photos.leclercdrive.fr/image.ashx?id=2912404&use=l&cat=p&typeid=i","cat":284985},{"id":50218,"n":"Tronches de Cake St Michel 175g","p":1.84,"u":"10,51 €/KG","img":"https://fd1-photos.leclercdrive.fr/image.ashx?id=2949946&use=l&cat=p&typeid=i","cat":284495},{"id":50224,"n":"Cookies Milka Pépites de chocolat - 168g","p":1.66,"u":"9,88 €/KG","img":"https://fd1-photos.leclercdrive.fr/image.ashx?id=3002285&use=l&cat=p&typeid=i","cat":325066},{"id":50225,"n":"Biscuits Choco suprême Milka Chocolat - 180g","p":2.39,"u":"13,28 €/KG","img":"https://fd1-photos.leclercdrive.fr/image.ashx?id=2990991&use=l&cat=p&typeid=i","cat":284488},{"id":50227,"n":"Biscuits Granola Chocolat au lait - 200g","p":1.44,"u":"7,20 €/KG","img":"https://fd1-photos.leclercdrive.fr/image.ashx?id=2324282&use=l&cat=p&typeid=i","cat":284488},{"id":50231,"n":"Biscuit Dinosaurus Lotus Chocolat au lait - 225g","p":2.11,"u":"9,38 €/KG","img":"https://fd1-photos.leclercdrive.fr/image.ashx?id=2859815&use=l&cat=p&typeid=i","cat":284488},{"id":50253,"n":"Soda Sprink's Lemon - 1.5L","p":1.45,"u":"0,97 €/L","img":"https://fd1-photos.leclercdrive.fr/image.ashx?id=2913715&use=l&cat=p&typeid=i","cat":284532},{"id":50255,"n":"Soda Sprink's Citron - 1.5L","p":1.09,"u":"0,73 €/L","img":"https://fd1-photos.leclercdrive.fr/image.ashx?id=2913730&use=l&cat=p&typeid=i","cat":284532},{"id":50256,"n":"Soda Sprink's Lemon Lime - 1.5L","p":0.99,"u":"0,66 €/L","img":"https://fd1-photos.leclercdrive.fr/image.ashx?id=2913736&use=l&cat=p&typeid=i","cat":284532},{"id":50257,"n":"Jus d'orange Jafaden Pur jus sans pulpe - 6x1L","p":11.94,"u":"1,99 €/L","img":"https://fd1-photos.leclercdrive.fr/image.ashx?id=2842504&use=l&cat=p&typeid=i","cat":284521},{"id":50262,"n":"Kebab de poulet Fleury Michon Semoule à l'orientale - 280g","p":2.98,"u":"10,64 €/KG","img":"https://fd1-photos.leclercdrive.fr/image.ashx?id=2680167&use=l&cat=p&typeid=i","cat":333665},{"id":50360,"n":"Mousse à Raser Nivea Men Peaux Sensibles - 200 ml","p":2.57,"u":"12,85 €/L","img":"https://fd1-photos.leclercdrive.fr/image.ashx?id=3005212&use=l&cat=p&typeid=i","cat":284617},{"id":50362,"n":"Gel à Raser Nivea Men Peaux Sensibles - 200ml","p":2.29,"u":"11,45 €/L","img":"https://fd1-photos.leclercdrive.fr/image.ashx?id=2945724&use=l&cat=p&typeid=i","cat":284617},{"id":50363,"n":"Crème adhésive Polident Original - 40g","p":3.2,"u":"80,00 €/KG","img":"https://fd1-photos.leclercdrive.fr/image.ashx?id=2605467&use=l&cat=p&typeid=i","cat":285158},{"id":50365,"n":"Moelleux Pépites Choco GERBLE  sans sucre - 196g","p":3.31,"u":"16,89 €/KG","img":"https://fd1-photos.leclercdrive.fr/image.ashx?id=2812705&use=l&cat=p&typeid=i","cat":318653},{"id":50446,"n":"Aiguilette Poulet Blanc S/Atm Les Accessibles - 500g","p":6.11,"u":"12,22 €/KG","img":"https://fd1-photos.leclercdrive.fr/image.ashx?id=2831978&use=l&cat=p&typeid=i","cat":284336},{"id":50459,"n":"Fromage à Tartiner St Môret  Nature - 150g","p":2.0,"u":"13,33 €/KG","img":"https://fd1-photos.leclercdrive.fr/image.ashx?id=2755468&use=l&cat=p&typeid=i","cat":314029},{"id":50491,"n":"Bière blanche Hoegaarden 4,9% - 6x25cl","p":4.56,"u":"3,04 €/L","img":"https://fd1-photos.leclercdrive.fr/image.ashx?id=2963922&use=l&cat=p&typeid=i","cat":334878},{"id":50524,"n":"Crème soin Nivea visage Sensitive soin de jour - 50ml","p":4.83,"u":"96,60 €/L","img":"https://fd1-photos.leclercdrive.fr/image.ashx?id=2221581&use=l&cat=p&typeid=i","cat":325345},{"id":50548,"n":"Lait de croissance Lactel Nature - 6x1L","p":11.2,"u":"1,87 €/L","img":"https://fd1-photos.leclercdrive.fr/image.ashx?id=2927438&use=l&cat=p&typeid=i","cat":284728},{"id":50568,"n":"Eau aromatisée Cristaline Jus de pêche - 1.5L","p":1.14,"u":"0,76 €/L","img":"https://fd1-photos.leclercdrive.fr/image.ashx?id=2344615&use=l&cat=p&typeid=i","cat":284537},{"id":50569,"n":"Boisson aromatisée Cristaline Jus de fruits tropical - 1.5L","p":1.11,"u":"0,74 €/L","img":"https://fd1-photos.leclercdrive.fr/image.ashx?id=2344618&use=l&cat=p&typeid=i","cat":284537},{"id":50570,"n":"Eau aromatisée Cristaline Fraise - 1.5L","p":1.15,"u":"0,77 €/L","img":"https://fd1-photos.leclercdrive.fr/image.ashx?id=2417255&use=l&cat=p&typeid=i","cat":284537},{"id":50572,"n":"Boisson Cristaline aromatisée Fraise - 6x50cl","p":3.9,"u":"1,30 €/L","img":"https://fd1-photos.leclercdrive.fr/image.ashx?id=2344627&use=l&cat=p&typeid=i","cat":284537},{"id":50585,"n":"Haricots verts d'aucy  Extra-fins - 440g","p":1.73,"u":"3,93 €/KG","img":"https://fd1-photos.leclercdrive.fr/image.ashx?id=2527370&use=l&cat=p&typeid=i","cat":312606},{"id":50590,"n":"Lentilles préparées D'aucy  530g","p":1.61,"u":"3,04 €/KG","img":"https://fd1-photos.leclercdrive.fr/image.ashx?id=2560597&use=l&cat=p&typeid=i","cat":312609},{"id":50592,"n":"Pois chiches Sultanines 265g","p":0.93,"u":"3,51 €/KG","img":"https://fd1-photos.leclercdrive.fr/image.ashx?id=1920223&use=l&cat=p&typeid=i","cat":312609},{"id":50599,"n":"Crème soyeuse Bio Lait d'anesse So'Bio Etic - 50 ml","p":8.34,"u":"166,80 €/L","img":"https://fd1-photos.leclercdrive.fr/image.ashx?id=2906463&use=l&cat=p&typeid=i","cat":325345},{"id":50600,"n":"Crème onctueuse lait d'anesse Bio - So'Bio Etic - 50 ml","p":7.59,"u":"151,80 €/L","img":"https://fd1-photos.leclercdrive.fr/image.ashx?id=2909062&use=l&cat=p&typeid=i","cat":325345},{"id":50604,"n":"Lotion micellaire So Bio Etic Aloe vera bio - 500 ml","p":5.39,"u":"10,78 €/L","img":"https://fd1-photos.leclercdrive.fr/image.ashx?id=2493508&use=l&cat=p&typeid=i","cat":284603},{"id":50609,"n":"Savon crème lait d'anesse SoBIO Distrinat bio - 100g","p":2.5,"u":"25,00 €/KG","img":"https://fd1-photos.leclercdrive.fr/image.ashx?id=2494728&use=l&cat=p&typeid=i","cat":284597},{"id":50659,"n":"Confisuc gelée Saint Louis 1kg","p":2.65,"u":"2,65 €/KG","img":"https://fd1-photos.leclercdrive.fr/image.ashx?id=1943688&use=l&cat=p&typeid=i","cat":284502},{"id":50662,"n":"Chocolat en poudre Nesquik Extra Choco - 600g","p":5.44,"u":"9,07 €/KG","img":"https://fd1-photos.leclercdrive.fr/image.ashx?id=3004438&use=l&cat=p&typeid=i","cat":293235},{"id":50672,"n":"Biscuits à la cuillère x30 Bonne Maman - 250g","p":4.74,"u":"18,96 €/KG","img":"https://fd1-photos.leclercdrive.fr/image.ashx?id=2936152&use=l&cat=p&typeid=i","cat":284487},{"id":50673,"n":"Financier amandes Bonne Maman 250g","p":3.69,"u":"14,76 €/KG","img":"https://fd1-photos.leclercdrive.fr/image.ashx?id=2936176&use=l&cat=p&typeid=i","cat":284492},{"id":50674,"n":"Quatre quarts Bonne Maman 500g","p":3.13,"u":"6,26 €/KG","img":"https://fd1-photos.leclercdrive.fr/image.ashx?id=2936158&use=l&cat=p&typeid=i","cat":294776},{"id":50675,"n":"Gâteau Bonne Maman  Marbré chocolat - 475g","p":3.24,"u":"6,82 €/KG","img":"https://fd1-photos.leclercdrive.fr/image.ashx?id=2936161&use=l&cat=p&typeid=i","cat":294776},{"id":50676,"n":"Madeleine coquille St Michel  Oeuf plein air x24 - 600g","p":3.37,"u":"5,62 €/KG","img":"https://fd1-photos.leclercdrive.fr/image.ashx?id=2936197&use=l&cat=p&typeid=i","cat":284492},{"id":50678,"n":"IGP Vinaigre balsamique Modène Maille - 75cl","p":4.84,"u":"6,45 €/L","img":"https://fd1-photos.leclercdrive.fr/image.ashx?id=2805666&use=l&cat=p&typeid=i","cat":298543},{"id":50680,"n":"Barre Chocolatée KINDER Country  Céréales chocolat x15 - 352,5g","p":4.83,"u":"13,72 €/KG","img":"https://fd1-photos.leclercdrive.fr/image.ashx?id=2231903&use=l&cat=p&typeid=i","cat":284498},{"id":50682,"n":"Gâteau Ker Cadélac Le Moelleux Original - 500g","p":2.59,"u":"5,18 €/KG","img":"https://fd1-photos.leclercdrive.fr/image.ashx?id=2955797&use=l&cat=p&typeid=i","cat":294776},{"id":50683,"n":"Barre marbré  Ker Cadélac  Cacao - 500g","p":2.54,"u":"5,08 €/KG","img":"https://fd1-photos.leclercdrive.fr/image.ashx?id=2939508&use=l&cat=p&typeid=i","cat":294776},{"id":50688,"n":"Pains au chocolat Pasquier  x16 - 720g","p":4.41,"u":"6,13 €/KG","img":"https://fd1-photos.leclercdrive.fr/image.ashx?id=2686837&use=l&cat=p&typeid=i","cat":296366},{"id":50690,"n":"Brioche tressée Pasquier Tranchée nature - 500g","p":2.62,"u":"5,24 €/KG","img":"https://fd1-photos.leclercdrive.fr/image.ashx?id=2978706&use=l&cat=p&typeid=i","cat":284478},{"id":50712,"n":"Biscuits Choco Pause Milka Chocolat au lait - 260g","p":1.57,"u":"6,04 €/KG","img":"https://fd1-photos.leclercdrive.fr/image.ashx?id=2192572&use=l&cat=p&typeid=i","cat":284488},{"id":50713,"n":"Biscuits Oreo Vanille / chocolat blanc - 246g","p":2.47,"u":"10,04 €/KG","img":"https://fd1-photos.leclercdrive.fr/image.ashx?id=2989447&use=l&cat=p&typeid=i","cat":284488},{"id":50714,"n":"Biscottes Heudebert  Goût brioché - 290g","p":1.7,"u":"5,86 €/KG","img":"https://fd1-photos.leclercdrive.fr/image.ashx?id=3001979&use=l&cat=p&typeid=i","cat":284479},{"id":50730,"n":"Dosettes café Sati  Crema - x36 - 250g","p":4.97,"u":"19,88 €/KG","img":"https://fd1-photos.leclercdrive.fr/image.ashx?id=2136031&use=l&cat=p&typeid=i","cat":293238},{"id":50761,"n":"Coppa Saint Azay Chiffonnade - 100g","p":2.99,"u":"29,90 €/KG","img":"https://fd1-photos.leclercdrive.fr/image.ashx?id=2708351&use=l&cat=p&typeid=i","cat":316007},{"id":50802,"n":"Huile d'olive Tramier Vierge extra - 75cl","p":6.02,"u":"8,03 €/L","img":"https://fd1-photos.leclercdrive.fr/image.ashx?id=2769807&use=l&cat=p&typeid=i","cat":284453},{"id":50810,"n":"Sauce Tomates Barilla Arrabbiata - 400g","p":1.78,"u":"4,45 €/KG","img":"https://fd1-photos.leclercdrive.fr/image.ashx?id=2832509&use=l&cat=p&typeid=i","cat":287599},{"id":50843,"n":"Pastis Ricard Anisé 45% vol - 2L","p":39.59,"u":"19,80 €/L","img":"https://fd1-photos.leclercdrive.fr/image.ashx?id=2919271&use=l&cat=p&typeid=i","cat":284548},{"id":50863,"n":"Savon verveine Petit Olivier 2x100g","p":2.05,"u":"10,25 €/KG","img":"https://fd1-photos.leclercdrive.fr/image.ashx?id=2144839&use=l&cat=p&typeid=i","cat":284597},{"id":50867,"n":"Petit Olivier savon Marseille Avec ou sans pompe -  300ml","p":2.58,"u":"8,60 €/L","img":"https://fd1-photos.leclercdrive.fr/image.ashx?id=2683793&use=l&cat=p&typeid=i","cat":284597},{"id":50903,"n":"Rana Feuilles de lasagnes Fraîches - 250g","p":2.19,"u":"8,76 €/KG","img":"https://fd1-photos.leclercdrive.fr/image.ashx?id=2529144&use=l&cat=p&typeid=i","cat":333682},{"id":50906,"n":"Cubes allume-feu Eco+ x32","p":1.4,"u":"0,04 €/P","img":"https://fd1-photos.leclercdrive.fr/image.ashx?id=2645125&use=l&cat=p&typeid=i","cat":300578},{"id":50915,"n":"Gnocchi à poêler Lustucru Fromage - 300g","p":1.71,"u":"5,70 €/KG","img":"https://fd1-photos.leclercdrive.fr/image.ashx?id=3014482&use=l&cat=p&typeid=i","cat":333682},{"id":50955,"n":"Maison toilette chat Ptit ami  x1","p":9.9,"img":"https://fd1-photos.leclercdrive.fr/image.ashx?id=1008830&use=l&cat=p&typeid=i","cat":284682},{"id":50956,"n":"Bougies chauffe plats Ardence x25","p":2.39,"img":"https://fd1-photos.leclercdrive.fr/image.ashx?id=2635550&use=l&cat=p&typeid=i","cat":335913},{"id":50970,"n":"Plat bébé bio Good Goût bio Ratatouille - Dès 6 mois - 190g","p":2.94,"u":"15,47 €/KG","img":"https://fd1-photos.leclercdrive.fr/image.ashx?id=2579071&use=l&cat=p&typeid=i","cat":312235},{"id":50984,"n":"Soda zéro Sprink's Agrumes - 1,5L","p":0.76,"u":"0,51 €/L","img":"https://fd1-photos.leclercdrive.fr/image.ashx?id=2913724&use=l&cat=p&typeid=i","cat":284532},{"id":50990,"n":"Fruits au sirop St Mamet Ananas en morceaux - 345g","p":2.6,"u":"7,54 €/KG","img":"https://fd1-photos.leclercdrive.fr/image.ashx?id=2927309&use=l&cat=p&typeid=i","cat":284507},{"id":50991,"n":"Fruits au sirop St Mamet Ananas en tranches - 345g","p":2.96,"u":"8,58 €/KG","img":"https://fd1-photos.leclercdrive.fr/image.ashx?id=2630226&use=l&cat=p&typeid=i","cat":284507},{"id":51046,"n":"Mouchoirs blancs 3 plis Eco+ x15","p":0.97,"u":"0,06 €/P","img":"https://fd1-photos.leclercdrive.fr/image.ashx?id=2824244&use=l&cat=p&typeid=i","cat":284638},{"id":51048,"n":"Lentilles Notre Jardin 3x130g","p":2.09,"u":"5,36 €/KG","img":"https://fd1-photos.leclercdrive.fr/image.ashx?id=3002617&use=l&cat=p&typeid=i","cat":312609},{"id":51050,"n":"Chips Pom'lisse Barbecue - 6x30g","p":1.99,"u":"11,06 €/KG","img":"https://fd1-photos.leclercdrive.fr/image.ashx?id=2809668&use=l&cat=p&typeid=i","cat":284447},{"id":51055,"n":"Mangue découpée Barquette   250g","p":3.23,"u":"12,92 €/KG","img":"https://fd1-photos.leclercdrive.fr/image.ashx?id=906301&use=l&cat=p&typeid=i","cat":290298},{"id":51089,"n":"Soda Sprink's Aux agrumes - 1.5L","p":1.4,"u":"0,93 €/L","img":"https://fd1-photos.leclercdrive.fr/image.ashx?id=2913727&use=l&cat=p&typeid=i","cat":284532},{"id":51203,"n":"Filets de maqueraux Saupiquet  Vin blanc - 3x176g","p":5.69,"u":"10,78 €/KG","img":"https://fd1-photos.leclercdrive.fr/image.ashx?id=2826969&use=l&cat=p&typeid=i","cat":303868},{"id":51227,"n":"Papier cuisson Alfapac Naturel 10M x 0.37","p":2.2,"img":"https://fd1-photos.leclercdrive.fr/image.ashx?id=2887734&use=l&cat=p&typeid=i","cat":334134},{"id":51249,"n":"Crème brûlée La Laitière saveur vanille - 4x100g","p":2.98,"u":"7,45 €/KG","img":"https://fd1-photos.leclercdrive.fr/image.ashx?id=2624116&use=l&cat=p&typeid=i","cat":284419},{"id":51254,"n":"Eau aromatisée O'Fresh Pêche - 1.5L","p":0.91,"u":"0,61 €/L","img":"https://fd1-photos.leclercdrive.fr/image.ashx?id=2450029&use=l&cat=p&typeid=i","cat":284537},{"id":51257,"n":"Eau aromatisée O'Fresh Citron vert - 1.5L","p":0.75,"u":"0,50 €/L","img":"https://fd1-photos.leclercdrive.fr/image.ashx?id=2450038&use=l&cat=p&typeid=i","cat":284537},{"id":51265,"n":"Eau aromatisée O'Fresh Citron - 1.5L","p":0.75,"u":"0,50 €/L","img":"https://fd1-photos.leclercdrive.fr/image.ashx?id=2450041&use=l&cat=p&typeid=i","cat":284537},{"id":51268,"n":"Eau aromatisée O'Fresh Fraise - 1.5L","p":0.75,"u":"0,50 €/L","img":"https://fd1-photos.leclercdrive.fr/image.ashx?id=2450044&use=l&cat=p&typeid=i","cat":284537},{"id":51270,"n":"Tablette chocolat Côte d'Or Chocolat au lait - 3x100g","p":4.7,"u":"15,67 €/KG","img":"https://fd1-photos.leclercdrive.fr/image.ashx?id=2875561&use=l&cat=p&typeid=i","cat":284497},{"id":51271,"n":"Tablette chocolat Côte d'Or Noir extra - 3x100g","p":3.89,"u":"12,97 €/KG","img":"https://fd1-photos.leclercdrive.fr/image.ashx?id=2875564&use=l&cat=p&typeid=i","cat":284956},{"id":51275,"n":"Tablette chocolat Côte d'Or Chocolat lait/Noisettes - 180g","p":3.13,"u":"17,39 €/KG","img":"https://fd1-photos.leclercdrive.fr/image.ashx?id=2993140&use=l&cat=p&typeid=i","cat":284497},{"id":51276,"n":"Tablette chocolat Côte d'Or Chocolat noir/Noisettes - 180g","p":3.49,"u":"19,39 €/KG","img":"https://fd1-photos.leclercdrive.fr/image.ashx?id=2993143&use=l&cat=p&typeid=i","cat":284956},{"id":51289,"n":"Fromage Blanc Calin Nature - 0% extra - 850g","p":2.37,"u":"2,79 €/KG","img":"https://fd1-photos.leclercdrive.fr/image.ashx?id=2973724&use=l&cat=p&typeid=i","cat":315000},{"id":51298,"n":"Compotes Andros  Pomme nature - 16x100g","p":3.26,"u":"2,04 €/KG","img":"https://fd1-photos.leclercdrive.fr/image.ashx?id=2908195&use=l&cat=p&typeid=i","cat":284416},{"id":51300,"n":"Yaourt Nature Sucré Yoplait - 4x125g","p":1.19,"u":"2,38 €/KG","img":"https://fd1-photos.leclercdrive.fr/image.ashx?id=2799898&use=l&cat=p&typeid=i","cat":284409},{"id":51353,"n":"Fromage Cantal jeune NRT AOP  200g","p":3.19,"u":"15,95 €/KG","img":"https://fd1-photos.leclercdrive.fr/image.ashx?id=2934832&use=l&cat=p&typeid=i","cat":314034},{"id":51361,"n":"Brassé Poire vanille Good Goût Bio Dès 6 mois - 90g","p":1.35,"u":"15,00 €/KG","img":"https://fd1-photos.leclercdrive.fr/image.ashx?id=2736178&use=l&cat=p&typeid=i","cat":312392},{"id":51392,"n":"Yaourts à la Grecque Délisse Lit de fruit jaunes - 4x150g","p":1.99,"u":"3,32 €/KG","img":"https://fd1-photos.leclercdrive.fr/image.ashx?id=2699699&use=l&cat=p&typeid=i","cat":314999},{"id":51395,"n":"Profiteroles Délisse 4x90g","p":2.49,"u":"6,92 €/KG","img":"https://fd1-photos.leclercdrive.fr/image.ashx?id=2844842&use=l&cat=p&typeid=i","cat":284419},{"id":51481,"n":"Capsules café Sati Classico - x16 - 122g","p":4.55,"u":"37,30 €/KG","img":"https://fd1-photos.leclercdrive.fr/image.ashx?id=2136040&use=l&cat=p&typeid=i","cat":293239},{"id":51482,"n":"Capsules café Sati Espresso forte - x16 - 112g","p":4.51,"u":"40,27 €/KG","img":"https://fd1-photos.leclercdrive.fr/image.ashx?id=2136043&use=l&cat=p&typeid=i","cat":293239},{"id":51607,"n":"Fromage enfant Kiri Goûter 8 portions barquettes - 280g","p":3.54,"u":"12,64 €/KG","img":"https://fd1-photos.leclercdrive.fr/image.ashx?id=2972886&use=l&cat=p&typeid=i","cat":314030},{"id":51653,"n":"Bananes Panier du Primeur x5","p":1.69,"u":"0,34 €/P","img":"https://fd1-photos.leclercdrive.fr/image.ashx?id=2302456&use=l&cat=p&typeid=i","cat":284356},{"id":51722,"n":"Bâtonnet Magic Smicy Mutlifruits x8 - 320g","p":2.51,"u":"7,84 €/KG","img":"https://fd1-photos.leclercdrive.fr/image.ashx?id=949988&use=l&cat=p&typeid=i","cat":285250},{"id":51750,"n":"Sel fin La Baleine Iodé - 500g","p":0.52,"u":"1,04 €/KG","img":"https://fd1-photos.leclercdrive.fr/image.ashx?id=1752100&use=l&cat=p&typeid=i","cat":284457},{"id":51751,"n":"Cacolac Chocolat Canettes Pack - 6x25cl","p":4.97,"u":"3,31 €/L","img":"https://fd1-photos.leclercdrive.fr/image.ashx?id=2554623&use=l&cat=p&typeid=i","cat":295246},{"id":51822,"n":"Thé glacé Lipton Ice Tea Pêche - 4x50cl","p":4.14,"u":"2,07 €/L","img":"https://fd1-photos.leclercdrive.fr/image.ashx?id=2505471&use=l&cat=p&typeid=i","cat":295019},{"id":51866,"n":"Lait Croissance Mots d'Enfants 12 à 36 mois - 6x1L","p":8.04,"u":"1,34 €/L","img":"https://fd1-photos.leclercdrive.fr/image.ashx?id=2770684&use=l&cat=p&typeid=i","cat":284728},{"id":51934,"n":"Goûter laitier Récré O'Lé Gourdes Chocolat - 12x85g","p":6.28,"u":"6,16 €/KG","img":"https://fd1-photos.leclercdrive.fr/image.ashx?id=2887035&use=l&cat=p&typeid=i","cat":284506},{"id":51935,"n":"Goûter laitier Récré O'Lé Gourdes Saveur Vanille - 12x85g","p":5.75,"u":"5,64 €/KG","img":"https://fd1-photos.leclercdrive.fr/image.ashx?id=2795213&use=l&cat=p&typeid=i","cat":284506},{"id":51939,"n":"Trio salade Florette Mâche roquette betterave - 175g","p":2.62,"u":"14,97 €/KG","img":"https://fd1-photos.leclercdrive.fr/image.ashx?id=2650534&use=l&cat=p&typeid=i","cat":284353},{"id":51956,"n":"Gel barquette  Bien Air Muguet  x1","p":1.24,"img":"https://fd1-photos.leclercdrive.fr/image.ashx?id=2466877&use=l&cat=p&typeid=i","cat":311628},{"id":51957,"n":"Gel désodorisant Bien Air Marine - x1","p":1.35,"img":"https://fd1-photos.leclercdrive.fr/image.ashx?id=2466880&use=l&cat=p&typeid=i","cat":311628},{"id":51978,"n":"Boisson au soja Nat&Vie Chocolat - 1L","p":1.4,"u":"1,40 €/L","img":"https://fd1-photos.leclercdrive.fr/image.ashx?id=2886457&use=l&cat=p&typeid=i","cat":316067},{"id":51979,"n":"Boisson au soja Vanille Végé 1L Végé - 200g","p":1.35,"u":"1,35 €/L","img":"https://fd1-photos.leclercdrive.fr/image.ashx?id=2872703&use=l&cat=p&typeid=i","cat":316067},{"id":51980,"n":"Lait demi-écrémé Délisse UHT -  6x25cl","p":3.36,"u":"2,24 €/L","img":"https://fd1-photos.leclercdrive.fr/image.ashx?id=2971503&use=l&cat=p&typeid=i","cat":284377},{"id":51989,"n":"Lait sans lactose Délisse UHT Bouteille -  6x50cl","p":5.64,"u":"1,88 €/L","img":"https://fd1-photos.leclercdrive.fr/image.ashx?id=2492267&use=l&cat=p&typeid=i","cat":317169},{"id":51996,"n":"Spécialtié laitière Délisse UHT Fluide 4%mg - 3x20cl","p":1.99,"u":"3,32 €/L","img":"https://fd1-photos.leclercdrive.fr/image.ashx?id=2909398&use=l&cat=p&typeid=i","cat":284381},{"id":52001,"n":"Pâte à pizza fine Herta Rectangulaire - 390g","p":1.58,"u":"4,05 €/KG","img":"https://fd1-photos.leclercdrive.fr/image.ashx?id=2976110&use=l&cat=p&typeid=i","cat":333681},{"id":52002,"n":"HERTA Pâte à pizza fine & ronde 265g","p":1.26,"u":"4,75 €/KG","img":"https://fd1-photos.leclercdrive.fr/image.ashx?id=2975674&use=l&cat=p&typeid=i","cat":333681},{"id":52003,"n":"Eau aromatisée O'Fresh Fraise - 6x50cl","p":2.99,"u":"1,00 €/L","img":"https://fd1-photos.leclercdrive.fr/image.ashx?id=2441378&use=l&cat=p&typeid=i","cat":284537},{"id":52004,"n":"AOC Alsace Edelzwicker  vin blanc Rebmann - 75 cl","p":4.49,"u":"5,99 €/L","img":"https://fd1-photos.leclercdrive.fr/image.ashx?id=2775472&use=l&cat=p&typeid=i","cat":289557},{"id":52044,"n":"Croquettes Lydog Mini chien adulte - 1.5kg","p":3.99,"u":"2,66 €/KG","img":"https://fd1-photos.leclercdrive.fr/image.ashx?id=1951079&use=l&cat=p&typeid=i","cat":294526},{"id":52057,"n":"Fromage L'Ortolan Paysange  Fromagerie Milleret - 250g","p":2.58,"u":"10,32 €/KG","img":"https://fd1-photos.leclercdrive.fr/image.ashx?id=1745387&use=l&cat=p&typeid=i","cat":314033},{"id":52071,"n":"Tortillas Table du Monde De maïs - 320g","p":1.69,"u":"5,28 €/KG","img":"https://fd1-photos.leclercdrive.fr/image.ashx?id=2679759&use=l&cat=p&typeid=i","cat":288993},{"id":52077,"n":"IGP Côtes du Tarn Gamay  Rouge Vieux Carion 12% BIB 3L","p":7.99,"u":"2,66 €/L","img":"https://fd1-photos.leclercdrive.fr/image.ashx?id=2905922&use=l&cat=p&typeid=i","cat":289560},{"id":52078,"n":"Pointe Brie de Meaux NRT AOP 200g","p":3.09,"u":"15,45 €/KG","img":"https://fd1-photos.leclercdrive.fr/image.ashx?id=2564491&use=l&cat=p&typeid=i","cat":314033},{"id":52080,"n":"Emmental fromage rapé Les Croisés - 1kg","p":7.97,"u":"7,97 €/KG","img":"https://fd1-photos.leclercdrive.fr/image.ashx?id=2832990&use=l&cat=p&typeid=i","cat":314035},{"id":52081,"n":"Boisson à base de vin rosé  saveur fraise Festalie - 75 cl","p":2.3,"u":"3,07 €/L","img":"https://fd1-photos.leclercdrive.fr/image.ashx?id=2774903&use=l&cat=p&typeid=i","cat":304569},{"id":52082,"n":"Roulés Les Croisés Jambon fumé Fromage ail fines herbes - 100g","p":2.69,"u":"26,90 €/KG","img":"https://fd1-photos.leclercdrive.fr/image.ashx?id=2501682&use=l&cat=p&typeid=i","cat":314027},{"id":52083,"n":"Roulés Les Croisés Jambon fumé poivre - 100g","p":2.79,"u":"27,90 €/KG","img":"https://fd1-photos.leclercdrive.fr/image.ashx?id=2501685&use=l&cat=p&typeid=i","cat":314027},{"id":52093,"n":"Salade Menu Fraîcheur Lentilles aux oignons - 300g","p":1.52,"u":"5,07 €/KG","img":"https://fd1-photos.leclercdrive.fr/image.ashx?id=2645954&use=l&cat=p&typeid=i","cat":333657},{"id":52096,"n":"Confit de figues NRT De Provence - 150g","p":1.87,"u":"12,47 €/KG","img":"https://fd1-photos.leclercdrive.fr/image.ashx?id=2839995&use=l&cat=p&typeid=i","cat":284480},{"id":52104,"n":"Gaufres P'tit Deli Poudrées - 260g","p":1.69,"u":"6,50 €/KG","img":"https://fd1-photos.leclercdrive.fr/image.ashx?id=2968994&use=l&cat=p&typeid=i","cat":294777},{"id":52105,"n":"Mini brownies chocolat  Sans gluten - 240g","p":3.24,"u":"13,50 €/KG","img":"https://fd1-photos.leclercdrive.fr/image.ashx?id=2463404&use=l&cat=p&typeid=i","cat":318654},{"id":52108,"n":"Sirop violette NRT Des Alpes-Maritimes -70cl","p":3.2,"u":"4,57 €/L","img":"https://fd1-photos.leclercdrive.fr/image.ashx?id=2590490&use=l&cat=p&typeid=i","cat":295020},{"id":52111,"n":"Chiffonade chorizo Saint Azay 100g","p":2.19,"u":"21,90 €/KG","img":"https://fd1-photos.leclercdrive.fr/image.ashx?id=2845146&use=l&cat=p&typeid=i","cat":316007},{"id":52112,"n":"Jambon sec Saint Azay  4 tranches - 100g","p":2.06,"u":"20,60 €/KG","img":"https://fd1-photos.leclercdrive.fr/image.ashx?id=2869275&use=l&cat=p&typeid=i","cat":316007},{"id":52113,"n":"Jambon sec Saint Azay  8 tranches - 200g","p":4.09,"u":"20,45 €/KG","img":"https://fd1-photos.leclercdrive.fr/image.ashx?id=2872451&use=l&cat=p&typeid=i","cat":316007},{"id":52114,"n":"Fromage Emmental râpé NRT IGP de Savoie - 100g","p":1.99,"u":"19,90 €/KG","img":"https://fd1-photos.leclercdrive.fr/image.ashx?id=2771088&use=l&cat=p&typeid=i","cat":314035},{"id":52115,"n":"Ail Rustica  250g","p":3.29,"u":"13,16 €/KG","img":"https://fd1-photos.leclercdrive.fr/image.ashx?id=2341894&use=l&cat=p&typeid=i","cat":319804},{"id":52118,"n":"Persil Rustica 250g","p":3.29,"u":"13,16 €/KG","img":"https://fd1-photos.leclercdrive.fr/image.ashx?id=2835205&use=l&cat=p&typeid=i","cat":319804},{"id":52124,"n":"Pâtes Tagliatelles Turini  Fraiches - 600g","p":1.89,"u":"3,15 €/KG","img":"https://fd1-photos.leclercdrive.fr/image.ashx?id=2823081&use=l&cat=p&typeid=i","cat":333682},{"id":52128,"n":"Dés de saumon Ronde des Mers  Fumé nature - 90g","p":4.1,"u":"45,56 €/KG","img":"https://fd1-photos.leclercdrive.fr/image.ashx?id=2966246&use=l&cat=p&typeid=i","cat":285188},{"id":52135,"n":"Emmental -30% sel fromage râpé Les Croisés - 150g","p":1.99,"u":"13,27 €/KG","img":"https://fd1-photos.leclercdrive.fr/image.ashx?id=967643&use=l&cat=p&typeid=i","cat":314035},{"id":52136,"n":"Mozzarella Pic'Express 250g","p":2.99,"u":"11,96 €/KG","img":"https://fd1-photos.leclercdrive.fr/image.ashx?id=2678800&use=l&cat=p&typeid=i","cat":319774},{"id":52139,"n":"Confit d'oignons NRT 150g","p":1.87,"u":"12,47 €/KG","img":"https://fd1-photos.leclercdrive.fr/image.ashx?id=2839998&use=l&cat=p&typeid=i","cat":284458},{"id":52141,"n":"Bâtonnets Dentastix Pedigree Moyen chien x7 - 180g","p":2.32,"u":"12,89 €/KG","img":"https://fd1-photos.leclercdrive.fr/image.ashx?id=2981301&use=l&cat=p&typeid=i","cat":294527},{"id":52142,"n":"Bâtonnets Dentastix Pedigree Grand chien x7 - 270g","p":2.98,"u":"11,04 €/KG","img":"https://fd1-photos.leclercdrive.fr/image.ashx?id=2877046&use=l&cat=p&typeid=i","cat":294527},{"id":52143,"n":"Bâtonnets Dentastix Pedigree Petit chien x7 - 110g","p":1.77,"u":"16,09 €/KG","img":"https://fd1-photos.leclercdrive.fr/image.ashx?id=2832338&use=l&cat=p&typeid=i","cat":294527},{"id":52170,"n":"Amandes effilées Vahiné 125g","p":3.85,"u":"30,80 €/KG","img":"https://fd1-photos.leclercdrive.fr/image.ashx?id=2490575&use=l&cat=p&typeid=i","cat":284504},{"id":52174,"n":"Raisins blond Vahiné  125g","p":1.67,"u":"13,36 €/KG","img":"https://fd1-photos.leclercdrive.fr/image.ashx?id=2606253&use=l&cat=p&typeid=i","cat":284357},{"id":52175,"n":"Raisins secs Vahiné  125g","p":1.81,"u":"14,48 €/KG","img":"https://fd1-photos.leclercdrive.fr/image.ashx?id=2559820&use=l&cat=p&typeid=i","cat":284357},{"id":52176,"n":"Cerneaux de noix Vahiné 50g","p":1.69,"u":"33,80 €/KG","img":"https://fd1-photos.leclercdrive.fr/image.ashx?id=2606247&use=l&cat=p&typeid=i","cat":284504},{"id":52177,"n":"Pignons de pin Vahiné 50g","p":3.82,"u":"76,40 €/KG","img":"https://fd1-photos.leclercdrive.fr/image.ashx?id=2559799&use=l&cat=p&typeid=i","cat":284357},{"id":52246,"n":"Spray retouche L'Oréal Paris Magic Retouch Noir","p":9.08,"u":"121,07 €/L","img":"https://fd1-photos.leclercdrive.fr/image.ashx?id=2586420&use=l&cat=p&typeid=i","cat":288899},{"id":52249,"n":"Spray retouche L'Oréal Paris Magic Retouch Blond foncé","p":9.07,"u":"120,93 €/L","img":"https://fd1-photos.leclercdrive.fr/image.ashx?id=2586429&use=l&cat=p&typeid=i","cat":288899},{"id":52250,"n":"Spray Coloration L'Oréal Paris Magic Retouch Châtain","p":9.18,"u":"122,40 €/L","img":"https://fd1-photos.leclercdrive.fr/image.ashx?id=2586426&use=l&cat=p&typeid=i","cat":288899},{"id":52251,"n":"Spray retouche L'Oréal Paris Magic Retouch Châtain Foncé","p":8.34,"u":"111,20 €/L","img":"https://fd1-photos.leclercdrive.fr/image.ashx?id=2586423&use=l&cat=p&typeid=i","cat":288899},{"id":52335,"n":"Sauce tomate cuisinée Panzani Tube légumes - 180g","p":1.02,"u":"5,67 €/KG","img":"https://fd1-photos.leclercdrive.fr/image.ashx?id=2984751&use=l&cat=p&typeid=i","cat":288384},{"id":52362,"n":"Biscuit sablé Beurre Gerblé Sans Gluten - 160g","p":3.15,"u":"18,00 €/KG","img":"https://fd1-photos.leclercdrive.fr/image.ashx?id=2662823&use=l&cat=p&typeid=i","cat":318654},{"id":52367,"n":"Whisky Ballantine's Finest Blended Scotch 40% vol - 1,5L","p":32.22,"u":"21,48 €/L","img":"https://fd1-photos.leclercdrive.fr/image.ashx?id=3000833&use=l&cat=p&typeid=i","cat":284547},{"id":52368,"n":"AOC Côtes de Bourg rouge Bio Nos Racines - 75cl","p":5.87,"u":"7,83 €/L","img":"https://fd1-photos.leclercdrive.fr/image.ashx?id=2312088&use=l&cat=p&typeid=i","cat":289556},{"id":52369,"n":"AOP Blaye Côtes de Bordeaux rouge Bio Nos Racines - 75cl","p":6.39,"u":"8,52 €/L","img":"https://fd1-photos.leclercdrive.fr/image.ashx?id=2312091&use=l&cat=p&typeid=i","cat":289556},{"id":52384,"n":"Règle Double décimètre Esquisse 20 cm x1","p":0.5,"img":"https://fd1-photos.leclercdrive.fr/image.ashx?id=2943247&use=l&cat=p&typeid=i","cat":334133},{"id":52388,"n":"Crème anti-âge So Bio Etic Plaisir d'argan bio - 50ml","p":8.72,"u":"174,40 €/L","img":"https://fd1-photos.leclercdrive.fr/image.ashx?id=2988587&use=l&cat=p&typeid=i","cat":325345},{"id":52389,"n":"Gelée nuit anti âge So Bio Etic Argan bio - 40ml","p":8.99,"u":"224,75 €/L","img":"https://fd1-photos.leclercdrive.fr/image.ashx?id=2494734&use=l&cat=p&typeid=i","cat":325345},{"id":52391,"n":"Lotion micellaire So Bio Etic Tonifiante bio - 500ml","p":5.89,"u":"11,78 €/L","img":"https://fd1-photos.leclercdrive.fr/image.ashx?id=2909065&use=l&cat=p&typeid=i","cat":284603},{"id":52392,"n":"Contour yeux lèvres So Bio Etic Anti-âge Argan bio - 15ml","p":9.31,"u":"620,67 €/L","img":"https://fd1-photos.leclercdrive.fr/image.ashx?id=2494740&use=l&cat=p&typeid=i","cat":325345},{"id":52404,"n":"Yaourt nature bifidus Activia 12x125g","p":3.98,"u":"2,65 €/KG","img":"https://fd1-photos.leclercdrive.fr/image.ashx?id=2741703&use=l&cat=p&typeid=i","cat":315000},{"id":52539,"n":"Pur jus de citron Jardin Bio Bio - 50cl","p":2.95,"u":"5,90 €/L","img":"https://fd1-photos.leclercdrive.fr/image.ashx?id=3014524&use=l&cat=p&typeid=i","cat":288383},{"id":52540,"n":"Pur jus de citron Jardin Bio Bio - 25cl","p":1.88,"u":"7,52 €/L","img":"https://fd1-photos.leclercdrive.fr/image.ashx?id=2673745&use=l&cat=p&typeid=i","cat":288383},{"id":52582,"n":"Sauce Bolognaise Panzani - 210G","p":1.37,"u":"6,52 €/KG","img":"https://fd1-photos.leclercdrive.fr/image.ashx?id=2977927&use=l&cat=p&typeid=i","cat":287599},{"id":52618,"n":"Crème brulée Rians  3x100g","p":3.21,"u":"10,70 €/KG","img":"https://fd1-photos.leclercdrive.fr/image.ashx?id=2396246&use=l&cat=p&typeid=i","cat":284419},{"id":52625,"n":"Sauce Pommes de Terre Bénédicta - 255g","p":1.52,"u":"5,85 €/KG","img":"https://fd1-photos.leclercdrive.fr/image.ashx?id=2689925&use=l&cat=p&typeid=i","cat":318430},{"id":52628,"n":"Sauce cocktail Bénédicta  - 260g","p":1.51,"u":"5,81 €/KG","img":"https://fd1-photos.leclercdrive.fr/image.ashx?id=2689928&use=l&cat=p&typeid=i","cat":318430},{"id":52631,"n":"Sauce Béarnaise Bénédicta - 260g","p":1.36,"u":"5,23 €/KG","img":"https://fd1-photos.leclercdrive.fr/image.ashx?id=2689931&use=l&cat=p&typeid=i","cat":318430},{"id":52632,"n":"Sauce au Poivre Bénédicta - 260g","p":1.48,"u":"5,69 €/KG","img":"https://fd1-photos.leclercdrive.fr/image.ashx?id=2689937&use=l&cat=p&typeid=i","cat":318430},{"id":52633,"n":"Sauce Tartare Bénédicta - 260g","p":1.5,"u":"5,77 €/KG","img":"https://fd1-photos.leclercdrive.fr/image.ashx?id=2689940&use=l&cat=p&typeid=i","cat":318430},{"id":52634,"n":"Sauce Bourguignonne Bénédicta - 260g","p":1.4,"u":"5,19 €/KG","img":"https://fd1-photos.leclercdrive.fr/image.ashx?id=2689943&use=l&cat=p&typeid=i","cat":318430},{"id":52664,"n":"Serpillère super Mocio Vileda x1","p":8.68,"img":"https://fd1-photos.leclercdrive.fr/image.ashx?id=2575828&use=l&cat=p&typeid=i","cat":284669},{"id":52673,"n":"Fromage Burger cheddar/emmental Président - 12 tranches - 200g","p":1.58,"u":"7,90 €/KG","img":"https://fd1-photos.leclercdrive.fr/image.ashx?id=2445024&use=l&cat=p&typeid=i","cat":314028},{"id":52684,"n":"Cheddar fromage râpé  Les Croisés - 200g","p":2.39,"u":"11,95 €/KG","img":"https://fd1-photos.leclercdrive.fr/image.ashx?id=2044381&use=l&cat=p&typeid=i","cat":314035},{"id":52688,"n":"Burrata Di Andria IGP  Tradizioni d'italia - 200g","p":4.79,"u":"23,95 €/KG","img":"https://fd1-photos.leclercdrive.fr/image.ashx?id=2904025&use=l&cat=p&typeid=i","cat":314026},{"id":52699,"n":"Comté Entremont Râpé - 2x70g","p":2.58,"u":"18,43 €/KG","img":"https://fd1-photos.leclercdrive.fr/image.ashx?id=2983162&use=l&cat=p&typeid=i","cat":314035},{"id":52704,"n":"Emmental Président 400g","p":4.39,"u":"10,98 €/KG","img":"https://fd1-photos.leclercdrive.fr/image.ashx?id=2752945&use=l&cat=p&typeid=i","cat":314034},{"id":52757,"n":"Biscuits sablés Granola Chocolat au lait - 2x200g","p":2.74,"u":"6,85 €/KG","img":"https://fd1-photos.leclercdrive.fr/image.ashx?id=2347275&use=l&cat=p&typeid=i","cat":284488},{"id":52788,"n":"Velouté Pursoup' Liebig Légumes facon pôelée - 2x1L","p":5.56,"u":"2,78 €/L","img":"https://fd1-photos.leclercdrive.fr/image.ashx?id=2385428&use=l&cat=p&typeid=i","cat":284462},{"id":52797,"n":"AOP Parmigiano Reggiano Tradizioni d'Italia - 60g","p":1.9,"u":"31,67 €/KG","img":"https://fd1-photos.leclercdrive.fr/image.ashx?id=2904028&use=l&cat=p&typeid=i","cat":314035},{"id":52804,"n":"Fromage à Raclette RichesMonts  Classique 18 Tranches - 420g","p":5.23,"u":"12,45 €/KG","img":"https://fd1-photos.leclercdrive.fr/image.ashx?id=2953489&use=l&cat=p&typeid=i","cat":314037},{"id":52806,"n":"Fromage à Tartiner St Môret  Nature Léger - 300g","p":3.79,"u":"12,63 €/KG","img":"https://fd1-photos.leclercdrive.fr/image.ashx?id=2914507&use=l&cat=p&typeid=i","cat":314029},{"id":52809,"n":"Fromage raclette Les Croisés 28%mg - 800g","p":7.39,"u":"9,24 €/KG","img":"https://fd1-photos.leclercdrive.fr/image.ashx?id=2969761&use=l&cat=p&typeid=i","cat":314037},{"id":52812,"n":"Yaourt nature bifidus Activia 16x125g","p":4.78,"u":"2,39 €/KG","img":"https://fd1-photos.leclercdrive.fr/image.ashx?id=2831675&use=l&cat=p&typeid=i","cat":315000},{"id":52818,"n":"Fromage à tartiner Boursin Figue et 3 noix - 150g","p":2.24,"u":"14,93 €/KG","img":"https://fd1-photos.leclercdrive.fr/image.ashx?id=2962062&use=l&cat=p&typeid=i","cat":314029},{"id":52819,"n":"Fromage Gruyère râpé IGP NRT 150g","p":2.23,"u":"14,87 €/KG","img":"https://fd1-photos.leclercdrive.fr/image.ashx?id=2771085&use=l&cat=p&typeid=i","cat":314035},{"id":52951,"n":"Café dosettes Tassimo Thé vert menthe x16","p":4.75,"u":"118,75 €/KG","img":"https://fd1-photos.leclercdrive.fr/image.ashx?id=2100368&use=l&cat=p&typeid=i","cat":293233},{"id":52958,"n":"Café dosettes Tassimo L'Or Espresso Classique x16","p":4.43,"u":"42,60 €/KG","img":"https://fd1-photos.leclercdrive.fr/image.ashx?id=2507335&use=l&cat=p&typeid=i","cat":293240},{"id":52961,"n":"Gnocchi Bio Village Bio - 300g","p":2.18,"u":"7,27 €/KG","img":"https://fd1-photos.leclercdrive.fr/image.ashx?id=2607960&use=l&cat=p&typeid=i","cat":333682},{"id":52962,"n":"Biscuits fourrés Prince Chocolat - 300g","p":1.39,"u":"4,63 €/KG","img":"https://fd1-photos.leclercdrive.fr/image.ashx?id=3014638&use=l&cat=p&typeid=i","cat":284488},{"id":52979,"n":"Truite fumée de Bretagne NRT x4 - 120g","p":5.39,"u":"44,92 €/KG","img":"https://fd1-photos.leclercdrive.fr/image.ashx?id=2663851&use=l&cat=p&typeid=i","cat":285188},{"id":53003,"n":"Vin d'Espagne rouge Merlot Adrien Champaud - BIB 5L","p":9.99,"u":"2,00 €/L","img":"https://fd1-photos.leclercdrive.fr/image.ashx?id=2960496&use=l&cat=p&typeid=i","cat":289560},{"id":53064,"n":"Eponges grattantes Mamison  Vaisselle délicate - x2","p":1.26,"u":"0,63 €/P","img":"https://fd1-photos.leclercdrive.fr/image.ashx?id=2202440&use=l&cat=p&typeid=i","cat":284667},{"id":53065,"n":"Eponges grattantes Mamison  Récurage difficile - x2","p":1.27,"u":"0,64 €/P","img":"https://fd1-photos.leclercdrive.fr/image.ashx?id=2207733&use=l&cat=p&typeid=i","cat":284667},{"id":53067,"n":"Recharge désodorisant Bien Air  Floral - 15ml","p":1.55,"u":"103,33 €/L","img":"https://fd1-photos.leclercdrive.fr/image.ashx?id=2467655&use=l&cat=p&typeid=i","cat":311629},{"id":53116,"n":"Rhum blanc agricole Damoiseau 50%vol - 1L","p":18.98,"u":"18,98 €/L","img":"https://fd1-photos.leclercdrive.fr/image.ashx?id=2021214&use=l&cat=p&typeid=i","cat":284550},{"id":53135,"n":"Crozets de Savoie NRT Nature - 400g","p":2.35,"u":"5,88 €/KG","img":"https://fd1-photos.leclercdrive.fr/image.ashx?id=2856226&use=l&cat=p&typeid=i","cat":284427},{"id":53150,"n":"Barquette chat Sheba  Volaille en sauce - 12x85g","p":6.95,"u":"6,81 €/KG","img":"https://fd1-photos.leclercdrive.fr/image.ashx?id=2759640&use=l&cat=p&typeid=i","cat":285286},{"id":53162,"n":"Roucoulons Fromagerie Milleret Offre Plaisir - 220g","p":2.72,"u":"12,36 €/KG","img":"https://fd1-photos.leclercdrive.fr/image.ashx?id=1884397&use=l&cat=p&typeid=i","cat":329558},{"id":53168,"n":"Snacks chats Tous mes amis Hygiène dentaire mini - 40g","p":0.99,"u":"24,75 €/KG","img":"https://fd1-photos.leclercdrive.fr/image.ashx?id=1946868&use=l&cat=p&typeid=i","cat":285285},{"id":53174,"n":"Chocolat noir Equador Caramel salé - 100g","p":1.58,"u":"15,80 €/KG","img":"https://fd1-photos.leclercdrive.fr/image.ashx?id=2553339&use=l&cat=p&typeid=i","cat":284956},{"id":53180,"n":"Panés au cabillaud Cap Océan 200g","p":2.94,"u":"14,70 €/KG","img":"https://fd1-photos.leclercdrive.fr/image.ashx?id=2543189&use=l&cat=p&typeid=i","cat":284344},{"id":53289,"n":"Gel Douche Cottage Monoi - 560ml","p":2.89,"u":"5,16 €/L","img":"https://fd1-photos.leclercdrive.fr/image.ashx?id=2063416&use=l&cat=p&typeid=i","cat":284594},{"id":53396,"n":"Yaourt nature bifidus Activia 4x125g","p":1.41,"u":"2,82 €/KG","img":"https://fd1-photos.leclercdrive.fr/image.ashx?id=2885944&use=l&cat=p&typeid=i","cat":315000},{"id":53412,"n":"Activateur biologique Eparcyl  Fosse septique - 864g x24","p":7.1,"u":"8,22 €/KG","img":"https://fd1-photos.leclercdrive.fr/image.ashx?id=2890085&use=l&cat=p&typeid=i","cat":284908},{"id":53474,"n":"Bloc de foie gras pour apéritif Pierre De Chaumeyrac - 100g","p":6.39,"u":"63,90 €/KG","img":"https://fd1-photos.leclercdrive.fr/image.ashx?id=2071104&use=l&cat=p&typeid=i","cat":316008},{"id":53479,"n":"AOP Côtes du Rhône rouge Vieille Vignes - 75cl","p":3.69,"u":"4,92 €/L","img":"https://fd1-photos.leclercdrive.fr/image.ashx?id=2722396&use=l&cat=p&typeid=i","cat":289556},{"id":53508,"n":"Fine chapelure de pain Tipiak 275g","p":0.62,"u":"2,25 €/KG","img":"https://fd1-photos.leclercdrive.fr/image.ashx?id=2594124&use=l&cat=p&typeid=i","cat":288382},{"id":53590,"n":"Tablette chocolat Côte d'Or Lait noisettes entières-2x180g","p":6.31,"u":"17,53 €/KG","img":"https://fd1-photos.leclercdrive.fr/image.ashx?id=2944422&use=l&cat=p&typeid=i","cat":284497},{"id":53591,"n":"Tablette chocolat Côte d'or Noir noisettes entières 2x180g","p":6.59,"u":"18,31 €/KG","img":"https://fd1-photos.leclercdrive.fr/image.ashx?id=3009131&use=l&cat=p&typeid=i","cat":284956},{"id":53594,"n":"Pâte à tartiner L. Georgelin Noisette Cacao bio - 280g","p":3.69,"u":"13,18 €/KG","img":"https://fd1-photos.leclercdrive.fr/image.ashx?id=1609595&use=l&cat=p&typeid=i","cat":284481},{"id":53600,"n":"Recharge spray Bien Air Automatique japon - 250ml","p":2.39,"u":"9,56 €/L","img":"https://fd1-photos.leclercdrive.fr/image.ashx?id=2974963&use=l&cat=p&typeid=i","cat":311629},{"id":53606,"n":"Salade Mexicaine Côté Snack Au thon - 250g","p":1.89,"u":"7,56 €/KG","img":"https://fd1-photos.leclercdrive.fr/image.ashx?id=2884255&use=l&cat=p&typeid=i","cat":284437},{"id":53651,"n":"Paupiettes de porc Ferial x3 - 390g","p":5.1,"u":"13,08 €/KG","img":"https://fd1-photos.leclercdrive.fr/image.ashx?id=2643414&use=l&cat=p&typeid=i","cat":284331},{"id":53679,"n":"Dissolvant Diadermine Douceur - 125ml","p":2.09,"u":"16,72 €/L","img":"https://fd1-photos.leclercdrive.fr/image.ashx?id=2334926&use=l&cat=p&typeid=i","cat":325347},{"id":53716,"n":"AOP Monbazillac vin blanc Or Extrême Barouillet - 75cl","p":7.95,"u":"10,60 €/L","img":"https://fd1-photos.leclercdrive.fr/image.ashx?id=2938752&use=l&cat=p&typeid=i","cat":289557},{"id":53776,"n":"Brioche tressée Pasquier Nature - 630g","p":2.8,"u":"4,44 €/KG","img":"https://fd1-photos.leclercdrive.fr/image.ashx?id=2850946&use=l&cat=p&typeid=i","cat":284478},{"id":53777,"n":"Brioche tressée Pasquier  Pépites - 630g","p":2.89,"u":"4,59 €/KG","img":"https://fd1-photos.leclercdrive.fr/image.ashx?id=2848809&use=l&cat=p&typeid=i","cat":284478},{"id":53783,"n":"Lait de coco Suzi Wan 200ml","p":1.3,"u":"6,50 €/L","img":"https://fd1-photos.leclercdrive.fr/image.ashx?id=3002177&use=l&cat=p&typeid=i","cat":288992},{"id":53789,"n":"Pelle à litiere Ptit Ami Gris x1","p":0.84,"img":"https://fd1-photos.leclercdrive.fr/image.ashx?id=1189550&use=l&cat=p&typeid=i","cat":284682},{"id":53816,"n":"Chocolats Ferrero Collection Assortiments x32- 359g","p":12.48,"u":"34,76 €/KG","img":"https://fd1-photos.leclercdrive.fr/image.ashx?id=2940507&use=l&cat=p&typeid=i","cat":327595},{"id":53839,"n":"Râpé 3 saveurs Président 200g","p":2.94,"u":"14,70 €/KG","img":"https://fd1-photos.leclercdrive.fr/image.ashx?id=2786006&use=l&cat=p&typeid=i","cat":314035},{"id":53899,"n":"Eau minérale gazeuse Perrier  Naturelle - 6x1L","p":3.89,"u":"0,65 €/L","img":"https://fd1-photos.leclercdrive.fr/image.ashx?id=2454463&use=l&cat=p&typeid=i","cat":284536},{"id":53936,"n":"Dés de fromage salade Boursin Echalote ciboulette - 120g","p":2.45,"u":"20,42 €/KG","img":"https://fd1-photos.leclercdrive.fr/image.ashx?id=2865671&use=l&cat=p&typeid=i","cat":314027},{"id":53941,"n":"Fromage apéritif Boursin Echalote ciboulette 20 roulés","p":3.34,"u":"33,40 €/KG","img":"https://fd1-photos.leclercdrive.fr/image.ashx?id=2918595&use=l&cat=p&typeid=i","cat":314027},{"id":53944,"n":"Fromage à tartiner Boursin Ail et fines herbes - 250g","p":3.31,"u":"13,24 €/KG","img":"https://fd1-photos.leclercdrive.fr/image.ashx?id=2999853&use=l&cat=p&typeid=i","cat":314029},{"id":53946,"n":"Fromage à tartiner Boursin Echalote et ciboulette - 150g","p":2.48,"u":"16,53 €/KG","img":"https://fd1-photos.leclercdrive.fr/image.ashx?id=2962059&use=l&cat=p&typeid=i","cat":314029},{"id":54052,"n":"Herbe dépurative Ptit Ami 190g","p":1.98,"u":"10,42 €/KG","img":"https://fd1-photos.leclercdrive.fr/image.ashx?id=1009867&use=l&cat=p&typeid=i","cat":285286},{"id":54172,"n":"Sauce aux 3 poivres  120g","p":1.69,"u":"14,08 €/KG","img":"https://fd1-photos.leclercdrive.fr/image.ashx?id=2636242&use=l&cat=p&typeid=i","cat":284382},{"id":54176,"n":"Pâte feuilletée sans gluten Chaque Jour Sans Gluten - 280g","p":1.99,"u":"7,11 €/KG","img":"https://fd1-photos.leclercdrive.fr/image.ashx?id=3002806&use=l&cat=p&typeid=i","cat":333681},{"id":54178,"n":"Crémant Alsace Wolfberger Bio 11.5%vol - 75cl","p":9.26,"u":"12,35 €/L","img":"https://fd1-photos.leclercdrive.fr/image.ashx?id=2764194&use=l&cat=p&typeid=i","cat":284545},{"id":54184,"n":"Pétillant AOC Jaillance Clairette Bio, 7%vol - 75cl","p":6.9,"u":"9,20 €/L","img":"https://fd1-photos.leclercdrive.fr/image.ashx?id=2867455&use=l&cat=p&typeid=i","cat":284544},{"id":54244,"n":"Liqueur de menthe Get 31 Edition Limitée 24° - 70cl","p":13.89,"u":"19,84 €/L","img":"https://fd1-photos.leclercdrive.fr/image.ashx?id=2989051&use=l&cat=p&typeid=i","cat":286032},{"id":54248,"n":"Mister Cocktail sans alcool Cerise - 75cl","p":3.2,"u":"4,27 €/L","img":"https://fd1-photos.leclercdrive.fr/image.ashx?id=2962221&use=l&cat=p&typeid=i","cat":284549},{"id":54296,"n":"Recharge mini spray Bien Air Marine - 15ml","p":1.5,"u":"100,00 €/L","img":"https://fd1-photos.leclercdrive.fr/image.ashx?id=2467646&use=l&cat=p&typeid=i","cat":311629},{"id":54297,"n":"Désodorisant Bien Air Mèches actives, lavande - 375ml","p":1.65,"u":"4,40 €/L","img":"https://fd1-photos.leclercdrive.fr/image.ashx?id=2934721&use=l&cat=p&typeid=i","cat":311628},{"id":54298,"n":"Désodorisant Bien Air Mèche active muguet - 375ml","p":1.65,"u":"4,40 €/L","img":"https://fd1-photos.leclercdrive.fr/image.ashx?id=2777803&use=l&cat=p&typeid=i","cat":311628},{"id":54299,"n":"Désodorisant Bien Air Mèche active Fruit rouge 375ml","p":1.65,"u":"4,40 €/L","img":"https://fd1-photos.leclercdrive.fr/image.ashx?id=2777806&use=l&cat=p&typeid=i","cat":311628},{"id":54300,"n":"Désodorisant Bien Air Mèche active agrume 375ml","p":1.65,"u":"4,40 €/L","img":"https://fd1-photos.leclercdrive.fr/image.ashx?id=2777809&use=l&cat=p&typeid=i","cat":311628},{"id":54311,"n":"Bière blonde Bio Jade 4.5%vol - 6x25cl","p":5.59,"u":"3,73 €/L","img":"https://fd1-photos.leclercdrive.fr/image.ashx?id=2511282&use=l&cat=p&typeid=i","cat":334873},{"id":54312,"n":"Bière Sans gluten Jade Bio - 4.5%vol - 6x25cl","p":5.78,"u":"3,85 €/L","img":"https://fd1-photos.leclercdrive.fr/image.ashx?id=2672161&use=l&cat=p&typeid=i","cat":334873},{"id":54314,"n":"Pur Jus de tomates NRT Du Lot-et-Garonne - 1L","p":2.09,"u":"2,09 €/L","img":"https://fd1-photos.leclercdrive.fr/image.ashx?id=2590505&use=l&cat=p&typeid=i","cat":284523},{"id":54346,"n":"Barre Chocolatée KINDER Country  Céréales chocolat x10 - 235g","p":3.75,"u":"15,96 €/KG","img":"https://fd1-photos.leclercdrive.fr/image.ashx?id=2231942&use=l&cat=p&typeid=i","cat":284498},{"id":54354,"n":"Crevettes décortiquées ASC Delpierre - 180g","p":6.8,"u":"37,78 €/KG","img":"https://fd1-photos.leclercdrive.fr/image.ashx?id=2867999&use=l&cat=p&typeid=i","cat":284343},{"id":54385,"n":"Coupelles Ananas DDV Sirop léger - 4x70g","p":2.74,"u":"9,79 €/KG","img":"https://fd1-photos.leclercdrive.fr/image.ashx?id=2100793&use=l&cat=p&typeid=i","cat":284507},{"id":54386,"n":"Gâteau multicouche P'tit Déli Genoise fourré chocolat - 175g","p":1.27,"u":"7,26 €/KG","img":"https://fd1-photos.leclercdrive.fr/image.ashx?id=1756935&use=l&cat=p&typeid=i","cat":284495},{"id":54393,"n":"Spécialité de saucisse St Azay Sèche - 200g","p":3.05,"u":"15,25 €/KG","img":"https://fd1-photos.leclercdrive.fr/image.ashx?id=2982622&use=l&cat=p&typeid=i","cat":316006},{"id":54396,"n":"Salade Catalane Côté Snack Thon à la catalane - 250g","p":2.17,"u":"8,68 €/KG","img":"https://fd1-photos.leclercdrive.fr/image.ashx?id=2910589&use=l&cat=p&typeid=i","cat":284437},{"id":54404,"n":"Sauce Tomacouli Panzani - 3X200G","p":1.6,"u":"2,67 €/KG","img":"https://fd1-photos.leclercdrive.fr/image.ashx?id=2744623&use=l&cat=p&typeid=i","cat":288384},{"id":54405,"n":"Sauce Tomacouli Panzani - 700G","p":1.57,"u":"2,24 €/KG","img":"https://fd1-photos.leclercdrive.fr/image.ashx?id=2744632&use=l&cat=p&typeid=i","cat":288384},{"id":54415,"n":"Bâtonnet à mâcher Dentalife  Petit chien - x21 - 345g","p":3.94,"u":"11,42 €/KG","img":"https://fd1-photos.leclercdrive.fr/image.ashx?id=2897339&use=l&cat=p&typeid=i","cat":294527},{"id":54416,"n":"Bâtonnet à macher Dentalife Chien moyen - 345g","p":3.88,"u":"11,25 €/KG","img":"https://fd1-photos.leclercdrive.fr/image.ashx?id=2896426&use=l&cat=p&typeid=i","cat":294527},{"id":54417,"n":"Barre chocolat lait P'tit Déli x5 - 130g","p":1.5,"u":"11,54 €/KG","img":"https://fd1-photos.leclercdrive.fr/image.ashx?id=2568936&use=l&cat=p&typeid=i","cat":284488},{"id":54418,"n":"Bâtonnet à mâche Dentalife Grand chien x12 - 426g","p":3.77,"u":"8,85 €/KG","img":"https://fd1-photos.leclercdrive.fr/image.ashx?id=2897342&use=l&cat=p&typeid=i","cat":294527},{"id":54420,"n":"Gel à raser Carré Homme Pour barbe difficile - 200ml","p":1.89,"u":"9,45 €/L","img":"https://fd1-photos.leclercdrive.fr/image.ashx?id=2704723&use=l&cat=p&typeid=i","cat":284617},{"id":54422,"n":"Spray automatique Bien Air + recharge - 250ml","p":5.98,"u":"23,92 €/L","img":"https://fd1-photos.leclercdrive.fr/image.ashx?id=2330493&use=l&cat=p&typeid=i","cat":311629},{"id":54425,"n":"Batônnets Surimi Pêche Océan MSC - x48 - 800g","p":4.34,"u":"5,43 €/KG","img":"https://fd1-photos.leclercdrive.fr/image.ashx?id=2953245&use=l&cat=p&typeid=i","cat":285189},{"id":54430,"n":"Salade Italienne Côté Snack Au thon - 250g","p":2.18,"u":"8,72 €/KG","img":"https://fd1-photos.leclercdrive.fr/image.ashx?id=2927910&use=l&cat=p&typeid=i","cat":284437},{"id":54471,"n":"Madeleines longues Le Ster Marbrées choco - 250g","p":1.84,"u":"7,36 €/KG","img":"https://fd1-photos.leclercdrive.fr/image.ashx?id=2962548&use=l&cat=p&typeid=i","cat":284492},{"id":54473,"n":"Madeleines longues Le Ster Nature  - 250g","p":1.68,"u":"6,72 €/KG","img":"https://fd1-photos.leclercdrive.fr/image.ashx?id=2962545&use=l&cat=p&typeid=i","cat":284492},{"id":54492,"n":"Tortillas chips Bio village Bio Nature - 150g","p":1.75,"u":"11,67 €/KG","img":"https://fd1-photos.leclercdrive.fr/image.ashx?id=2538385&use=l&cat=p&typeid=i","cat":287899},{"id":54494,"n":"Biscuits Petit Ecolier LU Chocolat au lait - 2x150g","p":3.45,"u":"11,50 €/KG","img":"https://fd1-photos.leclercdrive.fr/image.ashx?id=3009122&use=l&cat=p&typeid=i","cat":284488},{"id":54496,"n":"Gâteaux fourrés Milka Chocolat - 175g","p":1.72,"u":"9,83 €/KG","img":"https://fd1-photos.leclercdrive.fr/image.ashx?id=3005338&use=l&cat=p&typeid=i","cat":284495},{"id":54512,"n":"Galettes épinards fromage Végé - 2x100g","p":1.99,"u":"9,95 €/KG","img":"https://fd1-photos.leclercdrive.fr/image.ashx?id=2865260&use=l&cat=p&typeid=i","cat":316036},{"id":54513,"n":"Falafels Végé - 200g","p":1.99,"u":"9,95 €/KG","img":"https://fd1-photos.leclercdrive.fr/image.ashx?id=2865266&use=l&cat=p&typeid=i","cat":316036},{"id":54520,"n":"Pâte a pizza Tablier Blanc Rectangle - 385g","p":1.3,"u":"3,38 €/KG","img":"https://fd1-photos.leclercdrive.fr/image.ashx?id=2635925&use=l&cat=p&typeid=i","cat":333681},{"id":54522,"n":"Pâte feuilletée Tablier Blanc A dérouler - x2 - 460g","p":1.48,"u":"3,22 €/KG","img":"https://fd1-photos.leclercdrive.fr/image.ashx?id=2635928&use=l&cat=p&typeid=i","cat":333681},{"id":54523,"n":"Nuggets végétales Végé - 200g","p":1.52,"u":"7,60 €/KG","img":"https://fd1-photos.leclercdrive.fr/image.ashx?id=2865263&use=l&cat=p&typeid=i","cat":316036},{"id":54604,"n":"Compote Charles & Alice Panachés P.Myrtilles - 12x100g","p":4.39,"u":"3,66 €/KG","img":"https://fd1-photos.leclercdrive.fr/image.ashx?id=2790654&use=l&cat=p&typeid=i","cat":284416},{"id":54612,"n":"Corn Flakes bio Bio Village Nature - 375g","p":2.41,"u":"6,43 €/KG","img":"https://fd1-photos.leclercdrive.fr/image.ashx?id=2835226&use=l&cat=p&typeid=i","cat":309513},{"id":54724,"n":"Tartelettes aux fraises   2x1 p","p":4.75,"u":"2,38 €/P","img":"https://fd1-photos.leclercdrive.fr/image.ashx?id=557991&use=l&cat=p&typeid=i","cat":284360},{"id":54744,"n":"Soupe Délice Liebig Potiron/châtaigne - 2x1L","p":5.56,"u":"2,78 €/L","img":"https://fd1-photos.leclercdrive.fr/image.ashx?id=2926257&use=l&cat=p&typeid=i","cat":284462},{"id":54857,"n":"Polenta Turini  500g","p":1.19,"u":"2,38 €/KG","img":"https://fd1-photos.leclercdrive.fr/image.ashx?id=2682792&use=l&cat=p&typeid=i","cat":284431},{"id":54860,"n":"Mix apéritif Bio Village  Bio -  120g","p":2.74,"u":"22,83 €/KG","img":"https://fd1-photos.leclercdrive.fr/image.ashx?id=1944243&use=l&cat=p&typeid=i","cat":284448},{"id":54889,"n":"Graines courge Bio Moulin des moines - 250g","p":4.52,"u":"18,08 €/KG","img":"https://fd1-photos.leclercdrive.fr/image.ashx?id=2295034&use=l&cat=p&typeid=i","cat":284448},{"id":54926,"n":"Mousse liégeoise Viennois  Café - 4x90g","p":1.86,"u":"5,17 €/KG","img":"https://fd1-photos.leclercdrive.fr/image.ashx?id=2729788&use=l&cat=p&typeid=i","cat":284417},{"id":54944,"n":"Cône Nestlé Extrême  Café intense - 6x71g","p":3.22,"u":"7,56 €/KG","img":"https://fd1-photos.leclercdrive.fr/image.ashx?id=3000435&use=l&cat=p&typeid=i","cat":284264},{"id":54956,"n":"Macarons Autour Du Dessert Assortiment - x12","p":4.82,"img":"https://fd1-photos.leclercdrive.fr/image.ashx?id=2987485&use=l&cat=p&typeid=i","cat":284267},{"id":54957,"n":"Cône Extrême Nestle Vanille Fraise - 6x71g","p":3.57,"u":"8,38 €/KG","img":"https://fd1-photos.leclercdrive.fr/image.ashx?id=2353113&use=l&cat=p&typeid=i","cat":284264},{"id":54958,"n":"Cône Extrême Nestle Menthe chocolat - 6x71g","p":3.65,"u":"8,57 €/KG","img":"https://fd1-photos.leclercdrive.fr/image.ashx?id=2737048&use=l&cat=p&typeid=i","cat":284264},{"id":54959,"n":"Cône Extrême Intense Nestle Pistache Chocolat - 6x71g","p":3.22,"u":"7,56 €/KG","img":"https://fd1-photos.leclercdrive.fr/image.ashx?id=2353116&use=l&cat=p&typeid=i","cat":284264},{"id":55033,"n":"Fromage à Tartiner Tartare Ail et Fines Herbes 16P - 250g","p":3.67,"u":"14,68 €/KG","img":"https://fd1-photos.leclercdrive.fr/image.ashx?id=2732887&use=l&cat=p&typeid=i","cat":314029},{"id":55051,"n":"Fondue Classic Emmi 400g","p":4.9,"u":"12,25 €/KG","img":"https://fd1-photos.leclercdrive.fr/image.ashx?id=2024906&use=l&cat=p&typeid=i","cat":314037},{"id":55065,"n":"AOP Champagne Tsarine Brut Cuvée Premium - 75cl","p":26.91,"u":"35,88 €/L","img":"https://fd1-photos.leclercdrive.fr/image.ashx?id=2757749&use=l&cat=p&typeid=i","cat":284542},{"id":55069,"n":"Bière La Rousse aux 3 malts 6.5%vol - 75cl","p":4.89,"u":"6,52 €/L","img":"https://fd1-photos.leclercdrive.fr/image.ashx?id=2432964&use=l&cat=p&typeid=i","cat":334872},{"id":55073,"n":"Bière La Blanche légère 4.7%vol - 75cl","p":4.94,"u":"6,59 €/L","img":"https://fd1-photos.leclercdrive.fr/image.ashx?id=2432961&use=l&cat=p&typeid=i","cat":334872},{"id":55085,"n":"Fine chapelure de pain Tipiak  500g","p":1.18,"u":"2,36 €/KG","img":"https://fd1-photos.leclercdrive.fr/image.ashx?id=2648277&use=l&cat=p&typeid=i","cat":288382},{"id":55090,"n":"AOP Bordeaux rouge Mouton Cadet - 75cl","p":6.95,"u":"9,27 €/L","img":"https://fd1-photos.leclercdrive.fr/image.ashx?id=2959940&use=l&cat=p&typeid=i","cat":289556},{"id":55097,"n":"Fil interdentaire Efiseptyl Antibactérien 40m","p":2.64,"img":"https://fd1-photos.leclercdrive.fr/image.ashx?id=2923477&use=l&cat=p&typeid=i","cat":285159},{"id":55101,"n":"AOP Médoc rouge Merrain - 75cl","p":7.75,"u":"10,33 €/L","img":"https://fd1-photos.leclercdrive.fr/image.ashx?id=2989282&use=l&cat=p&typeid=i","cat":289556},{"id":55102,"n":"Dentifrice expert Bionaïa Menthe Bio - 75ml","p":1.79,"u":"23,87 €/L","img":"https://fd1-photos.leclercdrive.fr/image.ashx?id=2529540&use=l&cat=p&typeid=i","cat":284612},{"id":55109,"n":"Recharge brosse à dents Dentamyl Sensitive x2","p":6.99,"u":"3,50 €/P","img":"https://fd1-photos.leclercdrive.fr/image.ashx?id=2790991&use=l&cat=p&typeid=i","cat":297133},{"id":55115,"n":"Lingettes Mots d'Enfants Pockets - x20","p":1.19,"u":"0,06 €/P","img":"https://fd1-photos.leclercdrive.fr/image.ashx?id=2856549&use=l&cat=p&typeid=i","cat":284738},{"id":55116,"n":"Plat à tarte Elembal  x3","p":2.0,"u":"0,67 €/P","img":"https://fd1-photos.leclercdrive.fr/image.ashx?id=2511123&use=l&cat=p&typeid=i","cat":334134},{"id":55145,"n":"Allumettes Fleury Michon Jambon cuit - 2x75g","p":1.26,"u":"8,40 €/KG","img":"https://fd1-photos.leclercdrive.fr/image.ashx?id=2651047&use=l&cat=p&typeid=i","cat":316011},{"id":55179,"n":"Fleischschnacka 780g","p":11.39,"u":"14,24 €/KG","img":"https://fd1-photos.leclercdrive.fr/image.ashx?id=2214993&use=l&cat=p&typeid=i","cat":316011},{"id":55197,"n":"Plat bébé soir Blédiner 12 mois Macaroni ratatouille - 2x200g","p":2.44,"u":"6,10 €/KG","img":"https://fd1-photos.leclercdrive.fr/image.ashx?id=2845826&use=l&cat=p&typeid=i","cat":312239},{"id":55199,"n":"AOP Mâcon vin rouge L'Aurore - 75cl","p":7.25,"u":"9,67 €/L","img":"https://fd1-photos.leclercdrive.fr/image.ashx?id=1758385&use=l&cat=p&typeid=i","cat":289556},{"id":55206,"n":"Plat bébé Blédina 12 mois Pâtes tomate jambon - 2x200g","p":2.61,"u":"6,53 €/KG","img":"https://fd1-photos.leclercdrive.fr/image.ashx?id=2975071&use=l&cat=p&typeid=i","cat":312237},{"id":55225,"n":"Fromage blanc Bibeleskaes Fraise - 4x125g","p":2.75,"u":"5,50 €/KG","img":"https://fd1-photos.leclercdrive.fr/image.ashx?id=2578538&use=l&cat=p&typeid=i","cat":284409},{"id":55232,"n":"Fromage blanc Bibeleskaes Pomme cannelle - 4x125g","p":2.65,"u":"5,30 €/KG","img":"https://fd1-photos.leclercdrive.fr/image.ashx?id=2578972&use=l&cat=p&typeid=i","cat":284409},{"id":55237,"n":"Fromage blanc Alsace lait Vanille - 4x125g","p":3.04,"u":"6,08 €/KG","img":"https://fd1-photos.leclercdrive.fr/image.ashx?id=2578532&use=l&cat=p&typeid=i","cat":284409},{"id":55238,"n":"Crème à café godets  - 10x10g","p":1.18,"u":"11,80 €/KG","img":"https://fd1-photos.leclercdrive.fr/image.ashx?id=2105743&use=l&cat=p&typeid=i","cat":284381},{"id":55261,"n":"Pâté de campagne Breton L'Atelier Charcuterie - 170g","p":2.39,"u":"14,06 €/KG","img":"https://fd1-photos.leclercdrive.fr/image.ashx?id=2970426&use=l&cat=p&typeid=i","cat":316008},{"id":55262,"n":"Pâté Campagne Supérieur L'Atelier Charcuterie - 170g","p":2.08,"u":"12,24 €/KG","img":"https://fd1-photos.leclercdrive.fr/image.ashx?id=2905862&use=l&cat=p&typeid=i","cat":316008},{"id":55265,"n":"Mousse de canard Supérieure L'Atelier Charcuterie - 170g","p":2.71,"u":"15,94 €/KG","img":"https://fd1-photos.leclercdrive.fr/image.ashx?id=2769405&use=l&cat=p&typeid=i","cat":316008},{"id":55275,"n":"Bougie Bien Air Soirée d'hiver 30heures - x1","p":2.34,"img":"https://fd1-photos.leclercdrive.fr/image.ashx?id=2399755&use=l&cat=p&typeid=i","cat":284666},{"id":55276,"n":"Brosse adhésive  Mamison Textile 36 feuilles","p":2.29,"img":"https://fd1-photos.leclercdrive.fr/image.ashx?id=1063565&use=l&cat=p&typeid=i","cat":284669},{"id":55277,"n":"Corn flakes sans sucre ajouté  bio Terres et Céréales - 450g","p":3.71,"u":"8,24 €/KG","img":"https://fd1-photos.leclercdrive.fr/image.ashx?id=2471910&use=l&cat=p&typeid=i","cat":318653},{"id":55278,"n":"Café grains Bio Ethiquable  100% arabica Colombie - 500g","p":9.88,"u":"19,76 €/KG","img":"https://fd1-photos.leclercdrive.fr/image.ashx?id=2876848&use=l&cat=p&typeid=i","cat":293237},{"id":55279,"n":"Café grains Bio Ethiquable  100% arabica Honduras - 1kg","p":18.9,"u":"18,90 €/KG","img":"https://fd1-photos.leclercdrive.fr/image.ashx?id=2876857&use=l&cat=p&typeid=i","cat":293237},{"id":55281,"n":"Bougies d'anniversaire Ardence Bleues - x24","p":0.95,"u":"0,04 €/P","img":"https://fd1-photos.leclercdrive.fr/image.ashx?id=2980480&use=l&cat=p&typeid=i","cat":335913},{"id":55282,"n":"Bougies d'anniversaire Ardence Roses - x24","p":0.95,"u":"0,04 €/P","img":"https://fd1-photos.leclercdrive.fr/image.ashx?id=2980483&use=l&cat=p&typeid=i","cat":335913},{"id":55283,"n":"Bougies d'anniversaire Ardence Blanches  - x24","p":0.95,"u":"0,04 €/P","img":"https://fd1-photos.leclercdrive.fr/image.ashx?id=2980486&use=l&cat=p&typeid=i","cat":335913},{"id":55284,"n":"Bougies d'anniversaire Ardence  x8 avec chiffres et support","p":1.5,"img":"https://fd1-photos.leclercdrive.fr/image.ashx?id=2980489&use=l&cat=p&typeid=i","cat":335913},{"id":55319,"n":"Steak haché 5%mg Charal Façon bouchère Bio x2 - 240g","p":5.9,"u":"24,58 €/KG","img":"https://fd1-photos.leclercdrive.fr/image.ashx?id=1919783&use=l&cat=p&typeid=i","cat":284332},{"id":55343,"n":"Biscuits à thé Delacre Tea Time Assortiment Boîte Métal - 1kg","p":13.2,"u":"13,20 €/KG","img":"https://fd1-photos.leclercdrive.fr/image.ashx?id=2867969&use=l&cat=p&typeid=i","cat":284490},{"id":55377,"n":"Bougie Bien Air Fruits rouges 30heures - x1","p":2.19,"img":"https://fd1-photos.leclercdrive.fr/image.ashx?id=2939073&use=l&cat=p&typeid=i","cat":284666},{"id":55381,"n":"Cacahuètes Tokapi  Grillées à sec - 120g","p":0.47,"u":"3,92 €/KG","img":"https://fd1-photos.leclercdrive.fr/image.ashx?id=2799778&use=l&cat=p&typeid=i","cat":284448},{"id":55415,"n":"Bougie Bien Air Anti-tabac 30h - x1","p":1.85,"img":"https://fd1-photos.leclercdrive.fr/image.ashx?id=2999613&use=l&cat=p&typeid=i","cat":284666},{"id":55429,"n":"Crème Chantilly UHT Président Aérosol sucré aromatisé - 250g","p":2.97,"u":"11,88 €/KG","img":"https://fd1-photos.leclercdrive.fr/image.ashx?id=2860169&use=l&cat=p&typeid=i","cat":284382},{"id":55439,"n":"Salade Niçoise Côté Snack Au thon - 250g","p":1.77,"u":"7,08 €/KG","img":"https://fd1-photos.leclercdrive.fr/image.ashx?id=2868316&use=l&cat=p&typeid=i","cat":284437},{"id":55442,"n":"Salade Parisienne Côté Snack Au thon - 250g","p":2.49,"u":"9,96 €/KG","img":"https://fd1-photos.leclercdrive.fr/image.ashx?id=2905919&use=l&cat=p&typeid=i","cat":284437},{"id":55469,"n":"Pain brioché Schar Sans gluten - 370g","p":4.49,"u":"12,14 €/KG","img":"https://fd1-photos.leclercdrive.fr/image.ashx?id=2137057&use=l&cat=p&typeid=i","cat":318654},{"id":55472,"n":"Mix Pane Schar Sans gluten - 1kg","p":6.76,"u":"6,76 €/KG","img":"https://fd1-photos.leclercdrive.fr/image.ashx?id=2439947&use=l&cat=p&typeid=i","cat":318654},{"id":55639,"n":"Copies doubles Clairefontaine 21x29.7cm - x300","p":3.4,"img":"https://fd1-photos.leclercdrive.fr/image.ashx?id=2055963&use=l&cat=p&typeid=i","cat":284697},{"id":55647,"n":"Stylo bille Esquisse Bleu - x4","p":0.79,"img":"https://fd1-photos.leclercdrive.fr/image.ashx?id=1678751&use=l&cat=p&typeid=i","cat":284696},{"id":55651,"n":"Effaceurs réécriveurs Esquisse x6","p":1.95,"img":"https://fd1-photos.leclercdrive.fr/image.ashx?id=1678778&use=l&cat=p&typeid=i","cat":334133},{"id":55664,"n":"Mini ruban correcteur Esquisse Multicoloris","p":1.99,"img":"https://fd1-photos.leclercdrive.fr/image.ashx?id=1703851&use=l&cat=p&typeid=i","cat":334133},{"id":55669,"n":"Bâton de colle Esquisse 5x10g","p":2.39,"u":"47,80 €/KG","img":"https://fd1-photos.leclercdrive.fr/image.ashx?id=2943253&use=l&cat=p&typeid=i","cat":334133},{"id":55671,"n":"Dry & Clean Roller UHU 8.5mx6.5mm - 1 pièce","p":3.25,"img":"https://fd1-photos.leclercdrive.fr/image.ashx?id=2057662&use=l&cat=p&typeid=i","cat":334133},{"id":55686,"n":"Intercalaires Esquisse  x12 - A4","p":1.35,"img":"https://fd1-photos.leclercdrive.fr/image.ashx?id=2943244&use=l&cat=p&typeid=i","cat":284745},{"id":55700,"n":"Haricots Verts Cassegrain Extra Fins Ceuillis main 110g","p":1.38,"u":"12,55 €/KG","img":"https://fd1-photos.leclercdrive.fr/image.ashx?id=2913034&use=l&cat=p&typeid=i","cat":312606},{"id":55725,"n":"Blocs-notes Esquisse adhésifs  125x75mm - 2x100","p":1.25,"u":"0,63 €/P","img":"https://fd1-photos.leclercdrive.fr/image.ashx?id=1701139&use=l&cat=p&typeid=i","cat":334133},{"id":55766,"n":"AOP Crémant de Loire Brut - Lacheteau - 75cL","p":6.93,"u":"9,24 €/L","img":"https://fd1-photos.leclercdrive.fr/image.ashx?id=2431911&use=l&cat=p&typeid=i","cat":284545},{"id":55810,"n":"Chipolatas bio - Bio Village  x5 - 275g","p":4.69,"u":"17,05 €/KG","img":"https://fd1-photos.leclercdrive.fr/image.ashx?id=2886478&use=l&cat=p&typeid=i","cat":284334},{"id":55816,"n":"Lingettes désinfectantes 2en1 x10 lingettes","p":1.52,"img":"https://fd1-photos.leclercdrive.fr/image.ashx?id=2832981&use=l&cat=p&typeid=i","cat":284630},{"id":55887,"n":"Bougie Bien Air Vanille Caramel 30h - x1","p":1.8,"img":"https://fd1-photos.leclercdrive.fr/image.ashx?id=2399761&use=l&cat=p&typeid=i","cat":284666},{"id":55949,"n":"Riz soja bio Céréal Bio  à l'espagnol repas express-220g","p":2.31,"u":"10,50 €/KG","img":"https://fd1-photos.leclercdrive.fr/image.ashx?id=2575093&use=l&cat=p&typeid=i","cat":287600},{"id":56119,"n":"Champagne Alfred Rothschild Demi-sec, 12%vol - 75cl","p":22.89,"u":"30,52 €/L","img":"https://fd1-photos.leclercdrive.fr/image.ashx?id=2254172&use=l&cat=p&typeid=i","cat":284542},{"id":56160,"n":"Assortiment de charcuteries Savoyardes - NRT - 200g","p":6.29,"u":"31,45 €/KG","img":"https://fd1-photos.leclercdrive.fr/image.ashx?id=2753529&use=l&cat=p&typeid=i","cat":316007},{"id":56163,"n":"Lait concentré sucré Nestlé x6 sticks - 30g","p":2.21,"u":"73,67 €/KG","img":"https://fd1-photos.leclercdrive.fr/image.ashx?id=2306528&use=l&cat=p&typeid=i","cat":299162},{"id":56213,"n":"Assiette Italienne 130g","p":5.74,"u":"44,15 €/KG","img":"https://fd1-photos.leclercdrive.fr/image.ashx?id=2025173&use=l&cat=p&typeid=i","cat":316007},{"id":56232,"n":"Trieur Esquisse 3 rabats  Noir - 12 positions","p":3.89,"img":"https://fd1-photos.leclercdrive.fr/image.ashx?id=1691198&use=l&cat=p&typeid=i","cat":284745},{"id":56233,"n":"Trieur Esquisse 3 rabats  Turquoise - 12 positions","p":3.89,"img":"https://fd1-photos.leclercdrive.fr/image.ashx?id=1691201&use=l&cat=p&typeid=i","cat":284745},{"id":56418,"n":"Vinaigre de cidre Bio Village Bio 75cl","p":2.09,"u":"2,79 €/L","img":"https://fd1-photos.leclercdrive.fr/image.ashx?id=1069902&use=l&cat=p&typeid=i","cat":298543},{"id":56435,"n":"Bouillon Kub Or Maggi  Déshydraté dégraissé - 128g","p":1.58,"u":"12,34 €/KG","img":"https://fd1-photos.leclercdrive.fr/image.ashx?id=2953977&use=l&cat=p&typeid=i","cat":288379},{"id":56440,"n":"Biscuit Citron Yuzu GERBLE  sans sucre 6 132g","p":1.89,"u":"14,32 €/KG","img":"https://fd1-photos.leclercdrive.fr/image.ashx?id=2664016&use=l&cat=p&typeid=i","cat":318653},{"id":56444,"n":"Biscuits chocolat amande GERBLE  - 4x4, 200g","p":1.85,"u":"9,25 €/KG","img":"https://fd1-photos.leclercdrive.fr/image.ashx?id=2967004&use=l&cat=p&typeid=i","cat":318651},{"id":56452,"n":"Cookie Cacao GERBLE  sans sucres - 130g","p":2.34,"u":"18,00 €/KG","img":"https://fd1-photos.leclercdrive.fr/image.ashx?id=2575057&use=l&cat=p&typeid=i","cat":318653},{"id":56456,"n":"Biscuit Coco GERBLE  sans sucre - 132g","p":1.93,"u":"14,62 €/KG","img":"https://fd1-photos.leclercdrive.fr/image.ashx?id=2662826&use=l&cat=p&typeid=i","cat":318653},{"id":56457,"n":"Biscuit Sésame Vanille GERBLE  sans sucres - 132g","p":1.96,"u":"14,85 €/KG","img":"https://fd1-photos.leclercdrive.fr/image.ashx?id=2664013&use=l&cat=p&typeid=i","cat":318653},{"id":56464,"n":"Biscuit fourré cacao GERBLE   sans sucre 6 185g","p":2.79,"u":"15,08 €/KG","img":"https://fd1-photos.leclercdrive.fr/image.ashx?id=2662832&use=l&cat=p&typeid=i","cat":318653},{"id":56468,"n":"Goûters 4S aux pommes Gerblé 360g","p":2.25,"u":"6,25 €/KG","img":"https://fd1-photos.leclercdrive.fr/image.ashx?id=2860907&use=l&cat=p&typeid=i","cat":318651},{"id":56470,"n":"Boisson orange ISOSTAR  Poudre energétique  400 g","p":7.23,"u":"18,08 €/KG","img":"https://fd1-photos.leclercdrive.fr/image.ashx?id=2663045&use=l&cat=p&typeid=i","cat":318652},{"id":56511,"n":"Galettes sarrasin Bretagne NRT x6 - 300g","p":1.89,"u":"6,30 €/KG","img":"https://fd1-photos.leclercdrive.fr/image.ashx?id=2770268&use=l&cat=p&typeid=i","cat":333672},{"id":56517,"n":"Eau minérale naturelle Contrex 6x1.5L","p":3.04,"u":"0,34 €/L","img":"https://fd1-photos.leclercdrive.fr/image.ashx?id=2758773&use=l&cat=p&typeid=i","cat":284535},{"id":56547,"n":"Flocons d'avoine bio Bio Village - 500g","p":1.49,"u":"2,98 €/KG","img":"https://fd1-photos.leclercdrive.fr/image.ashx?id=2688243&use=l&cat=p&typeid=i","cat":309512},{"id":56571,"n":"Tomates entières pelées bio Bio Village - 240g","p":1.04,"u":"4,33 €/KG","img":"https://fd1-photos.leclercdrive.fr/image.ashx?id=2302982&use=l&cat=p&typeid=i","cat":312608},{"id":56574,"n":"Sel Fin de Table Rustica Boîte verseuse 500g","p":0.46,"u":"0,92 €/KG","img":"https://fd1-photos.leclercdrive.fr/image.ashx?id=2050681&use=l&cat=p&typeid=i","cat":284457},{"id":56609,"n":"Fromage à tartiner Madame Loïk Fouetté Nature - 320g","p":3.24,"u":"10,13 €/KG","img":"https://fd1-photos.leclercdrive.fr/image.ashx?id=2967798&use=l&cat=p&typeid=i","cat":314029},{"id":56610,"n":"Fromage à tartiner Madame Loïk Fouetté Nature - 180g","p":2.03,"u":"11,28 €/KG","img":"https://fd1-photos.leclercdrive.fr/image.ashx?id=2948015&use=l&cat=p&typeid=i","cat":314029},{"id":56613,"n":"IGP Pays d'Oc rouge Merlot Grand Sud 13.5% vol - BIB 5L","p":18.45,"u":"3,69 €/L","img":"https://fd1-photos.leclercdrive.fr/image.ashx?id=2837457&use=l&cat=p&typeid=i","cat":289556},{"id":56672,"n":"Crackers Tokapi A l'émmental  -  4x100g","p":2.76,"u":"6,90 €/KG","img":"https://fd1-photos.leclercdrive.fr/image.ashx?id=2691414&use=l&cat=p&typeid=i","cat":297000},{"id":56683,"n":"Pur jus d'ananas Bio Village  Bio - 1L","p":3.81,"u":"3,81 €/L","img":"https://fd1-photos.leclercdrive.fr/image.ashx?id=2901539&use=l&cat=p&typeid=i","cat":284916},{"id":56744,"n":"Lait Matin Léger Bio de Lactel Sans lactose 1.2% mg - 6x50cl","p":9.84,"u":"3,28 €/L","img":"https://fd1-photos.leclercdrive.fr/image.ashx?id=2883540&use=l&cat=p&typeid=i","cat":317169},{"id":56763,"n":"Vinaigre de vin Rustica  25cl","p":0.89,"u":"3,56 €/L","img":"https://fd1-photos.leclercdrive.fr/image.ashx?id=1072903&use=l&cat=p&typeid=i","cat":298543},{"id":56765,"n":"Vinaigre de cidre Rustica 25cl","p":0.79,"u":"3,16 €/L","img":"https://fd1-photos.leclercdrive.fr/image.ashx?id=1072906&use=l&cat=p&typeid=i","cat":298543},{"id":56767,"n":"Vinaigre balsamique Rustica De Modène - 25cl","p":1.27,"u":"5,08 €/L","img":"https://fd1-photos.leclercdrive.fr/image.ashx?id=2777812&use=l&cat=p&typeid=i","cat":298543},{"id":56770,"n":"Fleur de sel de Guérande IGP  NRT - 125g","p":2.49,"u":"19,92 €/KG","img":"https://fd1-photos.leclercdrive.fr/image.ashx?id=2644924&use=l&cat=p&typeid=i","cat":284457},{"id":56774,"n":"AOP Alsace Gewurtzraminer blanc Henri Ehrhart - 75 cl","p":6.8,"pp":5.1,"u":"6,80 €/L","img":"https://fd1-photos.leclercdrive.fr/image.ashx?id=1754404&use=l&cat=p&typeid=i","cat":289557},{"id":56831,"n":"Nuggets de poulet Maître Coq Sachet - 1kg","p":5.67,"u":"5,67 €/KG","img":"https://fd1-photos.leclercdrive.fr/image.ashx?id=2936404&use=l&cat=p&typeid=i","cat":319780},{"id":56845,"n":"Bâtonnets de poisson Findus  Colin d'Alaska MSC x16 - 448g","p":4.54,"u":"10,13 €/KG","img":"https://fd1-photos.leclercdrive.fr/image.ashx?id=2650684&use=l&cat=p&typeid=i","cat":319788},{"id":56852,"n":"Tablette de chocolat Côte d'or Lait Noisette - 4x180g","p":13.09,"u":"18,18 €/KG","img":"https://fd1-photos.leclercdrive.fr/image.ashx?id=2168660&use=l&cat=p&typeid=i","cat":284497},{"id":56853,"n":"Tablette de chocolat Côte d'or Noir noisette - 4x180g","p":13.09,"u":"18,18 €/KG","img":"https://fd1-photos.leclercdrive.fr/image.ashx?id=2167696&use=l&cat=p&typeid=i","cat":284956},{"id":56859,"n":"Pistaches Vico  230g","p":5.04,"u":"21,91 €/KG","img":"https://fd1-photos.leclercdrive.fr/image.ashx?id=2280149&use=l&cat=p&typeid=i","cat":284448},{"id":56860,"n":"Flûtes Tokapi Chèvre/romarin -  - 100g","p":1.99,"u":"19,90 €/KG","img":"https://fd1-photos.leclercdrive.fr/image.ashx?id=2374055&use=l&cat=p&typeid=i","cat":297000},{"id":56861,"n":"Mini-flûtes Tokapi Tomate/olive/origan - 100g","p":1.59,"u":"15,90 €/KG","img":"https://fd1-photos.leclercdrive.fr/image.ashx?id=2374058&use=l&cat=p&typeid=i","cat":297000},{"id":56862,"n":"Couscous Comptoir du Grain  Fin - 1kg","p":2.17,"u":"2,17 €/KG","img":"https://fd1-photos.leclercdrive.fr/image.ashx?id=3012854&use=l&cat=p&typeid=i","cat":284429},{"id":56872,"n":"Tartiflette Côté Table  350g","p":2.74,"u":"7,83 €/KG","img":"https://fd1-photos.leclercdrive.fr/image.ashx?id=2970456&use=l&cat=p&typeid=i","cat":284953},{"id":56873,"n":"Hachis parmentier Côté Table 350g","p":2.53,"u":"7,23 €/KG","img":"https://fd1-photos.leclercdrive.fr/image.ashx?id=2393893&use=l&cat=p&typeid=i","cat":284953},{"id":56874,"n":"Lasagnes bolognaise Côté Table Barquette - 350g","p":2.39,"u":"6,83 €/KG","img":"https://fd1-photos.leclercdrive.fr/image.ashx?id=2476164&use=l&cat=p&typeid=i","cat":284953},{"id":56883,"n":"Recharge essential mist AirWick Jasmin étoile - 20ml","p":4.97,"u":"248,50 €/L","img":"https://fd1-photos.leclercdrive.fr/image.ashx?id=1596122&use=l&cat=p&typeid=i","cat":311629},{"id":56885,"n":"Gel coiffant Vitanove Effet invisible - 300ml","p":1.89,"u":"6,30 €/L","img":"https://fd1-photos.leclercdrive.fr/image.ashx?id=2275418&use=l&cat=p&typeid=i","cat":284609},{"id":56899,"n":"Café en grains Sati  A l'italienne - 1kg","p":16.8,"u":"16,80 €/KG","img":"https://fd1-photos.leclercdrive.fr/image.ashx?id=2458307&use=l&cat=p&typeid=i","cat":293237},{"id":56900,"n":"Café moulu Sati  Corsé intense - 4x250g","p":12.48,"u":"12,48 €/KG","img":"https://fd1-photos.leclercdrive.fr/image.ashx?id=2136004&use=l&cat=p&typeid=i","cat":284750},{"id":56919,"n":"Bière blonde Pelforth 5.8%vol - 20x25cl","p":11.74,"u":"2,35 €/L","img":"https://fd1-photos.leclercdrive.fr/image.ashx?id=2764523&use=l&cat=p&typeid=i","cat":334873},{"id":56935,"n":"Pâte à tartiner Nutella 400g","p":3.34,"u":"8,35 €/KG","img":"https://fd1-photos.leclercdrive.fr/image.ashx?id=2935645&use=l&cat=p&typeid=i","cat":284481},{"id":56953,"n":"Cordons bleus Côté Croc Au poulet x2 - 200g","p":1.59,"u":"7,95 €/KG","img":"https://fd1-photos.leclercdrive.fr/image.ashx?id=2801046&use=l&cat=p&typeid=i","cat":333683},{"id":56964,"n":"AOP Bordeaux rouge Bio Nos Racines - BIB 3L","p":20.95,"u":"6,98 €/L","img":"https://fd1-photos.leclercdrive.fr/image.ashx?id=1570321&use=l&cat=p&typeid=i","cat":289560},{"id":56967,"n":"Biscuits déli Matin P'tit Deli Pepites chocolat -  600g","p":3.3,"u":"5,50 €/KG","img":"https://fd1-photos.leclercdrive.fr/image.ashx?id=2999514&use=l&cat=p&typeid=i","cat":284491},{"id":56968,"n":"Rhum ambré Trois Rivières 40% vol - 70cl","p":16.3,"u":"23,29 €/L","img":"https://fd1-photos.leclercdrive.fr/image.ashx?id=2973670&use=l&cat=p&typeid=i","cat":284550},{"id":56980,"n":"Laque Vitanove  Maximum - 400ml","p":2.6,"u":"6,50 €/L","img":"https://fd1-photos.leclercdrive.fr/image.ashx?id=2490043&use=l&cat=p&typeid=i","cat":284609},{"id":56991,"n":"Eau de javel Clair Citron - 3x250ml","p":1.3,"u":"1,73 €/L","img":"https://fd1-photos.leclercdrive.fr/image.ashx?id=1073466&use=l&cat=p&typeid=i","cat":284661},{"id":56994,"n":"Pancakes Epi d'or x6 - 200g","p":2.63,"u":"13,15 €/KG","img":"https://fd1-photos.leclercdrive.fr/image.ashx?id=1905500&use=l&cat=p&typeid=i","cat":288858},{"id":56996,"n":"Jus de fruit Jafaden  Pur jus multifruits - 2L","p":2.69,"u":"1,35 €/L","img":"https://fd1-photos.leclercdrive.fr/image.ashx?id=2920196&use=l&cat=p&typeid=i","cat":284917},{"id":57017,"n":"Friandises chat Catisfactions Poulet - 60g","p":1.14,"u":"19,00 €/KG","img":"https://fd1-photos.leclercdrive.fr/image.ashx?id=2914762&use=l&cat=p&typeid=i","cat":285285},{"id":57030,"n":"Fromage Morbier NRT AOP  250g","p":3.55,"u":"14,20 €/KG","img":"https://fd1-photos.leclercdrive.fr/image.ashx?id=2624034&use=l&cat=p&typeid=i","cat":329184},{"id":57040,"n":"Bière blanche 1664 Blanc 5° - 6x25cl","p":4.68,"u":"3,12 €/L","img":"https://fd1-photos.leclercdrive.fr/image.ashx?id=2886699&use=l&cat=p&typeid=i","cat":334878},{"id":57041,"n":"Bière blonde 1664 5,5° - 6x33cl canettes","p":4.99,"pp":3.29,"u":"1,66 €/L","img":"https://fd1-photos.leclercdrive.fr/image.ashx?id=2887566&use=l&cat=p&typeid=i","cat":334853},{"id":57044,"n":"Bière blonde Kronenbourg 4,2° - 12x33cl canettes","p":7.74,"u":"1,95 €/L","img":"https://fd1-photos.leclercdrive.fr/image.ashx?id=2854366&use=l&cat=p&typeid=i","cat":334853},{"id":57045,"n":"Bière blonde Kronenbourg 4,2° - 6x33cl canettes","p":3.98,"u":"2,01 €/L","img":"https://fd1-photos.leclercdrive.fr/image.ashx?id=2212581&use=l&cat=p&typeid=i","cat":334853},{"id":57119,"n":"Super décapant cuisine Briochin Ecocert - 1L","p":3.75,"u":"3,75 €/L","img":"https://fd1-photos.leclercdrive.fr/image.ashx?id=3011401&use=l&cat=p&typeid=i","cat":325357},{"id":57121,"n":"Nettoyant salle de bain 3en1 Briochin - Ecocert - 750mL","p":3.24,"u":"4,32 €/L","img":"https://fd1-photos.leclercdrive.fr/image.ashx?id=3011398&use=l&cat=p&typeid=i","cat":325357},{"id":57151,"n":"Mousse Délisse Chocolat au lait - 8x60g","p":2.25,"u":"4,69 €/KG","img":"https://fd1-photos.leclercdrive.fr/image.ashx?id=3009517&use=l&cat=p&typeid=i","cat":284417},{"id":57186,"n":"Eau gazeuse Carola  Citron - 1.25L","p":1.05,"u":"0,84 €/L","img":"https://fd1-photos.leclercdrive.fr/image.ashx?id=2660760&use=l&cat=p&typeid=i","cat":284536},{"id":57187,"n":"Eau gazeuse Carola  Citron citron vert - 1,25L","p":1.05,"u":"0,84 €/L","img":"https://fd1-photos.leclercdrive.fr/image.ashx?id=2968220&use=l&cat=p&typeid=i","cat":284536},{"id":57188,"n":"Eau gazeuse Carola  Pample. orange sanguine - 1.25L","p":1.05,"u":"0,84 €/L","img":"https://fd1-photos.leclercdrive.fr/image.ashx?id=2660745&use=l&cat=p&typeid=i","cat":284536},{"id":57218,"n":"Assortiment alsacien Iller 12 tranches - 200g","p":2.44,"u":"12,20 €/KG","img":"https://fd1-photos.leclercdrive.fr/image.ashx?id=1853376&use=l&cat=p&typeid=i","cat":316007},{"id":57242,"n":"Lingettes multi-usages Sanytol Désinfectant Pamplemousse -x48","p":1.63,"u":"0,03 €/P","img":"https://fd1-photos.leclercdrive.fr/image.ashx?id=2511631&use=l&cat=p&typeid=i","cat":325358},{"id":57252,"n":"Crème fraîche Bridélice 18%mg Semi-épaisse 3x20cl+20cl offert","p":2.6,"u":"3,25 €/L","img":"https://fd1-photos.leclercdrive.fr/image.ashx?id=2663950&use=l&cat=p&typeid=i","cat":284381},{"id":57274,"n":"Boisson aux fruits Oasis Goût Pomme Cassis Framboise 1L","p":1.73,"u":"1,73 €/L","img":"https://fd1-photos.leclercdrive.fr/image.ashx?id=3011083&use=l&cat=p&typeid=i","cat":295018},{"id":57275,"n":"Boisson aux fruits Oasis Tropical - 1L","p":1.64,"u":"1,64 €/L","img":"https://fd1-photos.leclercdrive.fr/image.ashx?id=2666638&use=l&cat=p&typeid=i","cat":295018},{"id":57284,"n":"AOC Prosecco Riccadonna Extra Dry - 11° - 75cl","p":5.99,"u":"7,99 €/L","img":"https://fd1-photos.leclercdrive.fr/image.ashx?id=2666303&use=l&cat=p&typeid=i","cat":289461},{"id":57288,"n":"Jeunes pousses & roquettes  Bonduelle - 145g","p":2.29,"u":"15,79 €/KG","img":"https://fd1-photos.leclercdrive.fr/image.ashx?id=2862128&use=l&cat=p&typeid=i","cat":284353},{"id":57307,"n":"Pur jus Jafaden Orange, raisin, clémentine, pamplemousse - 1L","p":2.29,"u":"2,29 €/L","img":"https://fd1-photos.leclercdrive.fr/image.ashx?id=2869799&use=l&cat=p&typeid=i","cat":284917},{"id":57314,"n":"Risotto Fleury Michon Poulet et cèpes - 280g","p":3.12,"u":"11,14 €/KG","img":"https://fd1-photos.leclercdrive.fr/image.ashx?id=3003281&use=l&cat=p&typeid=i","cat":333665},{"id":57410,"n":"Croissants Croustipâte x4 - 240g","p":1.7,"u":"7,08 €/KG","img":"https://fd1-photos.leclercdrive.fr/image.ashx?id=2886100&use=l&cat=p&typeid=i","cat":333681},{"id":57432,"n":"Olives apéritives Aux herbes - 200g","p":2.98,"u":"14,90 €/KG","img":"https://fd1-photos.leclercdrive.fr/image.ashx?id=2833705&use=l&cat=p&typeid=i","cat":316002},{"id":57435,"n":"Fromage blanc Bio Vrai Lait de brebis - 400g","p":2.37,"u":"5,93 €/KG","img":"https://fd1-photos.leclercdrive.fr/image.ashx?id=2517495&use=l&cat=p&typeid=i","cat":314998},{"id":57518,"n":"Cervelas à l'alsacienne Iller x4 - 560g","p":7.27,"u":"12,98 €/KG","img":"https://fd1-photos.leclercdrive.fr/image.ashx?id=1730376&use=l&cat=p&typeid=i","cat":316012},{"id":57520,"n":"Vin mousseux de France Kriter  Rosé brut - 75cl","p":4.89,"u":"6,52 €/L","img":"https://fd1-photos.leclercdrive.fr/image.ashx?id=2875342&use=l&cat=p&typeid=i","cat":284544},{"id":57684,"n":"Repas soir bio 12mois Babybio Panais legumes boulghour 230g","p":1.98,"u":"8,61 €/KG","img":"https://fd1-photos.leclercdrive.fr/image.ashx?id=2859359&use=l&cat=p&typeid=i","cat":312239},{"id":57685,"n":"Pots bébé bio Babybio Légumes poulet - 6 mois - 400g","p":2.89,"u":"7,23 €/KG","img":"https://fd1-photos.leclercdrive.fr/image.ashx?id=2827422&use=l&cat=p&typeid=i","cat":312236},{"id":57687,"n":"Repas du soir Babybio - 8 mois Bio Patates douces - 2x200g","p":3.07,"u":"7,68 €/KG","img":"https://fd1-photos.leclercdrive.fr/image.ashx?id=2168291&use=l&cat=p&typeid=i","cat":312239},{"id":57688,"n":"Bols soir bébé bio Babybio Purée, courgette -8 mois-2x200g","p":3.03,"u":"7,58 €/KG","img":"https://fd1-photos.leclercdrive.fr/image.ashx?id=2859365&use=l&cat=p&typeid=i","cat":312239},{"id":57690,"n":"Assiette bébé soir bio Babybio Gratin de légumes -15 mois-260g","p":2.06,"u":"7,92 €/KG","img":"https://fd1-photos.leclercdrive.fr/image.ashx?id=2827539&use=l&cat=p&typeid=i","cat":312239},{"id":57691,"n":"Gourde bébé Babybio Bio 6 mois Pomme/poire/pêche - 4x90g","p":3.46,"u":"9,61 €/KG","img":"https://fd1-photos.leclercdrive.fr/image.ashx?id=2733319&use=l&cat=p&typeid=i","cat":312393},{"id":57692,"n":"Gourde bébé Babybio - 6 mois Bio banane millet / Poire-4x90g","p":3.79,"u":"10,53 €/KG","img":"https://fd1-photos.leclercdrive.fr/image.ashx?id=2858234&use=l&cat=p&typeid=i","cat":312393},{"id":57693,"n":"Crème dessert bébé bio Babybio  Semoule cacao -8 mois- 4x85g","p":3.75,"u":"11,03 €/KG","img":"https://fd1-photos.leclercdrive.fr/image.ashx?id=2834527&use=l&cat=p&typeid=i","cat":312393},{"id":57694,"n":"Crème dessert bébé bio Babybio  Semoule vanille -6 mois- 4x85g","p":3.47,"u":"10,21 €/KG","img":"https://fd1-photos.leclercdrive.fr/image.ashx?id=2834530&use=l&cat=p&typeid=i","cat":312393},{"id":57696,"n":"Pots bébé bio Babybio - 6 mois  Légumes pâtes boeuf - 2x200g","p":3.11,"u":"7,78 €/KG","img":"https://fd1-photos.leclercdrive.fr/image.ashx?id=2838301&use=l&cat=p&typeid=i","cat":312236},{"id":57697,"n":"Pots bébé bio Babybio Panais jambon - 6 mois - 2x200g","p":3.6,"u":"9,00 €/KG","img":"https://fd1-photos.leclercdrive.fr/image.ashx?id=2838304&use=l&cat=p&typeid=i","cat":312236},{"id":57701,"n":"Petits pots Babybio 6 mois - Maïs doux - 2x130g","p":2.19,"u":"8,42 €/KG","img":"https://fd1-photos.leclercdrive.fr/image.ashx?id=2838461&use=l&cat=p&typeid=i","cat":312235},{"id":57703,"n":"Bols bébé soir bio Babybio Légumes pâtes - 8 mois - 2x200g","p":2.88,"u":"7,20 €/KG","img":"https://fd1-photos.leclercdrive.fr/image.ashx?id=2838311&use=l&cat=p&typeid=i","cat":312239},{"id":57705,"n":"Compote bébé Babybio Bio 4 mois Mirabelle Pomme - 2x130g","p":2.06,"u":"7,92 €/KG","img":"https://fd1-photos.leclercdrive.fr/image.ashx?id=2834518&use=l&cat=p&typeid=i","cat":312387},{"id":57706,"n":"Salades Bonduelle Tortis, concombres, saumon 300g","p":2.94,"u":"9,80 €/KG","img":"https://fd1-photos.leclercdrive.fr/image.ashx?id=2905303&use=l&cat=p&typeid=i","cat":333657},{"id":57709,"n":"Salade Laitue Les Crudettes 100% coeur  - 150g","p":1.81,"u":"12,07 €/KG","img":"https://fd1-photos.leclercdrive.fr/image.ashx?id=2089688&use=l&cat=p&typeid=i","cat":284353},{"id":57713,"n":"Vin Union européenne blanc Lichette Alouettes - 5L","p":13.38,"u":"2,68 €/L","img":"https://fd1-photos.leclercdrive.fr/image.ashx?id=2859194&use=l&cat=p&typeid=i","cat":289557},{"id":57717,"n":"Repas du soir carotte Babybio bio 12 mois Maïs Quinoa - 230g","p":2.34,"u":"10,17 €/KG","img":"https://fd1-photos.leclercdrive.fr/image.ashx?id=2875387&use=l&cat=p&typeid=i","cat":312239},{"id":57720,"n":"Repas bébé Babybio - 8 mois Pomme de terre/Chevre - 2x200g","p":3.23,"u":"8,08 €/KG","img":"https://fd1-photos.leclercdrive.fr/image.ashx?id=2827524&use=l&cat=p&typeid=i","cat":312235},{"id":57742,"n":"Lait croissance Guigoz Gest 3e âge - dès 12 mois - 800g","p":12.66,"u":"15,83 €/KG","img":"https://fd1-photos.leclercdrive.fr/image.ashx?id=2895023&use=l&cat=p&typeid=i","cat":290219},{"id":57760,"n":"Assiette bébé soir bio Babybio Aubergine pâtes -15 mois- 260g","p":1.97,"u":"7,58 €/KG","img":"https://fd1-photos.leclercdrive.fr/image.ashx?id=2855912&use=l&cat=p&typeid=i","cat":312239},{"id":57763,"n":"Pâtes Serpentini Panzani 3 Minutes - 500g","p":1.39,"u":"2,78 €/KG","img":"https://fd1-photos.leclercdrive.fr/image.ashx?id=2896078&use=l&cat=p&typeid=i","cat":284427},{"id":57764,"n":"Pâtes Farfalle Panzani  3 Minutes - 500G","p":1.34,"u":"2,68 €/KG","img":"https://fd1-photos.leclercdrive.fr/image.ashx?id=2896090&use=l&cat=p&typeid=i","cat":284427},{"id":57767,"n":"Tablette de chocolat noir Lindt Framboise intense - 100g","p":2.29,"u":"22,90 €/KG","img":"https://fd1-photos.leclercdrive.fr/image.ashx?id=2689484&use=l&cat=p&typeid=i","cat":318654},{"id":57768,"n":"Tablette de chocolat noir Lindt Sésame grillé - 100g","p":2.27,"u":"22,70 €/KG","img":"https://fd1-photos.leclercdrive.fr/image.ashx?id=2689490&use=l&cat=p&typeid=i","cat":284956},{"id":57779,"n":"Capsules café Plantation Espresso n°5 - x16 - 92g","p":2.69,"u":"29,24 €/KG","img":"https://fd1-photos.leclercdrive.fr/image.ashx?id=2649729&use=l&cat=p&typeid=i","cat":293239},{"id":57782,"n":"Capsules café Plantation Cappuccino - 2x8 - 166g","p":3.45,"u":"20,78 €/KG","img":"https://fd1-photos.leclercdrive.fr/image.ashx?id=2856558&use=l&cat=p&typeid=i","cat":293239},{"id":57783,"n":"Capsules café Plantation Espresso forte n°7 - x16 - 105g","p":2.99,"u":"28,48 €/KG","img":"https://fd1-photos.leclercdrive.fr/image.ashx?id=2649732&use=l&cat=p&typeid=i","cat":293239},{"id":57785,"n":"Capsules café Plantation Lungo n°6 - x16 - 99.2g","p":2.69,"u":"27,17 €/KG","img":"https://fd1-photos.leclercdrive.fr/image.ashx?id=2649735&use=l&cat=p&typeid=i","cat":293239},{"id":57786,"n":"Capsules café Plantation Gigante n°5 - x16 - 112g","p":2.99,"u":"26,70 €/KG","img":"https://fd1-photos.leclercdrive.fr/image.ashx?id=2649738&use=l&cat=p&typeid=i","cat":293239},{"id":57812,"n":"Petits pots bébé P'TITE RECETTE Couscous 8M+ - 2x200g","p":1.79,"u":"4,48 €/KG","img":"https://fd1-photos.leclercdrive.fr/image.ashx?id=2525696&use=l&cat=p&typeid=i","cat":312236},{"id":57814,"n":"Petits pots bébé P'TITE RECETTE Hachis Parmentier 8M+ - 2x200g","p":1.83,"u":"4,58 €/KG","img":"https://fd1-photos.leclercdrive.fr/image.ashx?id=2629689&use=l&cat=p&typeid=i","cat":312236},{"id":57815,"n":"Petits pots bébé P'TITE RECETTE Spaghetti bolognaise 8m -2x200g","p":1.84,"u":"4,60 €/KG","img":"https://fd1-photos.leclercdrive.fr/image.ashx?id=2629683&use=l&cat=p&typeid=i","cat":312236},{"id":57816,"n":"Petits pots bébé P'TITE RECETTE Pot au feu 8M+ - 2x200g","p":2.12,"u":"5,30 €/KG","img":"https://fd1-photos.leclercdrive.fr/image.ashx?id=2518415&use=l&cat=p&typeid=i","cat":312236},{"id":57821,"n":"Petits pots bébé PTIT SOUPER pâtes courgettes 6M+ - 2x200g","p":2.05,"u":"5,13 €/KG","img":"https://fd1-photos.leclercdrive.fr/image.ashx?id=2526523&use=l&cat=p&typeid=i","cat":312239},{"id":57823,"n":"Petits pots bébé P'TIT SOUPER Carottes semoule 6M+ - 2x200g","p":1.88,"u":"4,70 €/KG","img":"https://fd1-photos.leclercdrive.fr/image.ashx?id=2527109&use=l&cat=p&typeid=i","cat":312239},{"id":57824,"n":"Petits pots bébé P'TIT SOUPER Risotto carottes 12M+ - 2x200g","p":2.14,"u":"5,35 €/KG","img":"https://fd1-photos.leclercdrive.fr/image.ashx?id=2526526&use=l&cat=p&typeid=i","cat":312239},{"id":57883,"n":"Petits pots bébé P'TITE RECETTE  riz dinde 12M+ - 2x200g","p":1.83,"u":"4,58 €/KG","img":"https://fd1-photos.leclercdrive.fr/image.ashx?id=2629686&use=l&cat=p&typeid=i","cat":312237},{"id":57956,"n":"Serviettes fuites urinaires  TENA Discreet - Mini - x20","p":3.64,"u":"0,18 €/P","img":"https://fd1-photos.leclercdrive.fr/image.ashx?id=2597241&use=l&cat=p&typeid=i","cat":284628},{"id":57958,"n":"Eau de toilette Alix De Faure Nature de feu - 100ml","p":4.55,"u":"45,50 €/L","img":"https://fd1-photos.leclercdrive.fr/image.ashx?id=2741300&use=l&cat=p&typeid=i","cat":287740},{"id":57983,"n":"Râpe Électrique Velvet Smooth Exfoliante et Contour des Pieds","p":23.9,"img":"https://fd1-photos.leclercdrive.fr/image.ashx?id=2465143&use=l&cat=p&typeid=i","cat":325354},{"id":57984,"n":"Râpe Électrique 2 en 1 Exfoliante et Lissante Pieds","p":24.4,"img":"https://fd1-photos.leclercdrive.fr/image.ashx?id=2457473&use=l&cat=p&typeid=i","cat":325354},{"id":58119,"n":"Madeleines longue pépites sucre Le Ster x20 - 250g","p":1.66,"u":"6,64 €/KG","img":"https://fd1-photos.leclercdrive.fr/image.ashx?id=2962566&use=l&cat=p&typeid=i","cat":284492},{"id":58122,"n":"Colin d'Alaska Findus Façon meuniere - x2 - 250g","p":3.06,"u":"12,24 €/KG","img":"https://fd1-photos.leclercdrive.fr/image.ashx?id=2654914&use=l&cat=p&typeid=i","cat":319788},{"id":58125,"n":"flan dany chocolat 4x100g","p":1.55,"u":"3,88 €/KG","img":"https://fd1-photos.leclercdrive.fr/image.ashx?id=2132316&use=l&cat=p&typeid=i","cat":284414},{"id":58133,"n":"Tablette de chocolat Côte d'Or Lait/amande  - 2x180g","p":7.0,"u":"19,44 €/KG","img":"https://fd1-photos.leclercdrive.fr/image.ashx?id=2938004&use=l&cat=p&typeid=i","cat":284497},{"id":58138,"n":"Chocolat Noir Bio village Aux éclats d'amandes Bio - 100g","p":2.19,"u":"21,90 €/KG","img":"https://fd1-photos.leclercdrive.fr/image.ashx?id=2891896&use=l&cat=p&typeid=i","cat":284956},{"id":58139,"n":"Chocolat noir Bio Village Bio Écorce d'oranges - 100g","p":2.15,"u":"21,50 €/KG","img":"https://fd1-photos.leclercdrive.fr/image.ashx?id=1084531&use=l&cat=p&typeid=i","cat":284956},{"id":58141,"n":"Lentilles corail Bio Village Bio - 450g","p":1.97,"u":"4,38 €/KG","img":"https://fd1-photos.leclercdrive.fr/image.ashx?id=3002665&use=l&cat=p&typeid=i","cat":284430},{"id":58142,"n":"Confiture extra bio Bio Village Cassis - 370g","p":2.59,"u":"7,00 €/KG","img":"https://fd1-photos.leclercdrive.fr/image.ashx?id=2459587&use=l&cat=p&typeid=i","cat":284480},{"id":58143,"n":"Soin de jour L'Oréal Paris Age Perfect anti-âge - 50ml","p":11.97,"pp":7.9,"u":"158,00 €/L","img":"https://fd1-photos.leclercdrive.fr/image.ashx?id=2769744&use=l&cat=p&typeid=i","cat":325345},{"id":58154,"n":"Serpillère Sillage Blanche grand format 60x100","p":2.75,"img":"https://fd1-photos.leclercdrive.fr/image.ashx?id=1297317&use=l&cat=p&typeid=i","cat":284669},{"id":58156,"n":"Manche acier Elephant  Anti-glisse - x1","p":3.48,"img":"https://fd1-photos.leclercdrive.fr/image.ashx?id=2571476&use=l&cat=p&typeid=i","cat":284669},{"id":58201,"n":"Désodorisant Bien Air  Senteur muguet - 300ml","p":1.09,"u":"3,63 €/L","img":"https://fd1-photos.leclercdrive.fr/image.ashx?id=2607942&use=l&cat=p&typeid=i","cat":311626},{"id":58202,"n":"Désodorisant Bien Air Floral - 300ml","p":1.09,"u":"3,63 €/L","img":"https://fd1-photos.leclercdrive.fr/image.ashx?id=2614573&use=l&cat=p&typeid=i","cat":311626},{"id":58203,"n":"Désodorisant Bien Air  Fruits rouges - 300ml","p":1.35,"u":"4,50 €/L","img":"https://fd1-photos.leclercdrive.fr/image.ashx?id=2613723&use=l&cat=p&typeid=i","cat":311626},{"id":58205,"n":"Désodorisant Bien Air Vanille - 300ml","p":1.09,"u":"3,63 €/L","img":"https://fd1-photos.leclercdrive.fr/image.ashx?id=2613726&use=l&cat=p&typeid=i","cat":311626},{"id":58206,"n":"Désodorisant Bien Air Agrume, anti-tabac - 300ml","p":1.15,"u":"3,83 €/L","img":"https://fd1-photos.leclercdrive.fr/image.ashx?id=2613729&use=l&cat=p&typeid=i","cat":311626},{"id":58214,"n":"Carré gourmand Garden Gourmet Tomates et mozzarella 160g","p":2.35,"u":"14,69 €/KG","img":"https://fd1-photos.leclercdrive.fr/image.ashx?id=3009107&use=l&cat=p&typeid=i","cat":316036},{"id":58218,"n":"Croissants Côté Table Jambon emmental - 2x170g","p":2.92,"u":"8,59 €/KG","img":"https://fd1-photos.leclercdrive.fr/image.ashx?id=2885128&use=l&cat=p&typeid=i","cat":333671},{"id":58221,"n":"Feuilles de filo Tablier Blanc 250g","p":1.91,"u":"7,64 €/KG","img":"https://fd1-photos.leclercdrive.fr/image.ashx?id=1938591&use=l&cat=p&typeid=i","cat":333681},{"id":58232,"n":"Pâte feuilletée Tablier Blanc Rectangulaire - 230g","p":1.14,"u":"4,96 €/KG","img":"https://fd1-photos.leclercdrive.fr/image.ashx?id=2635931&use=l&cat=p&typeid=i","cat":333681},{"id":58365,"n":"Tartelettes Chocolat P'tit Déli Fourrées au lait - 225g","p":1.39,"u":"6,18 €/KG","img":"https://fd1-photos.leclercdrive.fr/image.ashx?id=2523715&use=l&cat=p&typeid=i","cat":284488},{"id":58406,"n":"Oignons Découpe fraîche  200g","p":1.58,"u":"7,90 €/KG","img":"https://fd1-photos.leclercdrive.fr/image.ashx?id=635023&use=l&cat=p&typeid=i","cat":290299},{"id":58428,"n":"Sachet fraicheur chat Sheba Boeuf poulet en sauce - 6x50g","p":2.61,"u":"8,70 €/KG","img":"https://fd1-photos.leclercdrive.fr/image.ashx?id=2895927&use=l&cat=p&typeid=i","cat":285286},{"id":58444,"n":"Cacahuètes Benenuts-Twinuts Nature format familial - 260g","p":1.94,"u":"7,46 €/KG","img":"https://fd1-photos.leclercdrive.fr/image.ashx?id=2967744&use=l&cat=p&typeid=i","cat":284448},{"id":58449,"n":"Tomates pelées entières D'aucy 238g","p":1.04,"u":"4,37 €/KG","img":"https://fd1-photos.leclercdrive.fr/image.ashx?id=2503425&use=l&cat=p&typeid=i","cat":312608},{"id":58451,"n":"Sachets repas chats Gourmet Mon Petit - Poisson - 6x50g","p":2.55,"u":"8,50 €/KG","img":"https://fd1-photos.leclercdrive.fr/image.ashx?id=2899686&use=l&cat=p&typeid=i","cat":285286},{"id":58453,"n":"Sachets repas chats Gourmet Mon Petit - Volaille - 6x50g","p":2.55,"u":"8,50 €/KG","img":"https://fd1-photos.leclercdrive.fr/image.ashx?id=2899689&use=l&cat=p&typeid=i","cat":285286},{"id":58457,"n":"Sachet repas chats Gourmet 12x85g","p":6.58,"u":"6,45 €/KG","img":"https://fd1-photos.leclercdrive.fr/image.ashx?id=2901124&use=l&cat=p&typeid=i","cat":285286},{"id":58459,"n":"Croquettes chat Purina One Adulte - Boeuf/Céréales - 1.5Kg","p":6.74,"u":"4,49 €/KG","img":"https://fd1-photos.leclercdrive.fr/image.ashx?id=2433548&use=l&cat=p&typeid=i","cat":284680},{"id":58460,"n":"Croquettes chat Purina One Boules de poils - Poulet -1.5Kg","p":8.03,"u":"5,35 €/KG","img":"https://fd1-photos.leclercdrive.fr/image.ashx?id=2868527&use=l&cat=p&typeid=i","cat":284680},{"id":58488,"n":"Boîte chat Whiskas Sauce carte du boucher - 4x400g","p":4.98,"u":"3,11 €/KG","img":"https://fd1-photos.leclercdrive.fr/image.ashx?id=2619986&use=l&cat=p&typeid=i","cat":285601},{"id":58490,"n":"Sauce Béchamel Maggi 350ml","p":1.51,"u":"4,31 €/L","img":"https://fd1-photos.leclercdrive.fr/image.ashx?id=2977726&use=l&cat=p&typeid=i","cat":288381},{"id":58496,"n":"Bière blonde Heineken 6x33cl","p":7.34,"u":"3,71 €/L","img":"https://fd1-photos.leclercdrive.fr/image.ashx?id=3008107&use=l&cat=p&typeid=i","cat":334873},{"id":58502,"n":"Croquettes chat Purina One Stérilisé Adulte-Dinde/Blé -3kg","p":14.6,"u":"4,87 €/KG","img":"https://fd1-photos.leclercdrive.fr/image.ashx?id=2488055&use=l&cat=p&typeid=i","cat":284680},{"id":58505,"n":"Bière blonde Heineken Sans alcool - 6x25cl","p":4.31,"u":"2,87 €/L","img":"https://fd1-photos.leclercdrive.fr/image.ashx?id=2948528&use=l&cat=p&typeid=i","cat":334877},{"id":58511,"n":"Salami Danois fumé Eco+ 20 tranches - 200g","p":1.09,"u":"5,45 €/KG","img":"https://fd1-photos.leclercdrive.fr/image.ashx?id=2573713&use=l&cat=p&typeid=i","cat":316007},{"id":58529,"n":"Pâte à tartiner L.Georgelin Cacao noisettes - 400g","p":3.95,"u":"9,88 €/KG","img":"https://fd1-photos.leclercdrive.fr/image.ashx?id=1557088&use=l&cat=p&typeid=i","cat":284481},{"id":58530,"n":"Pâte à tartiner L. Georgelin Bio Noisettes cacao  400g","p":5.17,"u":"12,93 €/KG","img":"https://fd1-photos.leclercdrive.fr/image.ashx?id=1580439&use=l&cat=p&typeid=i","cat":284481},{"id":58548,"n":"Sachets repas chats Purina One Sauce boeuf poulet x4 - 340g","p":1.94,"u":"5,71 €/KG","img":"https://fd1-photos.leclercdrive.fr/image.ashx?id=2468239&use=l&cat=p&typeid=i","cat":285286},{"id":58570,"n":"Friandises chien Pedigree  Récompense bœuf volaille - 155g","p":1.45,"u":"9,35 €/KG","img":"https://fd1-photos.leclercdrive.fr/image.ashx?id=2924779&use=l&cat=p&typeid=i","cat":294527},{"id":58577,"n":"Dessert bébé lacté Blédina 6m Abricot - 6x55g","p":1.82,"u":"5,52 €/KG","img":"https://fd1-photos.leclercdrive.fr/image.ashx?id=2952448&use=l&cat=p&typeid=i","cat":312392},{"id":58578,"n":"Dessert bébé lacté Blédina 6m Fraise - 6x55g","p":2.24,"u":"6,79 €/KG","img":"https://fd1-photos.leclercdrive.fr/image.ashx?id=2952451&use=l&cat=p&typeid=i","cat":312392},{"id":58602,"n":"Haricots verts Rochefontaine Extra fins, bio - 180g","p":2.91,"u":"16,17 €/KG","img":"https://fd1-photos.leclercdrive.fr/image.ashx?id=2343588&use=l&cat=p&typeid=i","cat":312606},{"id":58613,"n":"Haricots verts Gillet  Extra fins, bocal - 345g","p":3.5,"u":"10,14 €/KG","img":"https://fd1-photos.leclercdrive.fr/image.ashx?id=1867183&use=l&cat=p&typeid=i","cat":312606},{"id":58618,"n":"Tarte Côté Table Saumon Poireau - 400g","p":3.09,"u":"7,73 €/KG","img":"https://fd1-photos.leclercdrive.fr/image.ashx?id=2791821&use=l&cat=p&typeid=i","cat":284257},{"id":58621,"n":"Asperges blanches Géant Vert mini - 110g","p":2.41,"u":"21,91 €/KG","img":"https://fd1-photos.leclercdrive.fr/image.ashx?id=2840554&use=l&cat=p&typeid=i","cat":312611},{"id":58625,"n":"Cœurs de palmiers Géant Vert - 220g","p":3.56,"u":"16,18 €/KG","img":"https://fd1-photos.leclercdrive.fr/image.ashx?id=2840560&use=l&cat=p&typeid=i","cat":312611},{"id":58626,"n":"Coeurs d'artichauts Géant Vert - 240g","p":2.93,"u":"12,21 €/KG","img":"https://fd1-photos.leclercdrive.fr/image.ashx?id=2840566&use=l&cat=p&typeid=i","cat":312611},{"id":58634,"n":"Soupe 12 légumes Knorr Fromage frais  - 1L","p":2.89,"u":"2,89 €/L","img":"https://fd1-photos.leclercdrive.fr/image.ashx?id=2656249&use=l&cat=p&typeid=i","cat":284462},{"id":58635,"n":"Soupe Douceur automne Knorr Crème fraîche - 1L","p":1.68,"u":"1,68 €/L","img":"https://fd1-photos.leclercdrive.fr/image.ashx?id=2212824&use=l&cat=p&typeid=i","cat":284462},{"id":58636,"n":"Soupe Douceur potiron Knorr Chataigne - 1L","p":2.9,"u":"2,90 €/L","img":"https://fd1-photos.leclercdrive.fr/image.ashx?id=2420033&use=l&cat=p&typeid=i","cat":284462},{"id":58646,"n":"Fromage AOP Comté Jura Flore 9 mois - 200g","p":4.32,"u":"21,60 €/KG","img":"https://fd1-photos.leclercdrive.fr/image.ashx?id=2765243&use=l&cat=p&typeid=i","cat":314036},{"id":58648,"n":"Comté AOP  15 mois - 200g","p":4.89,"u":"24,45 €/KG","img":"https://fd1-photos.leclercdrive.fr/image.ashx?id=2692575&use=l&cat=p&typeid=i","cat":314034},{"id":58693,"n":"Galettes de pommes de terre NRT à l'Alsacienne - 670g","p":2.99,"u":"4,46 €/KG","img":"https://fd1-photos.leclercdrive.fr/image.ashx?id=2699822&use=l&cat=p&typeid=i","cat":319792},{"id":58704,"n":"Haché à cuisiner Charal Pur Bœuf 15%MG - 400g","p":5.88,"u":"14,70 €/KG","img":"https://fd1-photos.leclercdrive.fr/image.ashx?id=2741934&use=l&cat=p&typeid=i","cat":319779},{"id":58740,"n":"Haché à cuisiner Charal Happy Family - 600g","p":7.65,"u":"12,75 €/KG","img":"https://fd1-photos.leclercdrive.fr/image.ashx?id=2977330&use=l&cat=p&typeid=i","cat":319779},{"id":58826,"n":"Viande hachée 5% MG Férial 500g","p":8.09,"u":"16,18 €/KG","img":"https://fd1-photos.leclercdrive.fr/image.ashx?id=2903995&use=l&cat=p&typeid=i","cat":284332},{"id":58921,"n":"AOP Champagne Marie Stuart  Brut, cuvée de la reine - 75cl","p":21.0,"u":"28,00 €/L","img":"https://fd1-photos.leclercdrive.fr/image.ashx?id=1557811&use=l&cat=p&typeid=i","cat":284542},{"id":58939,"n":"Yaourt à boire Actimel fraise - 12x100g","p":4.14,"u":"3,45 €/KG","img":"https://fd1-photos.leclercdrive.fr/image.ashx?id=2996458&use=l&cat=p&typeid=i","cat":284415},{"id":58944,"n":"Yaourts à boire Actimel Nature - 12x100g","p":4.03,"u":"3,36 €/KG","img":"https://fd1-photos.leclercdrive.fr/image.ashx?id=2996461&use=l&cat=p&typeid=i","cat":284415},{"id":58946,"n":"Yaourts à boire Actimel Multifruits - 8x100g","p":3.43,"u":"4,29 €/KG","img":"https://fd1-photos.leclercdrive.fr/image.ashx?id=2996464&use=l&cat=p&typeid=i","cat":284415},{"id":58950,"n":"Yaourts à boire Actimel nature 0%mg - 8x100g","p":3.49,"u":"4,36 €/KG","img":"https://fd1-photos.leclercdrive.fr/image.ashx?id=2996470&use=l&cat=p&typeid=i","cat":284415},{"id":58952,"n":"Yaourts à boire Actimel framboise fruit rouge - 12x100g","p":4.77,"u":"3,98 €/KG","img":"https://fd1-photos.leclercdrive.fr/image.ashx?id=2996476&use=l&cat=p&typeid=i","cat":284415},{"id":59025,"n":"Pur beurre cacahuète Jardin Bio Bio - 350g","p":3.9,"u":"11,14 €/KG","img":"https://fd1-photos.leclercdrive.fr/image.ashx?id=3000312&use=l&cat=p&typeid=i","cat":284481},{"id":59027,"n":"Dessert fruitier bio Jardin Bio Pomme nature - 680g","p":3.07,"u":"4,51 €/KG","img":"https://fd1-photos.leclercdrive.fr/image.ashx?id=2999297&use=l&cat=p&typeid=i","cat":284508},{"id":59038,"n":"Café moulu L'Or Intense 100% Arabica - 2x250g","p":8.67,"u":"17,34 €/KG","img":"https://fd1-photos.leclercdrive.fr/image.ashx?id=2020062&use=l&cat=p&typeid=i","cat":284750},{"id":59041,"n":"Céréales Extra Kellogg's Chocolat au lait - 800g","p":4.88,"u":"6,10 €/KG","img":"https://fd1-photos.leclercdrive.fr/image.ashx?id=2694941&use=l&cat=p&typeid=i","cat":309512},{"id":59235,"n":"Café dosettes Tassimo L'Or Café Long Classique x24","p":6.62,"u":"42,44 €/KG","img":"https://fd1-photos.leclercdrive.fr/image.ashx?id=2100356&use=l&cat=p&typeid=i","cat":293240},{"id":59242,"n":"Gourde bébé Babybio Bio 6 mois Abricot/banane/pomme - 360g","p":3.26,"u":"9,06 €/KG","img":"https://fd1-photos.leclercdrive.fr/image.ashx?id=2850548&use=l&cat=p&typeid=i","cat":312393},{"id":59249,"n":"Huile de coco Jardin Bio Bio - 200ml","p":3.76,"u":"18,80 €/L","img":"https://fd1-photos.leclercdrive.fr/image.ashx?id=2790135&use=l&cat=p&typeid=i","cat":284453},{"id":59251,"n":"Ravioli Jardin Bio  Bio légumes - 250g","p":2.49,"u":"9,96 €/KG","img":"https://fd1-photos.leclercdrive.fr/image.ashx?id=2535568&use=l&cat=p&typeid=i","cat":287600},{"id":59252,"n":"Café dosettes Tassimo Maxwell House - caramel x8","p":5.99,"u":"22,35 €/KG","img":"https://fd1-photos.leclercdrive.fr/image.ashx?id=2100254&use=l&cat=p&typeid=i","cat":293240},{"id":59253,"n":"Café dosettes Tassimo L'Or Petit Déjeuner Classique x24","p":7.36,"u":"36,98 €/KG","img":"https://fd1-photos.leclercdrive.fr/image.ashx?id=2100365&use=l&cat=p&typeid=i","cat":293240},{"id":59257,"n":"Café dosettes Tassimo Grand-mère - petit déjeuner x16","p":3.51,"u":"26,39 €/KG","img":"https://fd1-photos.leclercdrive.fr/image.ashx?id=2100359&use=l&cat=p&typeid=i","cat":293240},{"id":59271,"n":"Sauce tomate cuisinée Panzani Ail et oignon - 500g","p":1.63,"u":"3,26 €/KG","img":"https://fd1-photos.leclercdrive.fr/image.ashx?id=2884303&use=l&cat=p&typeid=i","cat":288384},{"id":59277,"n":"Bonbons acidulés têtes brûlées Fraise/framboise-kitache-135g","p":1.95,"u":"14,44 €/KG","img":"https://fd1-photos.leclercdrive.fr/image.ashx?id=3008650&use=l&cat=p&typeid=i","cat":304250},{"id":59284,"n":"Maoam Mixx Haribo Sachet bonbons - 250g","p":1.94,"u":"7,76 €/KG","img":"https://fd1-photos.leclercdrive.fr/image.ashx?id=2876956&use=l&cat=p&typeid=i","cat":304250},{"id":59285,"n":"Chewing-gum sans sucre Airwaves Menthol Extrême 5x10 - 70g","p":2.45,"u":"35,00 €/KG","img":"https://fd1-photos.leclercdrive.fr/image.ashx?id=2024399&use=l&cat=p&typeid=i","cat":304251},{"id":59287,"n":"Cornichons Rustica 6 épices - 360g","p":2.29,"u":"6,36 €/KG","img":"https://fd1-photos.leclercdrive.fr/image.ashx?id=2916710&use=l&cat=p&typeid=i","cat":284458},{"id":59288,"n":"IGP Gros sel - Le Guérandais Sachet - 800g","p":1.33,"u":"1,66 €/KG","img":"https://fd1-photos.leclercdrive.fr/image.ashx?id=2458622&use=l&cat=p&typeid=i","cat":284457},{"id":59291,"n":"Sauce bolognaise Bio Village  Bio - 350g","p":1.69,"u":"4,83 €/KG","img":"https://fd1-photos.leclercdrive.fr/image.ashx?id=2753381&use=l&cat=p&typeid=i","cat":287599},{"id":59293,"n":"Sauce provençale Bio Village  Bio - 350g","p":1.63,"u":"4,66 €/KG","img":"https://fd1-photos.leclercdrive.fr/image.ashx?id=2712995&use=l&cat=p&typeid=i","cat":287599},{"id":59296,"n":"Sauce tomate Bio Village  Basilic bio - 350g","p":1.63,"u":"4,66 €/KG","img":"https://fd1-photos.leclercdrive.fr/image.ashx?id=2696289&use=l&cat=p&typeid=i","cat":287599},{"id":59299,"n":"Bonbons KINDER Schoko-Bons Chocolat au lait - 225G","p":3.52,"u":"15,64 €/KG","img":"https://fd1-photos.leclercdrive.fr/image.ashx?id=2679633&use=l&cat=p&typeid=i","cat":304238},{"id":59305,"n":"Sauce American Burger Heinz - 230g","p":1.74,"u":"7,57 €/KG","img":"https://fd1-photos.leclercdrive.fr/image.ashx?id=2973354&use=l&cat=p&typeid=i","cat":318431},{"id":59307,"n":"Miami Pik Haribo Sachet bonbons acidulés - 200g","p":1.47,"u":"7,35 €/KG","img":"https://fd1-photos.leclercdrive.fr/image.ashx?id=2984895&use=l&cat=p&typeid=i","cat":304250},{"id":59311,"n":"Olives Apéro Tramier  À l'Ail 150g","p":2.39,"u":"15,93 €/KG","img":"https://fd1-photos.leclercdrive.fr/image.ashx?id=2639299&use=l&cat=p&typeid=i","cat":284458},{"id":59314,"n":"Huile d'Olive Tramier  Vierge Extra Biologique 75cl","p":8.99,"u":"11,99 €/L","img":"https://fd1-photos.leclercdrive.fr/image.ashx?id=2803916&use=l&cat=p&typeid=i","cat":284453},{"id":59336,"n":"Barquette chien Cesar Terrine poulet - 300g","p":1.63,"u":"5,43 €/KG","img":"https://fd1-photos.leclercdrive.fr/image.ashx?id=2091323&use=l&cat=p&typeid=i","cat":284673},{"id":59339,"n":"Barquette chien sénior Cesar Terrine en gelée - 4x150g","p":3.94,"u":"6,57 €/KG","img":"https://fd1-photos.leclercdrive.fr/image.ashx?id=2091320&use=l&cat=p&typeid=i","cat":284673},{"id":59340,"n":"Barquette chien Cesar Terrine cœur légumes - 4x150g","p":4.02,"u":"6,70 €/KG","img":"https://fd1-photos.leclercdrive.fr/image.ashx?id=2091317&use=l&cat=p&typeid=i","cat":284673},{"id":59341,"n":"Barquette chien Cesar Terrine du jardin - 4x150g","p":3.64,"u":"6,07 €/KG","img":"https://fd1-photos.leclercdrive.fr/image.ashx?id=2091314&use=l&cat=p&typeid=i","cat":284673},{"id":59344,"n":"Barquette chien Cesar Terrine du jardin - 4x300g","p":6.64,"u":"5,53 €/KG","img":"https://fd1-photos.leclercdrive.fr/image.ashx?id=2091308&use=l&cat=p&typeid=i","cat":284673},{"id":59345,"n":"Rigatoni Tradizioni d'Italia N°124 - 500g","p":1.69,"u":"3,38 €/KG","img":"https://fd1-photos.leclercdrive.fr/image.ashx?id=2657325&use=l&cat=p&typeid=i","cat":284427},{"id":59398,"n":"Café moulu L'Or Intense 100% Arabica - 3x250g","p":13.9,"u":"18,53 €/KG","img":"https://fd1-photos.leclercdrive.fr/image.ashx?id=2802377&use=l&cat=p&typeid=i","cat":284750},{"id":59499,"n":"Bière Chouffe Blonde 75cl","p":4.79,"u":"6,39 €/L","img":"https://fd1-photos.leclercdrive.fr/image.ashx?id=2959199&use=l&cat=p&typeid=i","cat":334872},{"id":59539,"n":"Pêches Douceur du Verger Sirop léger - 230 g","p":1.26,"u":"5,48 €/KG","img":"https://fd1-photos.leclercdrive.fr/image.ashx?id=2666468&use=l&cat=p&typeid=i","cat":284507},{"id":59553,"n":"Croustilles  Belin  Emmental - 138g","p":1.19,"u":"8,62 €/KG","img":"https://fd1-photos.leclercdrive.fr/image.ashx?id=3002267&use=l&cat=p&typeid=i","cat":284449},{"id":59556,"n":"Croustilles Belin Cacahuète - 138g","p":1.33,"u":"9,64 €/KG","img":"https://fd1-photos.leclercdrive.fr/image.ashx?id=3002270&use=l&cat=p&typeid=i","cat":284449},{"id":59563,"n":"Galette de maïs GERBLE Chocolat au lait - 124g","p":1.71,"u":"13,79 €/KG","img":"https://fd1-photos.leclercdrive.fr/image.ashx?id=2664034&use=l&cat=p&typeid=i","cat":318651},{"id":59564,"n":"Galette riz chocolat Gerblé   Chocolat noir - 130,4g","p":1.7,"u":"13,08 €/KG","img":"https://fd1-photos.leclercdrive.fr/image.ashx?id=2664037&use=l&cat=p&typeid=i","cat":318651},{"id":59565,"n":"Pâte à tartiner Nustikao 1kg","p":4.25,"u":"4,25 €/KG","img":"https://fd1-photos.leclercdrive.fr/image.ashx?id=2958041&use=l&cat=p&typeid=i","cat":284481},{"id":59586,"n":"Boisson énergisante Dark Dog Bouteille - 1L","p":2.67,"u":"2,67 €/L","img":"https://fd1-photos.leclercdrive.fr/image.ashx?id=2678269&use=l&cat=p&typeid=i","cat":284533},{"id":59591,"n":"Boisson base vodka Eristoff Black 18° - 70cl","p":12.9,"u":"18,43 €/L","img":"https://fd1-photos.leclercdrive.fr/image.ashx?id=2842882&use=l&cat=p&typeid=i","cat":284550},{"id":59601,"n":"Bière blonde 3 Monts 6x33cl","p":7.87,"u":"3,97 €/L","img":"https://fd1-photos.leclercdrive.fr/image.ashx?id=2548189&use=l&cat=p&typeid=i","cat":334852},{"id":59608,"n":"Crémant d'Alsace P. Mittnacht Brut AOC - 75cl","p":7.05,"u":"9,40 €/L","img":"https://fd1-photos.leclercdrive.fr/image.ashx?id=1758202&use=l&cat=p&typeid=i","cat":284545},{"id":59609,"n":"Cinzano Spritz  6,7%vol - 75cl","p":7.29,"u":"9,72 €/L","img":"https://fd1-photos.leclercdrive.fr/image.ashx?id=2998919&use=l&cat=p&typeid=i","cat":284913},{"id":59618,"n":"Soupe Knorr Tomates/mozza - 1L","p":2.7,"u":"2,70 €/L","img":"https://fd1-photos.leclercdrive.fr/image.ashx?id=2408258&use=l&cat=p&typeid=i","cat":284462},{"id":59655,"n":"Dentifrice Email Diamant Rouge - 75ml","p":3.95,"u":"52,67 €/L","img":"https://fd1-photos.leclercdrive.fr/image.ashx?id=1781297&use=l&cat=p&typeid=i","cat":284612},{"id":59676,"n":"Biscuits Mini BN  Goûter à la fraise - 350g","p":1.97,"u":"5,63 €/KG","img":"https://fd1-photos.leclercdrive.fr/image.ashx?id=2748215&use=l&cat=p&typeid=i","cat":284489},{"id":59687,"n":"Sardines Connetable Olive/citron - 135g","p":2.6,"u":"19,26 €/KG","img":"https://fd1-photos.leclercdrive.fr/image.ashx?id=2618951&use=l&cat=p&typeid=i","cat":305146},{"id":59688,"n":"Sardines Connetable Olive/piment d'espelette - 135g","p":2.79,"u":"20,67 €/KG","img":"https://fd1-photos.leclercdrive.fr/image.ashx?id=2990505&use=l&cat=p&typeid=i","cat":305146},{"id":59695,"n":"Yaourt à la grecque YAOS Vanille - 4x125g","p":2.77,"u":"5,54 €/KG","img":"https://fd1-photos.leclercdrive.fr/image.ashx?id=3007972&use=l&cat=p&typeid=i","cat":314999},{"id":59714,"n":"Cacahuètes Tokapi  Grillées à sec - 200g","p":0.78,"u":"3,90 €/KG","img":"https://fd1-photos.leclercdrive.fr/image.ashx?id=2799781&use=l&cat=p&typeid=i","cat":284448},{"id":59717,"n":"Saucisse grillée Purée pomme de terre La Cuisine d'Océane 300g","p":2.74,"u":"9,13 €/KG","img":"https://fd1-photos.leclercdrive.fr/image.ashx?id=2962338&use=l&cat=p&typeid=i","cat":284953},{"id":59718,"n":"Saumon tagliatelles D'Aucy Micro-ondes - 300g","p":2.83,"u":"9,43 €/KG","img":"https://fd1-photos.leclercdrive.fr/image.ashx?id=2117168&use=l&cat=p&typeid=i","cat":284953},{"id":59722,"n":"Crème légère semi-épaisse  Bridélice 18%mg - 3x20cl","p":2.6,"u":"4,33 €/L","img":"https://fd1-photos.leclercdrive.fr/image.ashx?id=2904733&use=l&cat=p&typeid=i","cat":284381},{"id":59760,"n":"Lingettes liniment Biolane Oleo calcaire - x64","p":3.47,"img":"https://fd1-photos.leclercdrive.fr/image.ashx?id=2875378&use=l&cat=p&typeid=i","cat":284738},{"id":59761,"n":"Lingettes Lotus Baby Peau nette - x64","p":1.88,"u":"0,03 €/P","img":"https://fd1-photos.leclercdrive.fr/image.ashx?id=2904431&use=l&cat=p&typeid=i","cat":284738},{"id":59773,"n":"Huile précieuse Gliss Ultimate Repair Schwarzkopf - 75ml","p":6.59,"u":"87,87 €/L","img":"https://fd1-photos.leclercdrive.fr/image.ashx?id=2431950&use=l&cat=p&typeid=i","cat":284608},{"id":59774,"n":"Sérum physiologique Biolane 30x5ml","p":3.66,"u":"24,40 €/L","img":"https://fd1-photos.leclercdrive.fr/image.ashx?id=2733232&use=l&cat=p&typeid=i","cat":284741},{"id":59832,"n":"Secret de crème Président Semi-épaisse 25%mg - 3x20cl","p":4.14,"u":"6,90 €/L","img":"https://fd1-photos.leclercdrive.fr/image.ashx?id=2699861&use=l&cat=p&typeid=i","cat":284381},{"id":59952,"n":"Cocotte ovale Pyrex  En verre - 5.8L","p":22.98,"img":"https://fd1-photos.leclercdrive.fr/image.ashx?id=2576910&use=l&cat=p&typeid=i","cat":298490},{"id":60000,"n":"Biscuits Karelea Palmier - 100g","p":2.36,"u":"23,60 €/KG","img":"https://fd1-photos.leclercdrive.fr/image.ashx?id=2896357&use=l&cat=p&typeid=i","cat":284487},{"id":60015,"n":"Pancakes Pasquier x10 - 350g","p":1.98,"u":"5,66 €/KG","img":"https://fd1-photos.leclercdrive.fr/image.ashx?id=2688878&use=l&cat=p&typeid=i","cat":284495},{"id":60029,"n":"Brioche Harrys Mini Tressée Nature au sucre perlé - 210g","p":1.98,"u":"9,43 €/KG","img":"https://fd1-photos.leclercdrive.fr/image.ashx?id=2667742&use=l&cat=p&typeid=i","cat":284478},{"id":60051,"n":"Gâteaux Lulu L'Ourson Fraise - 150g","p":1.42,"u":"9,47 €/KG","img":"https://fd1-photos.leclercdrive.fr/image.ashx?id=3008050&use=l&cat=p&typeid=i","cat":284495},{"id":60053,"n":"Végétal Falafels Garden Gourmet Pois chiches 190g","p":3.5,"u":"18,42 €/KG","img":"https://fd1-photos.leclercdrive.fr/image.ashx?id=2988686&use=l&cat=p&typeid=i","cat":316036},{"id":60060,"n":"AOC Pinot Gris Vin blanc A. Schoech cuvée Prestige- 75cl","p":9.15,"u":"12,20 €/L","img":"https://fd1-photos.leclercdrive.fr/image.ashx?id=2332213&use=l&cat=p&typeid=i","cat":289557},{"id":60068,"n":"Pavé Gourmand Garden Gourmet Courgettes Fromage 180g","p":3.39,"u":"18,83 €/KG","img":"https://fd1-photos.leclercdrive.fr/image.ashx?id=2973294&use=l&cat=p&typeid=i","cat":316036},{"id":60118,"n":"Ratatouille niçoise D'aucy  750g","p":2.06,"u":"2,75 €/KG","img":"https://fd1-photos.leclercdrive.fr/image.ashx?id=2665904&use=l&cat=p&typeid=i","cat":312612},{"id":60120,"n":"Yaourts Lait de chèvre Vrai Bio Nature - 2x125g","p":1.48,"u":"5,92 €/KG","img":"https://fd1-photos.leclercdrive.fr/image.ashx?id=2516284&use=l&cat=p&typeid=i","cat":314998},{"id":60121,"n":"Compote Charles & Alice Bio Pommes Rhubarbe - 4x95g","p":2.22,"u":"5,84 €/KG","img":"https://fd1-photos.leclercdrive.fr/image.ashx?id=2757662&use=l&cat=p&typeid=i","cat":284416},{"id":60127,"n":"Pruneaux d'Agen dénoyautés Bio Maître Prunille IGP - 250g","p":5.53,"u":"22,12 €/KG","img":"https://fd1-photos.leclercdrive.fr/image.ashx?id=2090210&use=l&cat=p&typeid=i","cat":284357},{"id":60138,"n":"Bûche de chèvre Bio Soignon 180g","p":3.19,"u":"17,72 €/KG","img":"https://fd1-photos.leclercdrive.fr/image.ashx?id=2676741&use=l&cat=p&typeid=i","cat":314031},{"id":60140,"n":"Falafels Céréal Bio  Pois chiches épinards Bio- 180g","p":2.82,"u":"15,67 €/KG","img":"https://fd1-photos.leclercdrive.fr/image.ashx?id=2657430&use=l&cat=p&typeid=i","cat":316036},{"id":60150,"n":"Fromage l'Ortolan Bio Fromagerie Milleret - 250g","p":3.04,"u":"12,16 €/KG","img":"https://fd1-photos.leclercdrive.fr/image.ashx?id=2732866&use=l&cat=p&typeid=i","cat":314033},{"id":60151,"n":"Cordon bleu Nature de France  Emmental Bio - 200g","p":5.52,"u":"27,60 €/KG","img":"https://fd1-photos.leclercdrive.fr/image.ashx?id=2967827&use=l&cat=p&typeid=i","cat":333683},{"id":60165,"n":"Boisson végétale Alpro noisette - 1l","p":2.19,"u":"2,19 €/L","img":"https://fd1-photos.leclercdrive.fr/image.ashx?id=2849602&use=l&cat=p&typeid=i","cat":316067},{"id":60171,"n":"boisson végétale lait d'amande grillée alpro -1l","p":2.1,"u":"2,10 €/L","img":"https://fd1-photos.leclercdrive.fr/image.ashx?id=2988671&use=l&cat=p&typeid=i","cat":316067},{"id":60174,"n":"Madeleine Bonne Maman  Chocolat au lait x10 - 300g","p":3.48,"u":"11,60 €/KG","img":"https://fd1-photos.leclercdrive.fr/image.ashx?id=2949940&use=l&cat=p&typeid=i","cat":284492},{"id":60175,"n":"Madeleines St Michel  Oeuf en plein air - 1kg","p":4.04,"u":"4,04 €/KG","img":"https://fd1-photos.leclercdrive.fr/image.ashx?id=2936194&use=l&cat=p&typeid=i","cat":284492},{"id":60189,"n":"Thé glacé Lisbeth Pêche - 6x1,25L","p":7.2,"pp":5.4,"u":"0,72 €/L","img":"https://fd1-photos.leclercdrive.fr/image.ashx?id=2838625&use=l&cat=p&typeid=i","cat":295019},{"id":60192,"n":"Pancakes Le Ster  x8 - 280g","p":2.26,"u":"8,07 €/KG","img":"https://fd1-photos.leclercdrive.fr/image.ashx?id=2827215&use=l&cat=p&typeid=i","cat":284495},{"id":60258,"n":"AOP Côteaux Varois en Provence Rosé Estandon Lumière - 75cl","p":7.44,"u":"9,92 €/L","img":"https://fd1-photos.leclercdrive.fr/image.ashx?id=2889460&use=l&cat=p&typeid=i","cat":289558},{"id":60288,"n":"Spaetzle aux oeufs Alb Gold 400g","p":3.4,"u":"8,50 €/KG","img":"https://fd1-photos.leclercdrive.fr/image.ashx?id=1747880&use=l&cat=p&typeid=i","cat":333682},{"id":60289,"n":"IGP Pays d'Oc rosé Syrah by Haussmann - 75cl","p":4.05,"u":"5,40 €/L","img":"https://fd1-photos.leclercdrive.fr/image.ashx?id=2478324&use=l&cat=p&typeid=i","cat":289558},{"id":60291,"n":"IGP Vin Rouge Pays d'Oc By Haussmann - 75cl","p":3.84,"u":"5,12 €/L","img":"https://fd1-photos.leclercdrive.fr/image.ashx?id=2107603&use=l&cat=p&typeid=i","cat":289556},{"id":60293,"n":"IGP Pays d'Oc Merlot Vin rouge By Haussmann - 75cl","p":3.56,"u":"4,75 €/L","img":"https://fd1-photos.leclercdrive.fr/image.ashx?id=2478321&use=l&cat=p&typeid=i","cat":289556},{"id":60382,"n":"Soin de jour L'Oréal Paris Age Perfect anti-rides - 50ml","p":11.97,"pp":7.9,"u":"158,00 €/L","img":"https://fd1-photos.leclercdrive.fr/image.ashx?id=2860355&use=l&cat=p&typeid=i","cat":325345},{"id":60537,"n":"Purée surgelé  Bonduelle 4 saveurs  - 780g","p":2.98,"u":"3,82 €/KG","img":"https://fd1-photos.leclercdrive.fr/image.ashx?id=2996518&use=l&cat=p&typeid=i","cat":319805},{"id":60539,"n":"Purée delice Bonduelle  Courgette Céleri Brocoli - 780g","p":3.13,"u":"4,01 €/KG","img":"https://fd1-photos.leclercdrive.fr/image.ashx?id=2910043&use=l&cat=p&typeid=i","cat":319805},{"id":60587,"n":"Bûche de chèvre Président 180g","p":2.01,"u":"11,17 €/KG","img":"https://fd1-photos.leclercdrive.fr/image.ashx?id=2454088&use=l&cat=p&typeid=i","cat":314031},{"id":60588,"n":"Emmental Président 250g","p":2.84,"u":"11,36 €/KG","img":"https://fd1-photos.leclercdrive.fr/image.ashx?id=2752942&use=l&cat=p&typeid=i","cat":314034},{"id":60637,"n":"Matière grasse St Hubert 41 à tartiner - 38% MG - 500g","p":3.46,"u":"6,92 €/KG","img":"https://fd1-photos.leclercdrive.fr/image.ashx?id=2734147&use=l&cat=p&typeid=i","cat":315229},{"id":60656,"n":"Pâtes Alpina Savoie Coquillettes bio - 500g","p":1.59,"u":"3,18 €/KG","img":"https://fd1-photos.leclercdrive.fr/image.ashx?id=2844557&use=l&cat=p&typeid=i","cat":284427},{"id":60736,"n":"Lait Lactel BIO 1/2 écrémé  Bouteille - 1L","p":1.89,"u":"1,89 €/L","img":"https://fd1-photos.leclercdrive.fr/image.ashx?id=2859290&use=l&cat=p&typeid=i","cat":284377},{"id":60774,"n":"Bière blonde Leffe 6,6% - 6x25cl","p":4.97,"u":"3,31 €/L","img":"https://fd1-photos.leclercdrive.fr/image.ashx?id=2995421&use=l&cat=p&typeid=i","cat":334852},{"id":60775,"n":"Dés de jambon Herta  2x75g","p":2.18,"u":"14,53 €/KG","img":"https://fd1-photos.leclercdrive.fr/image.ashx?id=2877133&use=l&cat=p&typeid=i","cat":316011},{"id":60777,"n":"Brique de brebis Lou Pérac Fromage de brebis - 150g","p":2.94,"u":"19,60 €/KG","img":"https://fd1-photos.leclercdrive.fr/image.ashx?id=2785154&use=l&cat=p&typeid=i","cat":314031},{"id":60778,"n":"Tranche Salakis Fromage de brebis - 200g","p":2.69,"u":"13,45 €/KG","img":"https://fd1-photos.leclercdrive.fr/image.ashx?id=2729710&use=l&cat=p&typeid=i","cat":314026},{"id":60831,"n":"Jus de citron vert Baltic 20cl","p":0.97,"u":"4,85 €/L","img":"https://fd1-photos.leclercdrive.fr/image.ashx?id=2469133&use=l&cat=p&typeid=i","cat":288383},{"id":60886,"n":"Mozzarella Galbani 125g","p":0.99,"u":"7,92 €/KG","img":"https://fd1-photos.leclercdrive.fr/image.ashx?id=2765381&use=l&cat=p&typeid=i","cat":314026},{"id":60890,"n":"Chaussée aux moines 340g","p":2.98,"u":"8,76 €/KG","img":"https://fd1-photos.leclercdrive.fr/image.ashx?id=2830030&use=l&cat=p&typeid=i","cat":329184},{"id":60891,"n":"Camembert Président 250g","p":1.78,"u":"7,12 €/KG","img":"https://fd1-photos.leclercdrive.fr/image.ashx?id=2878873&use=l&cat=p&typeid=i","cat":314033},{"id":60892,"n":"Emmental râpé fondant Président 200g","p":2.04,"u":"10,20 €/KG","img":"https://fd1-photos.leclercdrive.fr/image.ashx?id=2488455&use=l&cat=p&typeid=i","cat":314035},{"id":60893,"n":"Brique fondante Président Fondante - 200g","p":2.43,"u":"12,15 €/KG","img":"https://fd1-photos.leclercdrive.fr/image.ashx?id=2652840&use=l&cat=p&typeid=i","cat":314033},{"id":60930,"n":"Thé Earl Grey Twinings x25 sachets - 50g","p":2.1,"u":"42,00 €/KG","img":"https://fd1-photos.leclercdrive.fr/image.ashx?id=2889817&use=l&cat=p&typeid=i","cat":293233},{"id":60931,"n":"Thé Ceylan Scotland Twinings x20 - 40g","p":2.51,"u":"62,75 €/KG","img":"https://fd1-photos.leclercdrive.fr/image.ashx?id=2893024&use=l&cat=p&typeid=i","cat":293233},{"id":60957,"n":"Boisson énergisante Red Bull Goût Myrtille, 250ml","p":1.18,"u":"4,72 €/L","img":"https://fd1-photos.leclercdrive.fr/image.ashx?id=2174528&use=l&cat=p&typeid=i","cat":284533},{"id":60978,"n":"Roquefort AOP Société Fromage de brebis - 150g","p":2.92,"u":"19,47 €/KG","img":"https://fd1-photos.leclercdrive.fr/image.ashx?id=2729713&use=l&cat=p&typeid=i","cat":314032},{"id":61142,"n":"Rouleau Râpe Velvet Smooth Extra Exfoliant - x2","p":13.99,"img":"https://fd1-photos.leclercdrive.fr/image.ashx?id=2226487&use=l&cat=p&typeid=i","cat":325354},{"id":61166,"n":"Mousse Maronsui's La Laitière Crème de marrons 8x68,8g","p":3.4,"u":"6,18 €/KG","img":"https://fd1-photos.leclercdrive.fr/image.ashx?id=3010969&use=l&cat=p&typeid=i","cat":284417},{"id":61169,"n":"Petit suisse NESQUIK Chocolat 6x60g","p":1.58,"u":"4,39 €/KG","img":"https://fd1-photos.leclercdrive.fr/image.ashx?id=3007933&use=l&cat=p&typeid=i","cat":284414},{"id":61293,"n":"Boisson Jafaden Orange carotte citron - 1L","p":1.89,"u":"1,89 €/L","img":"https://fd1-photos.leclercdrive.fr/image.ashx?id=2956753&use=l&cat=p&typeid=i","cat":284917},{"id":61596,"n":"Sauce au poivre Rustica Pot - 245g","p":1.13,"u":"4,61 €/KG","img":"https://fd1-photos.leclercdrive.fr/image.ashx?id=2954373&use=l&cat=p&typeid=i","cat":318430},{"id":61597,"n":"Sauce bourguignonne Rustica Pot - 250g","p":1.0,"u":"4,00 €/KG","img":"https://fd1-photos.leclercdrive.fr/image.ashx?id=2954376&use=l&cat=p&typeid=i","cat":318430},{"id":61605,"n":"Sauce barbecue Rustica Flacon souple - 280g","p":1.39,"u":"4,96 €/KG","img":"https://fd1-photos.leclercdrive.fr/image.ashx?id=2559704&use=l&cat=p&typeid=i","cat":318431},{"id":61609,"n":"Sauce Aïoli Bénédicta - 260g","p":1.42,"u":"5,46 €/KG","img":"https://fd1-photos.leclercdrive.fr/image.ashx?id=2689934&use=l&cat=p&typeid=i","cat":318430},{"id":61613,"n":"Sauce Pommes frites  Amora 448g","p":2.2,"u":"4,91 €/KG","img":"https://fd1-photos.leclercdrive.fr/image.ashx?id=2738227&use=l&cat=p&typeid=i","cat":318431},{"id":61626,"n":"Cocktail Douceur du Verger 4 fruits - Sirop léger - 250 g","p":1.5,"u":"6,00 €/KG","img":"https://fd1-photos.leclercdrive.fr/image.ashx?id=2783026&use=l&cat=p&typeid=i","cat":284507},{"id":61628,"n":"Fruits au sirop St Mamet Pêches - 245g","p":1.86,"u":"7,59 €/KG","img":"https://fd1-photos.leclercdrive.fr/image.ashx?id=2628428&use=l&cat=p&typeid=i","cat":284507},{"id":61631,"n":"Cocktail Douceur du Verger 4 fruits - Sirop léger- 500g","p":1.99,"u":"3,98 €/KG","img":"https://fd1-photos.leclercdrive.fr/image.ashx?id=2531298&use=l&cat=p&typeid=i","cat":284507},{"id":61634,"n":"Poires Douceur du Verger Sirop léger - 455 g","p":1.95,"u":"4,29 €/KG","img":"https://fd1-photos.leclercdrive.fr/image.ashx?id=2783020&use=l&cat=p&typeid=i","cat":284507},{"id":61638,"n":"Lentilles Préparées Cassegrain Tendres et Fondantes 460g","p":2.44,"u":"5,30 €/KG","img":"https://fd1-photos.leclercdrive.fr/image.ashx?id=3011047&use=l&cat=p&typeid=i","cat":312609},{"id":61641,"n":"Sirop d'érable Le Québécois Bio - 189ml","p":4.89,"u":"25,87 €/L","img":"https://fd1-photos.leclercdrive.fr/image.ashx?id=1601087&use=l&cat=p&typeid=i","cat":287643},{"id":61697,"n":"Eponges Spontex Multicolore - x3","p":1.48,"u":"0,49 €/P","img":"https://fd1-photos.leclercdrive.fr/image.ashx?id=2972847&use=l&cat=p&typeid=i","cat":284667},{"id":61704,"n":"Burger La Fournée Dorée Sésame x4 -250g","p":1.88,"u":"7,52 €/KG","img":"https://fd1-photos.leclercdrive.fr/image.ashx?id=2735275&use=l&cat=p&typeid=i","cat":325067},{"id":61728,"n":"Tartelettes apéritives Kauffer's x36 - 500g","p":5.33,"u":"10,66 €/KG","img":"https://fd1-photos.leclercdrive.fr/image.ashx?id=1657834&use=l&cat=p&typeid=i","cat":319774},{"id":61874,"n":"Gel shampooing douche Fa Men Perfect wave flacon - 250ml","p":1.67,"u":"6,68 €/L","img":"https://fd1-photos.leclercdrive.fr/image.ashx?id=2995091&use=l&cat=p&typeid=i","cat":284619},{"id":61976,"n":"Coeurs de palmiers Bio Village Bio - 250g","p":4.02,"u":"16,08 €/KG","img":"https://fd1-photos.leclercdrive.fr/image.ashx?id=2077463&use=l&cat=p&typeid=i","cat":312611},{"id":62001,"n":"Jus de citron jaune 1L","p":3.12,"u":"3,12 €/L","img":"https://fd1-photos.leclercdrive.fr/image.ashx?id=2656991&use=l&cat=p&typeid=i","cat":288383},{"id":62008,"n":"Sardine Parmentier Herbe - 135g","p":1.68,"u":"12,44 €/KG","img":"https://fd1-photos.leclercdrive.fr/image.ashx?id=3014413&use=l&cat=p&typeid=i","cat":305146},{"id":62042,"n":"Haricots rouges D'aucy  500g","p":2.07,"u":"4,14 €/KG","img":"https://fd1-photos.leclercdrive.fr/image.ashx?id=2491190&use=l&cat=p&typeid=i","cat":312606},{"id":62043,"n":"Lentilles préparées D'aucy  265g","p":0.98,"u":"3,70 €/KG","img":"https://fd1-photos.leclercdrive.fr/image.ashx?id=2560600&use=l&cat=p&typeid=i","cat":312609},{"id":62045,"n":"Haricots verts Jardin Bio étic Bio sans sel - 345g","p":3.97,"u":"11,51 €/KG","img":"https://fd1-photos.leclercdrive.fr/image.ashx?id=2535010&use=l&cat=p&typeid=i","cat":312606},{"id":62050,"n":"Macédoine déjà égouttée D'aucy 265g","p":1.24,"u":"4,68 €/KG","img":"https://fd1-photos.leclercdrive.fr/image.ashx?id=2511601&use=l&cat=p&typeid=i","cat":312612},{"id":62054,"n":"Courgettes Cuisinées Cassegrain à la Provençale 185g","p":2.19,"u":"11,84 €/KG","img":"https://fd1-photos.leclercdrive.fr/image.ashx?id=2913022&use=l&cat=p&typeid=i","cat":312612},{"id":62055,"n":"Aubergines Cuisinées Cassegrain à la Provençale 185g","p":2.34,"u":"12,65 €/KG","img":"https://fd1-photos.leclercdrive.fr/image.ashx?id=2913019&use=l&cat=p&typeid=i","cat":312612},{"id":62057,"n":"Champignons Eco+ Entiers - 230g","p":1.11,"u":"4,83 €/KG","img":"https://fd1-photos.leclercdrive.fr/image.ashx?id=2782999&use=l&cat=p&typeid=i","cat":312610},{"id":62067,"n":"Flageolets Préparés Cassegrain Extra Fins 130g","p":1.11,"u":"8,54 €/KG","img":"https://fd1-photos.leclercdrive.fr/image.ashx?id=2912980&use=l&cat=p&typeid=i","cat":312606},{"id":62083,"n":"Soda Schweppes Saveur Agrumes - 1L","p":1.58,"u":"1,58 €/L","img":"https://fd1-photos.leclercdrive.fr/image.ashx?id=2852414&use=l&cat=p&typeid=i","cat":284532},{"id":62094,"n":"Sauce fajitas Old El Paso à cuisiner doux - 395g","p":2.22,"u":"5,62 €/KG","img":"https://fd1-photos.leclercdrive.fr/image.ashx?id=2950852&use=l&cat=p&typeid=i","cat":288993},{"id":62095,"n":"Chips Tortilla Old El Paso Fajita - 185g","p":2.3,"u":"12,43 €/KG","img":"https://fd1-photos.leclercdrive.fr/image.ashx?id=2444522&use=l&cat=p&typeid=i","cat":288993},{"id":62101,"n":"Miel l'Apiculteur liquide   et savoureux - 500g","p":5.55,"u":"11,10 €/KG","img":"https://fd1-photos.leclercdrive.fr/image.ashx?id=3008077&use=l&cat=p&typeid=i","cat":287643},{"id":62112,"n":"Compotes Pom'Potes Gourdes  Pomme Nature - 12x90g","p":4.89,"u":"4,53 €/KG","img":"https://fd1-photos.leclercdrive.fr/image.ashx?id=3010927&use=l&cat=p&typeid=i","cat":284508},{"id":62120,"n":"Cookies Choco Sensation Milka Chocolat au lait - 312g","p":3.97,"u":"12,72 €/KG","img":"https://fd1-photos.leclercdrive.fr/image.ashx?id=3002279&use=l&cat=p&typeid=i","cat":325066},{"id":62128,"n":"Biscuits fourrés Prince Tout chocolat - 300g","p":1.49,"u":"4,97 €/KG","img":"https://fd1-photos.leclercdrive.fr/image.ashx?id=2528801&use=l&cat=p&typeid=i","cat":284488},{"id":62146,"n":"Brioche La Fournée Dorée Tranchée crème fraiche - 500g","p":2.31,"u":"4,62 €/KG","img":"https://fd1-photos.leclercdrive.fr/image.ashx?id=2415365&use=l&cat=p&typeid=i","cat":284478},{"id":62148,"n":"Brioch'burger La fournée Dorée x4 - 250g","p":1.68,"u":"6,72 €/KG","img":"https://fd1-photos.leclercdrive.fr/image.ashx?id=2765261&use=l&cat=p&typeid=i","cat":325067},{"id":62152,"n":"Graines de chia bio Happy Bio   250g","p":5.22,"u":"20,88 €/KG","img":"https://fd1-photos.leclercdrive.fr/image.ashx?id=2970990&use=l&cat=p&typeid=i","cat":318651},{"id":62162,"n":"Donuts Curly 100g","p":1.15,"u":"11,50 €/KG","img":"https://fd1-photos.leclercdrive.fr/image.ashx?id=2446836&use=l&cat=p&typeid=i","cat":284449},{"id":62169,"n":"Croquettes chiens Purina One Minis chiens - 1.5kg","p":5.59,"u":"3,73 €/KG","img":"https://fd1-photos.leclercdrive.fr/image.ashx?id=2899677&use=l&cat=p&typeid=i","cat":294526},{"id":62226,"n":"Soda Coca-Cola Sans Sucres Bouteille - 1L","p":1.3,"u":"1,30 €/L","img":"https://fd1-photos.leclercdrive.fr/image.ashx?id=2194418&use=l&cat=p&typeid=i","cat":284530},{"id":62238,"n":"Bière blonde Grimbergen Triple d'Abbaye -8° - 6x25cl","p":5.59,"u":"3,73 €/L","img":"https://fd1-photos.leclercdrive.fr/image.ashx?id=2317363&use=l&cat=p&typeid=i","cat":334852},{"id":62246,"n":"Soda au cola Pepsi La bouteille de 1.5L","p":1.17,"u":"0,78 €/L","img":"https://fd1-photos.leclercdrive.fr/image.ashx?id=2896318&use=l&cat=p&typeid=i","cat":284530},{"id":62251,"n":"Soda au cola Pepsi Zéro sucres La bouteille de 1.5L","p":1.13,"u":"0,75 €/L","img":"https://fd1-photos.leclercdrive.fr/image.ashx?id=2683130&use=l&cat=p&typeid=i","cat":284530},{"id":62252,"n":"Soda 7UP Citron et citron vert - 1.5L","p":1.24,"u":"0,83 €/L","img":"https://fd1-photos.leclercdrive.fr/image.ashx?id=2748545&use=l&cat=p&typeid=i","cat":284531},{"id":62266,"n":"Purée Amande Complète Bio Moulin des Moines","p":10.16,"u":"29,03 €/KG","img":"https://fd1-photos.leclercdrive.fr/image.ashx?id=2364219&use=l&cat=p&typeid=i","cat":284504},{"id":62268,"n":"Purée de Sésame Demie Complète  Bio Moulin des Moines","p":4.85,"u":"13,86 €/KG","img":"https://fd1-photos.leclercdrive.fr/image.ashx?id=2460961&use=l&cat=p&typeid=i","cat":284504},{"id":62303,"n":"yaourt fruits bio les 2 vaches brassé framboise - 4x115g","p":2.01,"u":"4,37 €/KG","img":"https://fd1-photos.leclercdrive.fr/image.ashx?id=2571533&use=l&cat=p&typeid=i","cat":284410},{"id":62305,"n":"Yaourt nature Bio village Bio Sucre de canne - 4x125g","p":1.58,"u":"3,16 €/KG","img":"https://fd1-photos.leclercdrive.fr/image.ashx?id=1946889&use=l&cat=p&typeid=i","cat":284409},{"id":62333,"n":"Yaourt brassé Bio les 2 vaches Citron - 4x115g","p":1.98,"u":"4,30 €/KG","img":"https://fd1-photos.leclercdrive.fr/image.ashx?id=2571536&use=l&cat=p&typeid=i","cat":284410},{"id":62335,"n":"yaourt fruits bio les 2 vaches brassé myrtille - 4x115g","p":2.01,"u":"4,37 €/KG","img":"https://fd1-photos.leclercdrive.fr/image.ashx?id=2571530&use=l&cat=p&typeid=i","cat":284410},{"id":62340,"n":"Jus d'oranges pressées Andros 1.5L","p":4.38,"u":"2,92 €/L","img":"https://fd1-photos.leclercdrive.fr/image.ashx?id=2904272&use=l&cat=p&typeid=i","cat":285435},{"id":62359,"n":"Jus d'oranges pressées  Sans pulpe Andros - 1.5L","p":4.37,"u":"2,91 €/L","img":"https://fd1-photos.leclercdrive.fr/image.ashx?id=2876104&use=l&cat=p&typeid=i","cat":285435},{"id":62417,"n":"Jus de pamplemousse rose pressé Andros - 1L","p":3.19,"u":"3,19 €/L","img":"https://fd1-photos.leclercdrive.fr/image.ashx?id=2928423&use=l&cat=p&typeid=i","cat":285435},{"id":62454,"n":"Boisson aux fruits Fruit shoot Multivitamine - 12x20cl","p":4.37,"u":"1,82 €/L","img":"https://fd1-photos.leclercdrive.fr/image.ashx?id=2915733&use=l&cat=p&typeid=i","cat":295018},{"id":62481,"n":"Coton disque Bio Bionaïa x70","p":0.97,"u":"0,01 €/P","img":"https://fd1-photos.leclercdrive.fr/image.ashx?id=2434942&use=l&cat=p&typeid=i","cat":285593},{"id":62482,"n":"Coton-tige Bio Bionaïa x200 bâtonnets ouatés","p":0.86,"img":"https://fd1-photos.leclercdrive.fr/image.ashx?id=2598704&use=l&cat=p&typeid=i","cat":285593},{"id":62496,"n":"Biscuit bébé Blédina 12 mois Petit beurre - 133g","p":2.03,"u":"15,26 €/KG","img":"https://fd1-photos.leclercdrive.fr/image.ashx?id=2974288&use=l&cat=p&typeid=i","cat":312227},{"id":62497,"n":"Biscuit bébé Blédina 12 mois  Petit beurre pépites choco-133g","p":2.14,"u":"16,09 €/KG","img":"https://fd1-photos.leclercdrive.fr/image.ashx?id=2639344&use=l&cat=p&typeid=i","cat":312227},{"id":62555,"n":"Boissons aux fruits Fruit Shoot Tropical - 12x20cl","p":4.37,"u":"1,82 €/L","img":"https://fd1-photos.leclercdrive.fr/image.ashx?id=2915736&use=l&cat=p&typeid=i","cat":295018},{"id":62567,"n":"Papier toilette Mimosa Humide x50","p":1.29,"u":"0,03 €/P","img":"https://fd1-photos.leclercdrive.fr/image.ashx?id=2823126&use=l&cat=p&typeid=i","cat":284634},{"id":62568,"n":"Papier toilette Mimosa Humide douceur x50","p":1.29,"u":"0,03 €/P","img":"https://fd1-photos.leclercdrive.fr/image.ashx?id=3013615&use=l&cat=p&typeid=i","cat":284634},{"id":62571,"n":"Soda à l'orange Orangina 1L","p":1.74,"u":"1,74 €/L","img":"https://fd1-photos.leclercdrive.fr/image.ashx?id=2668413&use=l&cat=p&typeid=i","cat":284532},{"id":62573,"n":"Tonic soda Sprink's Zero - 1.5L","p":0.89,"u":"0,59 €/L","img":"https://fd1-photos.leclercdrive.fr/image.ashx?id=2913745&use=l&cat=p&typeid=i","cat":284531},{"id":62574,"n":"Bière ambrée Grimbergen 6,5° - 6x25cl","p":5.81,"u":"3,87 €/L","img":"https://fd1-photos.leclercdrive.fr/image.ashx?id=2293483&use=l&cat=p&typeid=i","cat":334852},{"id":62575,"n":"Coton disque Inell Rond confort x70","p":0.61,"u":"0,01 €/P","img":"https://fd1-photos.leclercdrive.fr/image.ashx?id=2169171&use=l&cat=p&typeid=i","cat":285593},{"id":62576,"n":"Bière blanche Grimbergen 6° - 6x25cl","p":5.29,"u":"3,53 €/L","img":"https://fd1-photos.leclercdrive.fr/image.ashx?id=2294375&use=l&cat=p&typeid=i","cat":334878},{"id":62579,"n":"Bière blonde Leffe Triple 8,5% - 6x25cl","p":6.08,"u":"24,32 €/L","img":"https://fd1-photos.leclercdrive.fr/image.ashx?id=2548282&use=l&cat=p&typeid=i","cat":334852},{"id":62581,"n":"Bière aromatisée Grimbergen Cerise 5,5° - 6x25cl","p":5.74,"u":"3,83 €/L","img":"https://fd1-photos.leclercdrive.fr/image.ashx?id=2312798&use=l&cat=p&typeid=i","cat":334878},{"id":62614,"n":"Pâte à tartiner Ovomaltine Crunchy - 360g","p":3.25,"u":"9,03 €/KG","img":"https://fd1-photos.leclercdrive.fr/image.ashx?id=2428645&use=l&cat=p&typeid=i","cat":284481},{"id":62619,"n":"Biscuits nappés Pépito Chocolat au lait - 2x192g","p":2.7,"u":"7,03 €/KG","img":"https://fd1-photos.leclercdrive.fr/image.ashx?id=2989444&use=l&cat=p&typeid=i","cat":284488},{"id":62668,"n":"Brosse à dents Sensodyne Extra souple x1","p":2.07,"pp":1.45,"img":"https://fd1-photos.leclercdrive.fr/image.ashx?id=2923633&use=l&cat=p&typeid=i","cat":284614},{"id":62676,"n":"Gel douche bio So Bio Etic  Karité sans sulfate - 650ml","p":5.61,"u":"8,63 €/L","img":"https://fd1-photos.leclercdrive.fr/image.ashx?id=2850593&use=l&cat=p&typeid=i","cat":284594},{"id":62677,"n":"Gel douche bio So Bio Etic Aloe vera sans sulfate 650ml","p":5.66,"u":"8,71 €/L","img":"https://fd1-photos.leclercdrive.fr/image.ashx?id=2850596&use=l&cat=p&typeid=i","cat":284594},{"id":62678,"n":"Crème douche bio So Bio Etic Lait d'anesse - 650ml","p":5.59,"u":"8,60 €/L","img":"https://fd1-photos.leclercdrive.fr/image.ashx?id=2862515&use=l&cat=p&typeid=i","cat":284594},{"id":62681,"n":"Eau de javel Clair Parfum citron - 2L","p":0.98,"u":"0,49 €/L","img":"https://fd1-photos.leclercdrive.fr/image.ashx?id=2949206&use=l&cat=p&typeid=i","cat":284661},{"id":62682,"n":"Javel en gel Clair  Citron vert - 750ml","p":1.18,"u":"1,57 €/L","img":"https://fd1-photos.leclercdrive.fr/image.ashx?id=2843881&use=l&cat=p&typeid=i","cat":284661},{"id":62687,"n":"Spray nasal Primoplast 100% eau de mer - 150ml","p":4.45,"u":"29,67 €/L","img":"https://fd1-photos.leclercdrive.fr/image.ashx?id=2955758&use=l&cat=p&typeid=i","cat":284630},{"id":62697,"n":"Nappe damassée Homeside Blanche - 8m","p":1.61,"img":"https://fd1-photos.leclercdrive.fr/image.ashx?id=1659708&use=l&cat=p&typeid=i","cat":334134},{"id":62726,"n":"Compote bio Bio Village Bocal pomme - 625g","p":2.09,"u":"3,34 €/KG","img":"https://fd1-photos.leclercdrive.fr/image.ashx?id=1948042&use=l&cat=p&typeid=i","cat":284508},{"id":62730,"n":"Fruits au sirop St Mamet Poires williams - 235g","p":1.79,"u":"7,62 €/KG","img":"https://fd1-photos.leclercdrive.fr/image.ashx?id=2630220&use=l&cat=p&typeid=i","cat":284507},{"id":62731,"n":"Abricots Douceur du Verger Sirop léger - 475 g","p":2.42,"u":"5,09 €/KG","img":"https://fd1-photos.leclercdrive.fr/image.ashx?id=2618235&use=l&cat=p&typeid=i","cat":284507},{"id":62733,"n":"Biscuits Choco Moo Milka Chocolat - 200g","p":1.74,"u":"8,70 €/KG","img":"https://fd1-photos.leclercdrive.fr/image.ashx?id=2990994&use=l&cat=p&typeid=i","cat":284488},{"id":62740,"n":"Lait de coco Suzi Wan  Allégé - 200ml","p":1.58,"u":"7,90 €/L","img":"https://fd1-photos.leclercdrive.fr/image.ashx?id=2892922&use=l&cat=p&typeid=i","cat":288992},{"id":62741,"n":"Quinoa/boulgour Bio Village  Bio - 400g","p":2.56,"u":"6,40 €/KG","img":"https://fd1-photos.leclercdrive.fr/image.ashx?id=2518556&use=l&cat=p&typeid=i","cat":284429},{"id":62742,"n":"Gressins sésames bio Bio Village - 125g","p":1.52,"u":"12,16 €/KG","img":"https://fd1-photos.leclercdrive.fr/image.ashx?id=1944640&use=l&cat=p&typeid=i","cat":297000},{"id":62753,"n":"Noix de cajou Bio Village  Bio Grillées - 100g","p":2.1,"u":"21,00 €/KG","img":"https://fd1-photos.leclercdrive.fr/image.ashx?id=2664590&use=l&cat=p&typeid=i","cat":284448},{"id":62858,"n":"Biscuit Nature GERBLE  sans sucres ajoutés - 132g","p":2.07,"u":"15,68 €/KG","img":"https://fd1-photos.leclercdrive.fr/image.ashx?id=2662835&use=l&cat=p&typeid=i","cat":318653},{"id":62875,"n":"Confiture fraise Gerblé Sans sucres ajoutés - 320g","p":2.35,"u":"7,34 €/KG","img":"https://fd1-photos.leclercdrive.fr/image.ashx?id=2676678&use=l&cat=p&typeid=i","cat":318653},{"id":62880,"n":"Moelleux Citron GERBLE   sans sucre - 196g","p":3.22,"u":"16,43 €/KG","img":"https://fd1-photos.leclercdrive.fr/image.ashx?id=2575087&use=l&cat=p&typeid=i","cat":318653},{"id":63284,"n":"AOP Champagne Canard Duchêne Charles VII Brut - 75cl","p":29.5,"pp":26.55,"u":"35,40 €/L","img":"https://fd1-photos.leclercdrive.fr/image.ashx?id=2174390&use=l&cat=p&typeid=i","cat":284542},{"id":63287,"n":"AOP Crémant de Bordeaux Malesan brut - 75cl","p":6.9,"pp":4.55,"u":"6,07 €/L","img":"https://fd1-photos.leclercdrive.fr/image.ashx?id=2497193&use=l&cat=p&typeid=i","cat":284545},{"id":63304,"n":"Pizza Crust Sodebo Classic Jambon Emmental - 600g","p":5.01,"u":"8,35 €/KG","img":"https://fd1-photos.leclercdrive.fr/image.ashx?id=3008254&use=l&cat=p&typeid=i","cat":333679},{"id":63320,"n":"Rhum Vieux Agricole AOC  Martinique 40%vol - 70cl","p":22.78,"u":"32,54 €/L","img":"https://fd1-photos.leclercdrive.fr/image.ashx?id=2731075&use=l&cat=p&typeid=i","cat":284550},{"id":63503,"n":"Fromage Pavé d'Affinois Mini Mix 3 variétés - 160g","p":3.04,"u":"19,00 €/KG","img":"https://fd1-photos.leclercdrive.fr/image.ashx?id=3002066&use=l&cat=p&typeid=i","cat":314030},{"id":63521,"n":"Penne au saumon Marie Crème d'épinard - 280g","p":3.18,"u":"11,36 €/KG","img":"https://fd1-photos.leclercdrive.fr/image.ashx?id=2317519&use=l&cat=p&typeid=i","cat":333665},{"id":63523,"n":"Crousty chicken Le Gaulois Long filet - 400g","p":5.94,"u":"14,85 €/KG","img":"https://fd1-photos.leclercdrive.fr/image.ashx?id=2968214&use=l&cat=p&typeid=i","cat":333684},{"id":63541,"n":"Sauce barbecue Rustica 560g","p":1.78,"u":"3,18 €/KG","img":"https://fd1-photos.leclercdrive.fr/image.ashx?id=2092948&use=l&cat=p&typeid=i","cat":318431},{"id":63674,"n":"3 poivres Ducros Moulin - 34g","p":3.44,"u":"101,18 €/KG","img":"https://fd1-photos.leclercdrive.fr/image.ashx?id=2559460&use=l&cat=p&typeid=i","cat":284457},{"id":63676,"n":"Poivre blanc moulu Ducros 36g","p":2.9,"u":"80,56 €/KG","img":"https://fd1-photos.leclercdrive.fr/image.ashx?id=2203745&use=l&cat=p&typeid=i","cat":284457},{"id":63708,"n":"Jus multifruits Joker   Fruits et légumes  - 1L","p":2.15,"u":"2,15 €/L","img":"https://fd1-photos.leclercdrive.fr/image.ashx?id=2731180&use=l&cat=p&typeid=i","cat":284917},{"id":63712,"n":"AOC Martinique Rhum blanc  Agricole HSE 40° - 1L","p":13.85,"u":"13,85 €/L","img":"https://fd1-photos.leclercdrive.fr/image.ashx?id=2902019&use=l&cat=p&typeid=i","cat":284550},{"id":63716,"n":"AOC Martinique Rhum blanc Agricole HSE 55° - 1L","p":19.71,"u":"19,71 €/L","img":"https://fd1-photos.leclercdrive.fr/image.ashx?id=2021451&use=l&cat=p&typeid=i","cat":284550},{"id":63722,"n":"Liqueur Herbes Jagermeister 35° - 70cl","p":18.97,"u":"27,10 €/L","img":"https://fd1-photos.leclercdrive.fr/image.ashx?id=2474740&use=l&cat=p&typeid=i","cat":286032},{"id":63759,"n":"Pur Jus Jafaden Mutlifruits - 2L","p":2.8,"u":"1,40 €/L","img":"https://fd1-photos.leclercdrive.fr/image.ashx?id=2762955&use=l&cat=p&typeid=i","cat":284917},{"id":63765,"n":"Boisson aux fruits Oasis Orange - 6x33cl","p":4.04,"u":"2,04 €/L","img":"https://fd1-photos.leclercdrive.fr/image.ashx?id=2681718&use=l&cat=p&typeid=i","cat":295018},{"id":63768,"n":"Boisson aux fruits Oasis Pomme Cassis Framboise - 6x33cl","p":3.98,"u":"2,01 €/L","img":"https://fd1-photos.leclercdrive.fr/image.ashx?id=3014449&use=l&cat=p&typeid=i","cat":295018},{"id":63776,"n":"Sirop Moulin de Valdonne Fraise des bois - 70cl","p":3.51,"u":"5,01 €/L","img":"https://fd1-photos.leclercdrive.fr/image.ashx?id=2170589&use=l&cat=p&typeid=i","cat":295020},{"id":63794,"n":"Soda Schweppes Saveur Citron - 6x33cl","p":3.78,"u":"1,91 €/L","img":"https://fd1-photos.leclercdrive.fr/image.ashx?id=2852743&use=l&cat=p&typeid=i","cat":284532},{"id":63795,"n":"Soda Schweppes Indian Tonic - 6x33cl","p":3.74,"u":"1,89 €/L","img":"https://fd1-photos.leclercdrive.fr/image.ashx?id=2852423&use=l&cat=p&typeid=i","cat":284531},{"id":63797,"n":"Soda Schweppes Saveur Agrumes - 6x33cl","p":3.62,"u":"1,83 €/L","img":"https://fd1-photos.leclercdrive.fr/image.ashx?id=2852737&use=l&cat=p&typeid=i","cat":284532},{"id":63798,"n":"Soda Schweppes Saveur Agrumes Zero - 6x33cl","p":3.17,"u":"1,60 €/L","img":"https://fd1-photos.leclercdrive.fr/image.ashx?id=2852740&use=l&cat=p&typeid=i","cat":284532},{"id":63814,"n":"Pur jus Tropicana Orange Pure Premium avec pulpe - 2x1L","p":5.3,"u":"2,65 €/L","img":"https://fd1-photos.leclercdrive.fr/image.ashx?id=2592690&use=l&cat=p&typeid=i","cat":284521},{"id":63824,"n":"Soda Coca-Cola Zéro Sans caféine - 1.25L","p":1.57,"u":"1,26 €/L","img":"https://fd1-photos.leclercdrive.fr/image.ashx?id=3009059&use=l&cat=p&typeid=i","cat":284530},{"id":63828,"n":"Concentré à diluer Pulco Citron Vert Menthe - 70cl","p":2.73,"u":"3,90 €/L","img":"https://fd1-photos.leclercdrive.fr/image.ashx?id=2687791&use=l&cat=p&typeid=i","cat":295020},{"id":63837,"n":"Champignons Eco+ Pieds et morceaux - 230g","p":0.82,"u":"3,57 €/KG","img":"https://fd1-photos.leclercdrive.fr/image.ashx?id=2783002&use=l&cat=p&typeid=i","cat":312610},{"id":63847,"n":"Champagne A.Rothschild & Cie Rosé - 75cl","p":27.47,"u":"36,63 €/L","img":"https://fd1-photos.leclercdrive.fr/image.ashx?id=2628470&use=l&cat=p&typeid=i","cat":284542},{"id":63971,"n":"Escalope cordon bleu Père dodu Poulet x4 - 400g - Familial","p":4.22,"u":"10,55 €/KG","img":"https://fd1-photos.leclercdrive.fr/image.ashx?id=2957173&use=l&cat=p&typeid=i","cat":333683},{"id":63973,"n":"Cordon Bleu Père Dodu  Poulet x8 - 800g - Maxi Format","p":7.54,"u":"9,43 €/KG","img":"https://fd1-photos.leclercdrive.fr/image.ashx?id=2957176&use=l&cat=p&typeid=i","cat":333683},{"id":63989,"n":"Mascarpone Bio Village Bio - 250g","p":2.98,"u":"11,92 €/KG","img":"https://fd1-photos.leclercdrive.fr/image.ashx?id=1947561&use=l&cat=p&typeid=i","cat":314026},{"id":63993,"n":"Crème glacée Eskiss  Douceur de vanille - 500g","p":3.91,"u":"7,82 €/KG","img":"https://fd1-photos.leclercdrive.fr/image.ashx?id=2982634&use=l&cat=p&typeid=i","cat":284263},{"id":64020,"n":"Soda pomme cerise Sprink's 1.5L","p":1.67,"u":"1,11 €/L","img":"https://fd1-photos.leclercdrive.fr/image.ashx?id=2913754&use=l&cat=p&typeid=i","cat":284532},{"id":64023,"n":"Soda cerise Sprink's 1.5L","p":1.69,"u":"1,13 €/L","img":"https://fd1-photos.leclercdrive.fr/image.ashx?id=2913751&use=l&cat=p&typeid=i","cat":284532},{"id":64024,"n":"Soda pomme Sprink's 1.5L","p":1.48,"u":"0,99 €/L","img":"https://fd1-photos.leclercdrive.fr/image.ashx?id=2913748&use=l&cat=p&typeid=i","cat":284532},{"id":64029,"n":"Boisson au thé vert Fresh Tea Menthe - 1.5L","p":1.82,"u":"1,21 €/L","img":"https://fd1-photos.leclercdrive.fr/image.ashx?id=2622269&use=l&cat=p&typeid=i","cat":295019},{"id":64032,"n":"Pur jus d'orange Tropicana Sans pulpe - 2x1L","p":5.1,"u":"2,55 €/L","img":"https://fd1-photos.leclercdrive.fr/image.ashx?id=2605671&use=l&cat=p&typeid=i","cat":284521},{"id":64057,"n":"Bière Desperados Red 12x33cl","p":16.89,"u":"4,27 €/L","img":"https://fd1-photos.leclercdrive.fr/image.ashx?id=2651074&use=l&cat=p&typeid=i","cat":334878},{"id":64108,"n":"Fromage à Tartiner Carré Frais  Nature 8 Portions - 200g","p":2.2,"u":"11,00 €/KG","img":"https://fd1-photos.leclercdrive.fr/image.ashx?id=2452209&use=l&cat=p&typeid=i","cat":314029},{"id":64109,"n":"Fromage blanc Délisse 3.2%mg 12x100g","p":2.69,"u":"2,24 €/KG","img":"https://fd1-photos.leclercdrive.fr/image.ashx?id=3012848&use=l&cat=p&typeid=i","cat":284409},{"id":64121,"n":"Vinaigrette balsamique Puget Ciboulette échalote - 330ml","p":1.95,"u":"5,91 €/L","img":"https://fd1-photos.leclercdrive.fr/image.ashx?id=2144449&use=l&cat=p&typeid=i","cat":284456},{"id":64191,"n":"Tomates cerises allongées Panier du Primeur - 250g","p":1.59,"u":"6,36 €/KG","img":"https://fd1-photos.leclercdrive.fr/image.ashx?id=2988099&use=l&cat=p&typeid=i","cat":284352},{"id":64462,"n":"Dos de Colin d'Alaska MSC Gimbert Océan 400g","p":5.63,"u":"14,08 €/KG","img":"https://fd1-photos.leclercdrive.fr/image.ashx?id=2875438&use=l&cat=p&typeid=i","cat":319786},{"id":64487,"n":"Gin Beefeater 40% vol. - 70cl","p":18.69,"u":"26,70 €/L","img":"https://fd1-photos.leclercdrive.fr/image.ashx?id=2859080&use=l&cat=p&typeid=i","cat":284550},{"id":64493,"n":"Liquide vaisselle Rainett Citron vert - 750ml","p":1.91,"u":"2,55 €/L","img":"https://fd1-photos.leclercdrive.fr/image.ashx?id=2293096&use=l&cat=p&typeid=i","cat":284655},{"id":64666,"n":"Gâteaux moelleux Kinder Délice Coeur lait enrobé Cacao - x10","p":3.28,"u":"8,41 €/KG","img":"https://fd1-photos.leclercdrive.fr/image.ashx?id=2832476&use=l&cat=p&typeid=i","cat":284495},{"id":64680,"n":"Soupe liquide Liebig Potiron Kiri Brique - 2x30cl","p":2.37,"u":"3,95 €/L","img":"https://fd1-photos.leclercdrive.fr/image.ashx?id=2892136&use=l&cat=p&typeid=i","cat":284462},{"id":64685,"n":"Soupe liquide Liebig  Potiron - 2x30cl","p":2.06,"u":"3,43 €/L","img":"https://fd1-photos.leclercdrive.fr/image.ashx?id=2369915&use=l&cat=p&typeid=i","cat":284462},{"id":64686,"n":"Soupe liquide brique Liebig  Velouté légumes soleil - 2x30cl","p":1.85,"u":"3,08 €/L","img":"https://fd1-photos.leclercdrive.fr/image.ashx?id=2203382&use=l&cat=p&typeid=i","cat":284462},{"id":64692,"n":"Chocolat Pâtissier Nestlé Dessert - Noir corsé - 200g","p":3.27,"u":"16,35 €/KG","img":"https://fd1-photos.leclercdrive.fr/image.ashx?id=2889895&use=l&cat=p&typeid=i","cat":285562},{"id":64889,"n":"Végétal Nuggets Garden Gourmet Soja et Blé 200g","p":2.49,"u":"12,45 €/KG","img":"https://fd1-photos.leclercdrive.fr/image.ashx?id=2963967&use=l&cat=p&typeid=i","cat":316036},{"id":64897,"n":"Tortellini à poêler Lustucru Jambon emmental - 300g","p":2.17,"u":"7,23 €/KG","img":"https://fd1-photos.leclercdrive.fr/image.ashx?id=2792393&use=l&cat=p&typeid=i","cat":333682},{"id":64910,"n":"Secret de mousse La Laitière Citron - 4x59g","p":1.7,"u":"7,20 €/KG","img":"https://fd1-photos.leclercdrive.fr/image.ashx?id=2616532&use=l&cat=p&typeid=i","cat":284417},{"id":64913,"n":"Yaourt à boire Actimel nature et fraise - 8x100g","p":3.73,"u":"4,66 €/KG","img":"https://fd1-photos.leclercdrive.fr/image.ashx?id=2996467&use=l&cat=p&typeid=i","cat":284415},{"id":64964,"n":"Eau minérale gazeuse Quezac 6x1.15L","p":2.88,"u":"0,42 €/L","img":"https://fd1-photos.leclercdrive.fr/image.ashx?id=2975341&use=l&cat=p&typeid=i","cat":284536},{"id":64969,"n":"Cornets La Basquaise Assortis - 14x60g","p":2.33,"u":"2,77 €/KG","img":"https://fd1-photos.leclercdrive.fr/image.ashx?id=2542351&use=l&cat=p&typeid=i","cat":284487},{"id":64984,"n":"Lasagne de Boeuf  Maison Tino - 900g","p":9.5,"u":"10,56 €/KG","img":"https://fd1-photos.leclercdrive.fr/image.ashx?id=2681829&use=l&cat=p&typeid=i","cat":333666},{"id":65013,"n":"AIRWICK Spray Désodorisant  Pure Rafraichissant - 250ml","p":3.76,"u":"15,04 €/L","img":"https://fd1-photos.leclercdrive.fr/image.ashx?id=2962011&use=l&cat=p&typeid=i","cat":311626},{"id":65044,"n":"Biscuits petit déjeuner Belvita Miel & pépites chocolat - 435g","p":2.7,"u":"6,21 €/KG","img":"https://fd1-photos.leclercdrive.fr/image.ashx?id=2989441&use=l&cat=p&typeid=i","cat":284491},{"id":65048,"n":"Barres céréales Grany Fraises framboises - 108g","p":1.94,"u":"17,96 €/KG","img":"https://fd1-photos.leclercdrive.fr/image.ashx?id=2834350&use=l&cat=p&typeid=i","cat":285869},{"id":65061,"n":"Eau aromatisée Volvic zest  citron vert citron - 1,5L","p":1.11,"u":"0,74 €/L","img":"https://fd1-photos.leclercdrive.fr/image.ashx?id=2730259&use=l&cat=p&typeid=i","cat":284537},{"id":65336,"n":"Café dosettes Tassimo L'Or Espresso Splendente x16","p":4.88,"u":"43,57 €/KG","img":"https://fd1-photos.leclercdrive.fr/image.ashx?id=2853404&use=l&cat=p&typeid=i","cat":293240},{"id":65337,"n":"Epices pour fajitas Old El Paso doux - 30g","p":1.41,"u":"47,00 €/KG","img":"https://fd1-photos.leclercdrive.fr/image.ashx?id=2737702&use=l&cat=p&typeid=i","cat":288993},{"id":65341,"n":"Bonbons LUTTI Koala Guimauve Chocolat - 185g","p":1.57,"u":"8,49 €/KG","img":"https://fd1-photos.leclercdrive.fr/image.ashx?id=2806147&use=l&cat=p&typeid=i","cat":304250},{"id":65342,"n":"Bonbons LUTTI Surffizz Piquants Fruits - 200g","p":1.21,"u":"6,05 €/KG","img":"https://fd1-photos.leclercdrive.fr/image.ashx?id=2806144&use=l&cat=p&typeid=i","cat":304250},{"id":65366,"n":"Bière blonde Affligem Pack 6.7% vol. - 20x25cl","p":15.89,"u":"3,18 €/L","img":"https://fd1-photos.leclercdrive.fr/image.ashx?id=2774274&use=l&cat=p&typeid=i","cat":334852},{"id":65903,"n":"Semelles Gel Soft Femme Quotidiennes - 1 paire","p":16.98,"img":"https://fd1-photos.leclercdrive.fr/image.ashx?id=2227225&use=l&cat=p&typeid=i","cat":325354},{"id":65904,"n":"Liniment Mots d'Enfants 500ml","p":3.9,"u":"7,80 €/L","img":"https://fd1-photos.leclercdrive.fr/image.ashx?id=2290721&use=l&cat=p&typeid=i","cat":284741},{"id":65926,"n":"Guacamole Extra l'Atelier Blini 175g","p":3.5,"u":"20,00 €/KG","img":"https://fd1-photos.leclercdrive.fr/image.ashx?id=2852504&use=l&cat=p&typeid=i","cat":315999},{"id":65945,"n":"Olives dénoyautées Légumes croquants - 200g","p":2.45,"u":"12,25 €/KG","img":"https://fd1-photos.leclercdrive.fr/image.ashx?id=2589413&use=l&cat=p&typeid=i","cat":316002},{"id":65946,"n":"Olives dénoyautées Méditerranéenne - 200g","p":3.05,"u":"15,25 €/KG","img":"https://fd1-photos.leclercdrive.fr/image.ashx?id=2945607&use=l&cat=p&typeid=i","cat":316002},{"id":65970,"n":"Crème légère fluide Bridélice 12%MG - 3x20cl","p":2.45,"u":"4,08 €/L","img":"https://fd1-photos.leclercdrive.fr/image.ashx?id=2904736&use=l&cat=p&typeid=i","cat":284381},{"id":65972,"n":"Poires Douceur du Verger Sirop léger - 225 g","p":1.29,"u":"5,73 €/KG","img":"https://fd1-photos.leclercdrive.fr/image.ashx?id=2783017&use=l&cat=p&typeid=i","cat":284507},{"id":65973,"n":"Abricots Douceur du Verger Sirop léger - 235 g","p":1.44,"u":"6,13 €/KG","img":"https://fd1-photos.leclercdrive.fr/image.ashx?id=2622891&use=l&cat=p&typeid=i","cat":284507},{"id":66076,"n":"Bière ambrée Bio Jade  4.5%vol - 6x25cl","p":5.74,"u":"3,83 €/L","img":"https://fd1-photos.leclercdrive.fr/image.ashx?id=2518154&use=l&cat=p&typeid=i","cat":334852},{"id":66245,"n":"Bougies d'anniversaire Vahiné Roses - blister de 16 bougies","p":1.49,"u":"0,09 €/P","img":"https://fd1-photos.leclercdrive.fr/image.ashx?id=1209488&use=l&cat=p&typeid=i","cat":284504},{"id":66266,"n":"Brioche tranchée Pasquier Tranches gourmandes - 450g","p":2.18,"u":"4,84 €/KG","img":"https://fd1-photos.leclercdrive.fr/image.ashx?id=2850940&use=l&cat=p&typeid=i","cat":284478},{"id":66279,"n":"Roquefort AOP Les croisés - 32%mg - 100g","p":2.15,"u":"21,50 €/KG","img":"https://fd1-photos.leclercdrive.fr/image.ashx?id=2562885&use=l&cat=p&typeid=i","cat":314032},{"id":66282,"n":"Bresaola Saint-Azay 7 tranches - 70g","p":2.99,"u":"42,71 €/KG","img":"https://fd1-photos.leclercdrive.fr/image.ashx?id=2946460&use=l&cat=p&typeid=i","cat":316007},{"id":66284,"n":"Saucisson sec Saint-Azay 30 tranches - 100g","p":1.43,"u":"14,30 €/KG","img":"https://fd1-photos.leclercdrive.fr/image.ashx?id=2907213&use=l&cat=p&typeid=i","cat":316007},{"id":66293,"n":"Eau aromatisée Volvic juicy jus de fraise - 6x50cl","p":4.35,"u":"1,45 €/L","img":"https://fd1-photos.leclercdrive.fr/image.ashx?id=2961996&use=l&cat=p&typeid=i","cat":284537},{"id":66356,"n":"Café Soluble Nescafé  Cappuccino Classique - 280g","p":4.45,"u":"15,89 €/KG","img":"https://fd1-photos.leclercdrive.fr/image.ashx?id=2918044&use=l&cat=p&typeid=i","cat":284843},{"id":66366,"n":"Déodorant compressé Sanex  Zéro % Extra control - 100ml","p":3.5,"u":"35,00 €/L","img":"https://fd1-photos.leclercdrive.fr/image.ashx?id=2664274&use=l&cat=p&typeid=i","cat":284618},{"id":66369,"n":"Déodorant Nivea Fresh natural - 150ml","p":2.48,"u":"16,53 €/L","img":"https://fd1-photos.leclercdrive.fr/image.ashx?id=3005221&use=l&cat=p&typeid=i","cat":284618},{"id":66555,"n":"Café moulu Bio Village Bio Ethiopie - 250g","p":4.35,"u":"17,40 €/KG","img":"https://fd1-photos.leclercdrive.fr/image.ashx?id=2468876&use=l&cat=p&typeid=i","cat":284750},{"id":66602,"n":"Nectar Douceur Cidou Orange - 1.75L","p":2.99,"u":"1,71 €/L","img":"https://fd1-photos.leclercdrive.fr/image.ashx?id=2342499&use=l&cat=p&typeid=i","cat":284521},{"id":66603,"n":"Nectar Douceur Cidou Multifruits - 1.75L","p":2.74,"u":"1,57 €/L","img":"https://fd1-photos.leclercdrive.fr/image.ashx?id=2342502&use=l&cat=p&typeid=i","cat":284917},{"id":66651,"n":"Doonuts nappés St Michel 180g","p":1.78,"u":"9,89 €/KG","img":"https://fd1-photos.leclercdrive.fr/image.ashx?id=2928495&use=l&cat=p&typeid=i","cat":284495},{"id":66652,"n":"Doonuts marbrés St Michel 180g","p":1.78,"u":"9,89 €/KG","img":"https://fd1-photos.leclercdrive.fr/image.ashx?id=2962299&use=l&cat=p&typeid=i","cat":284495},{"id":66740,"n":"P'tite Recette Nestlé Lentilles Vertes Jambon 12 mois - 2x200g","p":2.21,"u":"5,53 €/KG","img":"https://fd1-photos.leclercdrive.fr/image.ashx?id=2525690&use=l&cat=p&typeid=i","cat":312237},{"id":66746,"n":"Tomme de brebis Lou Pérac Fromage de brebis - 200g","p":4.12,"u":"20,60 €/KG","img":"https://fd1-photos.leclercdrive.fr/image.ashx?id=2758840&use=l&cat=p&typeid=i","cat":329184},{"id":66747,"n":"Ma Crème anglaise Bridélice UHT - 50cl","p":1.84,"u":"3,68 €/L","img":"https://fd1-photos.leclercdrive.fr/image.ashx?id=2643086&use=l&cat=p&typeid=i","cat":284382},{"id":66751,"n":"Boisson à l'amande Végé 1L Végé - 200g","p":1.85,"u":"1,85 €/L","img":"https://fd1-photos.leclercdrive.fr/image.ashx?id=2874699&use=l&cat=p&typeid=i","cat":316067},{"id":66752,"n":"Boisson au riz Végé 1L Végé - 200g","p":1.55,"u":"1,55 €/L","img":"https://fd1-photos.leclercdrive.fr/image.ashx?id=2896030&use=l&cat=p&typeid=i","cat":316067},{"id":66754,"n":"Boisson a l'avoine Végé 1L Végé - 200g","p":1.47,"u":"1,47 €/L","img":"https://fd1-photos.leclercdrive.fr/image.ashx?id=2869501&use=l&cat=p&typeid=i","cat":316067},{"id":66755,"n":"Boisson à la noisette Végé 1L Végé - 200g","p":1.79,"u":"1,79 €/L","img":"https://fd1-photos.leclercdrive.fr/image.ashx?id=2869504&use=l&cat=p&typeid=i","cat":316067},{"id":66757,"n":"Soja cuisine Bio Bio Village Végétal - 25cl","p":0.95,"u":"3,80 €/L","img":"https://fd1-photos.leclercdrive.fr/image.ashx?id=2791060&use=l&cat=p&typeid=i","cat":316069},{"id":66761,"n":"Mini gratins Côté Table Légumes du soleil - 400g","p":3.69,"u":"9,23 €/KG","img":"https://fd1-photos.leclercdrive.fr/image.ashx?id=2059098&use=l&cat=p&typeid=i","cat":319802},{"id":66803,"n":"Biscuits Nutella B-ready Cacao noisettes - 330g","p":3.3,"u":"10,00 €/KG","img":"https://fd1-photos.leclercdrive.fr/image.ashx?id=2770599&use=l&cat=p&typeid=i","cat":284488},{"id":66804,"n":"Biscuits Nutella B-ready Cacao Noisettes - 220g","p":2.97,"u":"13,50 €/KG","img":"https://fd1-photos.leclercdrive.fr/image.ashx?id=2630784&use=l&cat=p&typeid=i","cat":284488},{"id":66809,"n":"Gousses vanille Vahiné  3g","p":3.98,"img":"https://fd1-photos.leclercdrive.fr/image.ashx?id=2524314&use=l&cat=p&typeid=i","cat":284504},{"id":66811,"n":"Tablette de chocolat Côte d'Or Lait Noisettes - 2x180g","p":6.85,"u":"19,03 €/KG","img":"https://fd1-photos.leclercdrive.fr/image.ashx?id=2850231&use=l&cat=p&typeid=i","cat":284497},{"id":66814,"n":"Persil plat Les Crudettes 11g","p":1.58,"pp":1.1,"u":"100,00 €/KG","img":"https://fd1-photos.leclercdrive.fr/image.ashx?id=2654983&use=l&cat=p&typeid=i","cat":293607},{"id":66838,"n":"Gel coiffant Vitanove  Fixation béton - 250ml","p":1.56,"u":"6,24 €/L","img":"https://fd1-photos.leclercdrive.fr/image.ashx?id=2823087&use=l&cat=p&typeid=i","cat":284609},{"id":66843,"n":"Bandes de cire froide Siliss Visage - x32","p":2.19,"u":"0,07 €/P","img":"https://fd1-photos.leclercdrive.fr/image.ashx?id=2699708&use=l&cat=p&typeid=i","cat":325351},{"id":66844,"n":"Bandes de cire froide Siliss Jambes - x20","p":2.3,"u":"0,12 €/P","img":"https://fd1-photos.leclercdrive.fr/image.ashx?id=2699705&use=l&cat=p&typeid=i","cat":325351},{"id":66849,"n":"Dessert bébé lacté Blédina 6m Banane - 6x55g","p":1.71,"u":"5,18 €/KG","img":"https://fd1-photos.leclercdrive.fr/image.ashx?id=2952454&use=l&cat=p&typeid=i","cat":312392},{"id":66965,"n":"Matière grasse Primevere Oméga 3 - 55% - 500g","p":3.04,"u":"6,08 €/KG","img":"https://fd1-photos.leclercdrive.fr/image.ashx?id=2939328&use=l&cat=p&typeid=i","cat":315229},{"id":66967,"n":"Matière grasse Primevere 63%MG - oméga 3 - 500g","p":3.43,"u":"6,86 €/KG","img":"https://fd1-photos.leclercdrive.fr/image.ashx?id=2936044&use=l&cat=p&typeid=i","cat":315229},{"id":66968,"n":"Beurre tendre Président Doux - 82% MG - 250g","p":3.18,"u":"12,72 €/KG","img":"https://fd1-photos.leclercdrive.fr/image.ashx?id=2811944&use=l&cat=p&typeid=i","cat":284379},{"id":66978,"n":"Poire bio Bio Village Barquette x4","p":2.99,"u":"0,75 €/P","img":"https://fd1-photos.leclercdrive.fr/image.ashx?id=2552002&use=l&cat=p&typeid=i","cat":284356},{"id":66982,"n":"Truite eau douce Ronde des Mers x4 tranches - 100g","p":3.24,"u":"32,40 €/KG","img":"https://fd1-photos.leclercdrive.fr/image.ashx?id=2981882&use=l&cat=p&typeid=i","cat":285188},{"id":66989,"n":"Yaourt bifidus Activia céréales noix - 4x120g","p":2.19,"u":"4,56 €/KG","img":"https://fd1-photos.leclercdrive.fr/image.ashx?id=2901623&use=l&cat=p&typeid=i","cat":315000},{"id":66990,"n":"Yaourt bifidus Activia céréales muesli - 4x120g","p":2.08,"u":"4,33 €/KG","img":"https://fd1-photos.leclercdrive.fr/image.ashx?id=2901620&use=l&cat=p&typeid=i","cat":315000},{"id":67090,"n":"Soupe Doux Plaisir Liebig  Légumes et kiri - 1L","p":2.46,"u":"2,46 €/L","img":"https://fd1-photos.leclercdrive.fr/image.ashx?id=2186706&use=l&cat=p&typeid=i","cat":284462},{"id":67091,"n":"Soupe Liquide Bio Liebig Mouliné de Légumes Brique - 1L","p":2.79,"u":"2,79 €/L","img":"https://fd1-photos.leclercdrive.fr/image.ashx?id=2939202&use=l&cat=p&typeid=i","cat":284462},{"id":67143,"n":"Quatro de graines Daco Bello Grillées - Non salées - 175g","p":4.59,"u":"26,23 €/KG","img":"https://fd1-photos.leclercdrive.fr/image.ashx?id=2298544&use=l&cat=p&typeid=i","cat":284357},{"id":67150,"n":"Croustilles Belin Emmental - 4x138g","p":2.93,"u":"5,31 €/KG","img":"https://fd1-photos.leclercdrive.fr/image.ashx?id=2539025&use=l&cat=p&typeid=i","cat":284449},{"id":67151,"n":"Croustilles Belin Cacahuète - 4x138g","p":2.93,"u":"5,31 €/KG","img":"https://fd1-photos.leclercdrive.fr/image.ashx?id=2940477&use=l&cat=p&typeid=i","cat":284449},{"id":67153,"n":"Tablette de chocolat noir Lindt Noir : 70% cacao - 2x100g","p":4.49,"u":"22,45 €/KG","img":"https://fd1-photos.leclercdrive.fr/image.ashx?id=2153267&use=l&cat=p&typeid=i","cat":284956},{"id":67155,"n":"Tablette de chocolat noir Lindt Orange intense - 2x100g","p":4.84,"u":"24,20 €/KG","img":"https://fd1-photos.leclercdrive.fr/image.ashx?id=2153273&use=l&cat=p&typeid=i","cat":284956},{"id":67156,"n":"Tablette de chocolat noir Lindt Caramel Pointe de sel - 2x100g","p":4.49,"u":"22,45 €/KG","img":"https://fd1-photos.leclercdrive.fr/image.ashx?id=2153276&use=l&cat=p&typeid=i","cat":284956},{"id":67168,"n":"Yaourt à boire Actimel fruits pêche gelée royale - 12x100g","p":4.73,"u":"3,94 €/KG","img":"https://fd1-photos.leclercdrive.fr/image.ashx?id=2996473&use=l&cat=p&typeid=i","cat":284415},{"id":67305,"n":"Cordon de poulet Maître Coq A la Normande - 800g","p":6.11,"u":"7,64 €/KG","img":"https://fd1-photos.leclercdrive.fr/image.ashx?id=2426935&use=l&cat=p&typeid=i","cat":333683},{"id":67378,"n":"Sirop Eco+ Grenadine - 1L","p":1.72,"u":"1,72 €/L","img":"https://fd1-photos.leclercdrive.fr/image.ashx?id=2901419&use=l&cat=p&typeid=i","cat":295020},{"id":67392,"n":"Boisson aux fruits gazeuses Pulpe orange - 1,5L","p":1.17,"u":"0,78 €/L","img":"https://fd1-photos.leclercdrive.fr/image.ashx?id=2754198&use=l&cat=p&typeid=i","cat":284532},{"id":67393,"n":"Beurre gastronomique Président Doux - 82% MG - 250g","p":2.76,"u":"11,04 €/KG","img":"https://fd1-photos.leclercdrive.fr/image.ashx?id=3011104&use=l&cat=p&typeid=i","cat":284379},{"id":67440,"n":"Fromage Pavé d'Affinois Secret - 6x25g + 1offert","p":2.33,"u":"13,31 €/KG","img":"https://fd1-photos.leclercdrive.fr/image.ashx?id=2469668&use=l&cat=p&typeid=i","cat":314033},{"id":67441,"n":"Fromage Pavé d'Affinois Brin - 25g x 6+1offert","p":2.33,"u":"13,31 €/KG","img":"https://fd1-photos.leclercdrive.fr/image.ashx?id=2469671&use=l&cat=p&typeid=i","cat":314033},{"id":67459,"n":"Haricots blancs Eco+ 530g","p":0.95,"u":"1,79 €/KG","img":"https://fd1-photos.leclercdrive.fr/image.ashx?id=3003717&use=l&cat=p&typeid=i","cat":312606},{"id":67461,"n":"Patafix Uhu Blanc - 80 pastilles","p":2.39,"img":"https://fd1-photos.leclercdrive.fr/image.ashx?id=1551440&use=l&cat=p&typeid=i","cat":334133},{"id":67522,"n":"Chili con carne Côté Table Au piment de Cayenne - 400g","p":1.65,"u":"4,13 €/KG","img":"https://fd1-photos.leclercdrive.fr/image.ashx?id=2977174&use=l&cat=p&typeid=i","cat":325094},{"id":67564,"n":"Ruban correcteur UHU Mini - 2x6m","p":2.55,"img":"https://fd1-photos.leclercdrive.fr/image.ashx?id=2057665&use=l&cat=p&typeid=i","cat":334133},{"id":67568,"n":"Curry moulu Rustica 42g","p":0.55,"u":"13,10 €/KG","img":"https://fd1-photos.leclercdrive.fr/image.ashx?id=2772975&use=l&cat=p&typeid=i","cat":298297},{"id":67569,"n":"Oignon semoule Rustica Déshydraté - 30g","p":1.02,"u":"34,00 €/KG","img":"https://fd1-photos.leclercdrive.fr/image.ashx?id=2772978&use=l&cat=p&typeid=i","cat":298297},{"id":67571,"n":"Poivre noir Rustica Moulin - 28g","p":1.22,"u":"43,57 €/KG","img":"https://fd1-photos.leclercdrive.fr/image.ashx?id=2932674&use=l&cat=p&typeid=i","cat":284457},{"id":67572,"n":"Ciboulette Rustica 4g","p":0.43,"u":"107,50 €/KG","img":"https://fd1-photos.leclercdrive.fr/image.ashx?id=2772990&use=l&cat=p&typeid=i","cat":298297},{"id":67573,"n":"Cumin moulu Rustica 32g","p":0.59,"u":"18,44 €/KG","img":"https://fd1-photos.leclercdrive.fr/image.ashx?id=2772963&use=l&cat=p&typeid=i","cat":298297},{"id":67585,"n":"Baby Carottes 450g","p":3.98,"u":"8,84 €/KG","img":"https://fd1-photos.leclercdrive.fr/image.ashx?id=2786498&use=l&cat=p&typeid=i","cat":284352},{"id":67620,"n":"Persil Rustica 5g","p":0.39,"u":"78,00 €/KG","img":"https://fd1-photos.leclercdrive.fr/image.ashx?id=2772969&use=l&cat=p&typeid=i","cat":298297},{"id":67621,"n":"Paprika doux moulu Rustica  40g","p":0.49,"u":"12,25 €/KG","img":"https://fd1-photos.leclercdrive.fr/image.ashx?id=2772966&use=l&cat=p&typeid=i","cat":298297},{"id":67622,"n":"Thym Rustica 14g","p":0.4,"u":"28,57 €/KG","img":"https://fd1-photos.leclercdrive.fr/image.ashx?id=2797784&use=l&cat=p&typeid=i","cat":298297},{"id":67651,"n":"Poivre Noir moulu Bio Village Bio  - 38g","p":1.99,"u":"52,37 €/KG","img":"https://fd1-photos.leclercdrive.fr/image.ashx?id=2706538&use=l&cat=p&typeid=i","cat":284457},{"id":67652,"n":"Poivre gris moulu Flacon - 36g","p":1.11,"u":"30,83 €/KG","img":"https://fd1-photos.leclercdrive.fr/image.ashx?id=2797778&use=l&cat=p&typeid=i","cat":284457},{"id":67653,"n":"Gingembre moulu Rustica 27g","p":1.19,"u":"44,07 €/KG","img":"https://fd1-photos.leclercdrive.fr/image.ashx?id=2797796&use=l&cat=p&typeid=i","cat":298297},{"id":67654,"n":"Ail semoule Bio Village Bio 56g","p":1.99,"u":"35,54 €/KG","img":"https://fd1-photos.leclercdrive.fr/image.ashx?id=2991461&use=l&cat=p&typeid=i","cat":298297},{"id":67667,"n":"Purée de tomate Panzani Tomacouli nature - 500g","p":0.93,"u":"1,86 €/KG","img":"https://fd1-photos.leclercdrive.fr/image.ashx?id=2979623&use=l&cat=p&typeid=i","cat":288384},{"id":67678,"n":"Curcuma moulu Rustica 37g","p":0.66,"u":"17,84 €/KG","img":"https://fd1-photos.leclercdrive.fr/image.ashx?id=2772981&use=l&cat=p&typeid=i","cat":298297},{"id":67679,"n":"Estragon Rustica 7g","p":0.79,"u":"112,86 €/KG","img":"https://fd1-photos.leclercdrive.fr/image.ashx?id=2772993&use=l&cat=p&typeid=i","cat":298297},{"id":67680,"n":"Herbes de provence Rustica 120g","p":2.6,"u":"21,67 €/KG","img":"https://fd1-photos.leclercdrive.fr/image.ashx?id=2907228&use=l&cat=p&typeid=i","cat":298297},{"id":67681,"n":"Herbes de Provence Rustica 18g","p":0.41,"u":"22,78 €/KG","img":"https://fd1-photos.leclercdrive.fr/image.ashx?id=2772972&use=l&cat=p&typeid=i","cat":298297},{"id":67682,"n":"Noix de Muscade Rustica Moulue - 32g","p":1.35,"u":"42,19 €/KG","img":"https://fd1-photos.leclercdrive.fr/image.ashx?id=2772996&use=l&cat=p&typeid=i","cat":298297},{"id":67683,"n":"Persillade Rustica 95g","p":1.74,"u":"18,32 €/KG","img":"https://fd1-photos.leclercdrive.fr/image.ashx?id=2932668&use=l&cat=p&typeid=i","cat":298297},{"id":67693,"n":"Piment de Cayenne Rustica 38g","p":1.09,"u":"28,68 €/KG","img":"https://fd1-photos.leclercdrive.fr/image.ashx?id=2932671&use=l&cat=p&typeid=i","cat":298297},{"id":67726,"n":"AOC Crémant de Bourgogne Veuve Ambal Rosé brut - 75cl","p":7.99,"u":"10,65 €/L","img":"https://fd1-photos.leclercdrive.fr/image.ashx?id=2021286&use=l&cat=p&typeid=i","cat":284545},{"id":67807,"n":"Nettoyant spray Clair Javel - Cuisine - 750ml","p":1.73,"u":"2,31 €/L","img":"https://fd1-photos.leclercdrive.fr/image.ashx?id=2840479&use=l&cat=p&typeid=i","cat":325357},{"id":67869,"n":"Pilon de poulet 700g","p":5.98,"u":"8,54 €/KG","img":"https://fd1-photos.leclercdrive.fr/image.ashx?id=2021649&use=l&cat=p&typeid=i","cat":284336},{"id":67875,"n":"The Pik Box Haribo Boîte bonbons acidulés - 550g","p":4.82,"u":"8,76 €/KG","img":"https://fd1-photos.leclercdrive.fr/image.ashx?id=2805219&use=l&cat=p&typeid=i","cat":304250},{"id":67879,"n":"Champagne Brut Mumm Demi bouteille 12%vol - 37.5cl","p":17.15,"u":"45,73 €/L","img":"https://fd1-photos.leclercdrive.fr/image.ashx?id=2998910&use=l&cat=p&typeid=i","cat":284542},{"id":67885,"n":"Crème fraîche épaisse Président Entière 30%mg - 45cl","p":2.3,"u":"5,11 €/L","img":"https://fd1-photos.leclercdrive.fr/image.ashx?id=2971948&use=l&cat=p&typeid=i","cat":284381},{"id":67892,"n":"Amandes décortiquées Sun 300g","p":5.2,"u":"17,33 €/KG","img":"https://fd1-photos.leclercdrive.fr/image.ashx?id=2765027&use=l&cat=p&typeid=i","cat":284448},{"id":67896,"n":"Gel Douche Le Petit Marseillais  Pin et criste marine - 250ml","p":1.51,"u":"6,04 €/L","img":"https://fd1-photos.leclercdrive.fr/image.ashx?id=2676452&use=l&cat=p&typeid=i","cat":284594},{"id":67915,"n":"Baby carottes Florette 250g","p":2.28,"u":"9,12 €/KG","img":"https://fd1-photos.leclercdrive.fr/image.ashx?id=2786492&use=l&cat=p&typeid=i","cat":284352},{"id":68009,"n":"Yaourt Enfant Petits Filous Fruits Mixés Panaché - 18x50g","p":2.81,"u":"3,12 €/KG","img":"https://fd1-photos.leclercdrive.fr/image.ashx?id=2767362&use=l&cat=p&typeid=i","cat":284414},{"id":68010,"n":"Crème dessert Bio Les 2 vaches Vanille - 4x95g","p":1.84,"u":"4,84 €/KG","img":"https://fd1-photos.leclercdrive.fr/image.ashx?id=2774015&use=l&cat=p&typeid=i","cat":285041},{"id":68012,"n":"Crème dessert Bio Les 2 vaches Chocolat - 4x95g","p":1.79,"u":"4,71 €/KG","img":"https://fd1-photos.leclercdrive.fr/image.ashx?id=2774100&use=l&cat=p&typeid=i","cat":285041},{"id":68088,"n":"Cannelle Rustica 39g","p":0.88,"u":"22,56 €/KG","img":"https://fd1-photos.leclercdrive.fr/image.ashx?id=2772960&use=l&cat=p&typeid=i","cat":298297},{"id":68090,"n":"Champignons Bio Village Bio Emincés - 170g","p":2.25,"u":"13,24 €/KG","img":"https://fd1-photos.leclercdrive.fr/image.ashx?id=2613294&use=l&cat=p&typeid=i","cat":312610},{"id":68093,"n":"Champignons Paris Notre Jardin Entiers - 2x115g","p":1.85,"u":"8,04 €/KG","img":"https://fd1-photos.leclercdrive.fr/image.ashx?id=2991139&use=l&cat=p&typeid=i","cat":312610},{"id":68095,"n":"Yaourt à la grecque YAOS Nature lit de fraises 4x125g","p":2.64,"u":"5,28 €/KG","img":"https://fd1-photos.leclercdrive.fr/image.ashx?id=2729734&use=l&cat=p&typeid=i","cat":314999},{"id":68097,"n":"Yaourt à la grecque YAOS Citron - 4x125g","p":2.7,"u":"5,40 €/KG","img":"https://fd1-photos.leclercdrive.fr/image.ashx?id=2578672&use=l&cat=p&typeid=i","cat":314999},{"id":68158,"n":"Lardons fumés 1kg","p":9.71,"u":"9,71 €/KG","img":"https://fd1-photos.leclercdrive.fr/image.ashx?id=1227792&use=l&cat=p&typeid=i","cat":316011},{"id":68172,"n":"Fromage à raclette Ermitage nature, fumé, poivres - 800g","p":12.9,"u":"16,13 €/KG","img":"https://fd1-photos.leclercdrive.fr/image.ashx?id=2732464&use=l&cat=p&typeid=i","cat":314036},{"id":68214,"n":"Biscuits Petits Cœurs LU Chocolat - 125g","p":1.16,"u":"9,28 €/KG","img":"https://fd1-photos.leclercdrive.fr/image.ashx?id=3002021&use=l&cat=p&typeid=i","cat":284488},{"id":68217,"n":"Biscuits Croc Sablé Pépito  Chocolat - 294g","p":1.2,"u":"4,08 €/KG","img":"https://fd1-photos.leclercdrive.fr/image.ashx?id=2347254&use=l&cat=p&typeid=i","cat":284488},{"id":68278,"n":"Recharge gel lavant Manava Hypoallergénique - 250ml","p":0.66,"u":"2,64 €/L","img":"https://fd1-photos.leclercdrive.fr/image.ashx?id=2935537&use=l&cat=p&typeid=i","cat":284597},{"id":68355,"n":"Compote pomme poire Bio Bio Village - 4x100g","p":1.99,"u":"4,98 €/KG","img":"https://fd1-photos.leclercdrive.fr/image.ashx?id=2454638&use=l&cat=p&typeid=i","cat":284416},{"id":68399,"n":"Poisson pané Double délice   Findus x8 - 600g","p":5.61,"u":"9,35 €/KG","img":"https://fd1-photos.leclercdrive.fr/image.ashx?id=2679594&use=l&cat=p&typeid=i","cat":319788},{"id":68432,"n":"Gel WC Syphon Activ'Effect Fraîcheur pin - 750ml","p":0.74,"u":"0,99 €/L","img":"https://fd1-photos.leclercdrive.fr/image.ashx?id=2388382&use=l&cat=p&typeid=i","cat":284662},{"id":68433,"n":"Destructeur d'odeurs Bien air Escapade forêt - 250ml","p":2.42,"u":"9,68 €/L","img":"https://fd1-photos.leclercdrive.fr/image.ashx?id=2593465&use=l&cat=p&typeid=i","cat":311626},{"id":68434,"n":"Destructeur d'odeurs Bien air Printemps Japon - 250ml","p":2.42,"u":"9,68 €/L","img":"https://fd1-photos.leclercdrive.fr/image.ashx?id=2593468&use=l&cat=p&typeid=i","cat":311626},{"id":68445,"n":"Recharge crème lavante Manava Framboise pivoine - 250ml","p":0.57,"u":"2,28 €/L","img":"https://fd1-photos.leclercdrive.fr/image.ashx?id=2935510&use=l&cat=p&typeid=i","cat":284597},{"id":68449,"n":"Perles désodorisantes Bien Air Japon","p":2.25,"img":"https://fd1-photos.leclercdrive.fr/image.ashx?id=2568798&use=l&cat=p&typeid=i","cat":311628},{"id":68451,"n":"Lingettes Inell Rafraichissantes - x10","p":1.08,"u":"0,11 €/P","img":"https://fd1-photos.leclercdrive.fr/image.ashx?id=2658132&use=l&cat=p&typeid=i","cat":284603},{"id":68452,"n":"Lingettes hygiène intime Doulys Individuelles - x16","p":1.59,"u":"0,10 €/P","img":"https://fd1-photos.leclercdrive.fr/image.ashx?id=2671825&use=l&cat=p&typeid=i","cat":284627},{"id":68453,"n":"Gel lavant Manava Hypoallergénique - 300ml","p":1.05,"u":"3,50 €/L","img":"https://fd1-photos.leclercdrive.fr/image.ashx?id=2935528&use=l&cat=p&typeid=i","cat":284597},{"id":68454,"n":"Savon noir Clair Mou - 1kg","p":4.3,"u":"4,30 €/KG","img":"https://fd1-photos.leclercdrive.fr/image.ashx?id=2874383&use=l&cat=p&typeid=i","cat":284907},{"id":68455,"n":"Gel nettoyant Syphon Entretien menthe - 1L","p":2.89,"u":"2,89 €/L","img":"https://fd1-photos.leclercdrive.fr/image.ashx?id=2943659&use=l&cat=p&typeid=i","cat":284908},{"id":68459,"n":"Nettoyant Clair Parquets classiques - 1L","p":2.45,"u":"2,45 €/L","img":"https://fd1-photos.leclercdrive.fr/image.ashx?id=1846166&use=l&cat=p&typeid=i","cat":284907},{"id":68475,"n":"Culotte Chorys Médium nuit - x12","p":8.56,"u":"0,71 €/P","img":"https://fd1-photos.leclercdrive.fr/image.ashx?id=2716009&use=l&cat=p&typeid=i","cat":284628},{"id":68476,"n":"Culotte Chorys Absorption plus large nuit x10","p":7.14,"u":"0,71 €/P","img":"https://fd1-photos.leclercdrive.fr/image.ashx?id=2704490&use=l&cat=p&typeid=i","cat":284628},{"id":68479,"n":"Couches de bain Mots d'Enfants Baby Swim - Taille S - x12","p":6.1,"img":"https://fd1-photos.leclercdrive.fr/image.ashx?id=2907219&use=l&cat=p&typeid=i","cat":290634},{"id":68482,"n":"Couches de bain Mots d'Enfants Baby Swim - Taille M - x11","p":5.7,"u":"0,52 €/P","img":"https://fd1-photos.leclercdrive.fr/image.ashx?id=2907222&use=l&cat=p&typeid=i","cat":290634},{"id":68504,"n":"AOC Jurançon  Domaine Laguilhon - 75cl","p":8.19,"u":"10,92 €/L","img":"https://fd1-photos.leclercdrive.fr/image.ashx?id=2855223&use=l&cat=p&typeid=i","cat":289557},{"id":68735,"n":"Thé vert Bio Clipper Détox - 20 sachets - 40g","p":2.28,"u":"57,00 €/KG","img":"https://fd1-photos.leclercdrive.fr/image.ashx?id=2922098&use=l&cat=p&typeid=i","cat":293233},{"id":68736,"n":"Thé vert Bio Clipper 20 sachets - 35g","p":2.27,"u":"64,86 €/KG","img":"https://fd1-photos.leclercdrive.fr/image.ashx?id=2912548&use=l&cat=p&typeid=i","cat":293233},{"id":68737,"n":"Crème de coco légère Bio Bjorg  20cl","p":1.61,"u":"8,05 €/L","img":"https://fd1-photos.leclercdrive.fr/image.ashx?id=2936386&use=l&cat=p&typeid=i","cat":288992},{"id":68738,"n":"Soja cuisine - semi-épaisse Bio Bjorg - 25cl","p":1.18,"u":"4,72 €/L","img":"https://fd1-photos.leclercdrive.fr/image.ashx?id=2906196&use=l&cat=p&typeid=i","cat":316069},{"id":68824,"n":"Coton maxi carré Inell Aloé Vera - x50","p":1.72,"u":"0,03 €/P","img":"https://fd1-photos.leclercdrive.fr/image.ashx?id=1959190&use=l&cat=p&typeid=i","cat":284636},{"id":68840,"n":"Chocolat noir Bio Village Bio - Noisettes entières - 200g","p":3.33,"u":"16,65 €/KG","img":"https://fd1-photos.leclercdrive.fr/image.ashx?id=2646026&use=l&cat=p&typeid=i","cat":284956},{"id":68861,"n":"Miel Bio Village Bio crémeux de fleurs - 500g","p":4.99,"u":"9,98 €/KG","img":"https://fd1-photos.leclercdrive.fr/image.ashx?id=2564219&use=l&cat=p&typeid=i","cat":287643},{"id":68862,"n":"Pâte à tartiner Nustikao 600g","p":2.73,"u":"4,55 €/KG","img":"https://fd1-photos.leclercdrive.fr/image.ashx?id=2814869&use=l&cat=p&typeid=i","cat":284481},{"id":68863,"n":"Compote Douceur du Verger Gourdes Pomme - 12x90g","p":2.95,"u":"2,73 €/KG","img":"https://fd1-photos.leclercdrive.fr/image.ashx?id=2843794&use=l&cat=p&typeid=i","cat":284508},{"id":68866,"n":"Compote Douceur du Verger Bocal pomme - 710g","p":1.27,"u":"1,79 €/KG","img":"https://fd1-photos.leclercdrive.fr/image.ashx?id=2232589&use=l&cat=p&typeid=i","cat":284508},{"id":68868,"n":"Riz long Bio Village Bio semi complet - 500g","p":2.25,"u":"4,50 €/KG","img":"https://fd1-photos.leclercdrive.fr/image.ashx?id=2441513&use=l&cat=p&typeid=i","cat":284428},{"id":68870,"n":"Pistaches Bio Village Grillées salées bio - 100g","p":2.6,"u":"26,00 €/KG","img":"https://fd1-photos.leclercdrive.fr/image.ashx?id=2615789&use=l&cat=p&typeid=i","cat":284448},{"id":68881,"n":"Litchis Douceur du Verger Sirop léger - 250g","p":1.99,"u":"7,96 €/KG","img":"https://fd1-photos.leclercdrive.fr/image.ashx?id=2485089&use=l&cat=p&typeid=i","cat":284507},{"id":68882,"n":"Compote bio Bio Village Coupelle pomme - 8x100g","p":2.89,"u":"3,61 €/KG","img":"https://fd1-photos.leclercdrive.fr/image.ashx?id=1947749&use=l&cat=p&typeid=i","cat":284508},{"id":68902,"n":"Crackers Tokapi 100g","p":0.46,"u":"4,60 €/KG","img":"https://fd1-photos.leclercdrive.fr/image.ashx?id=2661073&use=l&cat=p&typeid=i","cat":297000},{"id":68913,"n":"Purificateur d'air Sanytol Désinfectant - 300ml","p":3.82,"u":"12,73 €/L","img":"https://fd1-photos.leclercdrive.fr/image.ashx?id=2901659&use=l&cat=p&typeid=i","cat":311626},{"id":68949,"n":"Flocons Naturaline Bio 5 céréales - 500g","p":2.25,"u":"4,50 €/KG","img":"https://fd1-photos.leclercdrive.fr/image.ashx?id=2702924&use=l&cat=p&typeid=i","cat":309512},{"id":68952,"n":"Crème dessert La Laitière Velours de crème chocolat 4x85g","p":2.19,"u":"6,44 €/KG","img":"https://fd1-photos.leclercdrive.fr/image.ashx?id=2633824&use=l&cat=p&typeid=i","cat":285041},{"id":68953,"n":"Crème dessert La Laitière Chocolat Caramel - 4x85g","p":2.19,"u":"6,44 €/KG","img":"https://fd1-photos.leclercdrive.fr/image.ashx?id=2633827&use=l&cat=p&typeid=i","cat":285041},{"id":68981,"n":"Couscous Chaque jour sans gluten - de maïs - 375g","p":3.09,"u":"8,24 €/KG","img":"https://fd1-photos.leclercdrive.fr/image.ashx?id=2764143&use=l&cat=p&typeid=i","cat":284429},{"id":68986,"n":"Lait d'amande Bio Village Sans sucre bio - 1L","p":1.41,"u":"1,41 €/L","img":"https://fd1-photos.leclercdrive.fr/image.ashx?id=2358099&use=l&cat=p&typeid=i","cat":316067},{"id":68996,"n":"Crackers bio Bio Village Emmental courge - 200g","p":2.69,"u":"13,45 €/KG","img":"https://fd1-photos.leclercdrive.fr/image.ashx?id=2310507&use=l&cat=p&typeid=i","cat":297000},{"id":69004,"n":"Moutarde Bio Village A l'ancienne bio - 200g","p":1.57,"u":"7,85 €/KG","img":"https://fd1-photos.leclercdrive.fr/image.ashx?id=2607966&use=l&cat=p&typeid=i","cat":288850},{"id":69006,"n":"Tomates séchées Rustica Bocal - 280g","p":2.5,"u":"8,93 €/KG","img":"https://fd1-photos.leclercdrive.fr/image.ashx?id=1222392&use=l&cat=p&typeid=i","cat":284458},{"id":69061,"n":"Yaourt nature Danone 4x125g","p":0.94,"u":"1,88 €/KG","img":"https://fd1-photos.leclercdrive.fr/image.ashx?id=2911184&use=l&cat=p&typeid=i","cat":284409},{"id":69062,"n":"Yaourt nature Danone 12x125g","p":2.83,"u":"1,89 €/KG","img":"https://fd1-photos.leclercdrive.fr/image.ashx?id=2915688&use=l&cat=p&typeid=i","cat":284409},{"id":69063,"n":"Yaourt nature Danone 16x125g","p":3.23,"u":"1,62 €/KG","img":"https://fd1-photos.leclercdrive.fr/image.ashx?id=2915691&use=l&cat=p&typeid=i","cat":284409},{"id":69069,"n":"Yaourts brassés velouté Danone Nature - 12x125g","p":3.69,"u":"2,46 €/KG","img":"https://fd1-photos.leclercdrive.fr/image.ashx?id=2865581&use=l&cat=p&typeid=i","cat":284409},{"id":69070,"n":"Yaourts brassés velouté Danone Nature - 16x125g","p":4.38,"u":"2,19 €/KG","img":"https://fd1-photos.leclercdrive.fr/image.ashx?id=2865584&use=l&cat=p&typeid=i","cat":284409},{"id":69074,"n":"Yaourts brassés Velouté Danone Nature - 8x125g","p":2.48,"u":"2,48 €/KG","img":"https://fd1-photos.leclercdrive.fr/image.ashx?id=2865590&use=l&cat=p&typeid=i","cat":284409},{"id":69084,"n":"petit suisse aux fruits danonino - 6x100g","p":3.09,"u":"5,15 €/KG","img":"https://fd1-photos.leclercdrive.fr/image.ashx?id=3003134&use=l&cat=p&typeid=i","cat":284414},{"id":69087,"n":"Boisson épeautre Bio Bjorg 2x1L","p":4.84,"u":"2,42 €/L","img":"https://fd1-photos.leclercdrive.fr/image.ashx?id=2147993&use=l&cat=p&typeid=i","cat":316067},{"id":69107,"n":"Muesli croustillant nature bio  Terres et Céréales - 1kg","p":5.11,"u":"5,11 €/KG","img":"https://fd1-photos.leclercdrive.fr/image.ashx?id=2802446&use=l&cat=p&typeid=i","cat":309512},{"id":69108,"n":"Muesli duo pépites de chocolats  bio Terres et Céréales -1kg","p":6.28,"u":"6,28 €/KG","img":"https://fd1-photos.leclercdrive.fr/image.ashx?id=2802452&use=l&cat=p&typeid=i","cat":309512},{"id":69141,"n":"Papier cuisson Elembal Rouleau 8m","p":1.07,"u":"0,13 €/MT","img":"https://fd1-photos.leclercdrive.fr/image.ashx?id=2824955&use=l&cat=p&typeid=i","cat":334134},{"id":69145,"n":"Crème lavante Manava Framboise pivoine - 300ml","p":1.28,"u":"4,27 €/L","img":"https://fd1-photos.leclercdrive.fr/image.ashx?id=2935507&use=l&cat=p&typeid=i","cat":284597},{"id":69147,"n":"Café dosettes Tassimo L'Or Café Long Classique x16","p":4.51,"u":"43,37 €/KG","img":"https://fd1-photos.leclercdrive.fr/image.ashx?id=2160312&use=l&cat=p&typeid=i","cat":293240},{"id":69148,"n":"Café dosettes Tassimo L'Or Café Long Intense x16","p":4.79,"u":"37,42 €/KG","img":"https://fd1-photos.leclercdrive.fr/image.ashx?id=2290599&use=l&cat=p&typeid=i","cat":293240},{"id":69150,"n":"Nettoyant multi surfaces Clair Citron - 1.5L","p":1.7,"u":"1,13 €/L","img":"https://fd1-photos.leclercdrive.fr/image.ashx?id=2534211&use=l&cat=p&typeid=i","cat":284907},{"id":69151,"n":"Nettoyant multi surfaces Clair Pins - 1.5L","p":1.7,"u":"1,13 €/L","img":"https://fd1-photos.leclercdrive.fr/image.ashx?id=2369164&use=l&cat=p&typeid=i","cat":284907},{"id":69152,"n":"Nettoyant multi surfaces Clair Fleurs - 1.5L","p":1.7,"u":"1,13 €/L","img":"https://fd1-photos.leclercdrive.fr/image.ashx?id=2381556&use=l&cat=p&typeid=i","cat":284907},{"id":69153,"n":"Nettoyant multi surfaces Clair Fraîcheur pure - 1.5L","p":1.7,"u":"1,13 €/L","img":"https://fd1-photos.leclercdrive.fr/image.ashx?id=2373263&use=l&cat=p&typeid=i","cat":284907},{"id":69154,"n":"Nettoyant multi surfaces Clair Savon de Marseille - 1.5L","p":1.7,"u":"1,13 €/L","img":"https://fd1-photos.leclercdrive.fr/image.ashx?id=2858845&use=l&cat=p&typeid=i","cat":284907},{"id":69155,"n":"Nettoyant multi surfaces Clair Savon noir - 1.5L","p":1.7,"u":"1,13 €/L","img":"https://fd1-photos.leclercdrive.fr/image.ashx?id=2849584&use=l&cat=p&typeid=i","cat":284907},{"id":69159,"n":"Poelée cuisinée légumes Bio Bio village - 600g","p":2.99,"u":"4,98 €/KG","img":"https://fd1-photos.leclercdrive.fr/image.ashx?id=2898074&use=l&cat=p&typeid=i","cat":319823},{"id":69163,"n":"Purée 100% brocolis Bio Bio Village - 450g","p":1.75,"u":"3,89 €/KG","img":"https://fd1-photos.leclercdrive.fr/image.ashx?id=2878750&use=l&cat=p&typeid=i","cat":319805},{"id":69171,"n":"Détachant Système 8 Ace Délicat Bouquet Méditerranée - 2L","p":4.3,"u":"2,15 €/L","img":"https://fd1-photos.leclercdrive.fr/image.ashx?id=2559155&use=l&cat=p&typeid=i","cat":284651},{"id":69213,"n":"Frites à peau McCain Côté Resto - 650g","p":2.74,"u":"4,22 €/KG","img":"https://fd1-photos.leclercdrive.fr/image.ashx?id=2927047&use=l&cat=p&typeid=i","cat":319791},{"id":69215,"n":"Pains wrap Epi d'Or Nature x6 - 383g","p":1.95,"u":"5,09 €/KG","img":"https://fd1-photos.leclercdrive.fr/image.ashx?id=2425488&use=l&cat=p&typeid=i","cat":284985},{"id":69218,"n":"Mini toasts Epi d'or Carré - 120g","p":1.76,"u":"14,67 €/KG","img":"https://fd1-photos.leclercdrive.fr/image.ashx?id=2564339&use=l&cat=p&typeid=i","cat":285454},{"id":69233,"n":"Capsules café L'Or Espresso Ristretto N°11 x10","p":3.18,"u":"61,15 €/KG","img":"https://fd1-photos.leclercdrive.fr/image.ashx?id=2260869&use=l&cat=p&typeid=i","cat":284749},{"id":69240,"n":"Vinaigre en gel Uni Vert 750ml","p":2.98,"u":"3,97 €/L","img":"https://fd1-photos.leclercdrive.fr/image.ashx?id=2883324&use=l&cat=p&typeid=i","cat":325357},{"id":69268,"n":"Liquide vaisselle Rainett Citron écologique - 750ml","p":1.84,"u":"2,45 €/L","img":"https://fd1-photos.leclercdrive.fr/image.ashx?id=2297129&use=l&cat=p&typeid=i","cat":284655},{"id":69279,"n":"Crème soin jour Diadermine Expert Fondamental  - 50ml","p":10.19,"u":"203,80 €/L","img":"https://fd1-photos.leclercdrive.fr/image.ashx?id=2458334&use=l&cat=p&typeid=i","cat":325345},{"id":69280,"n":"Couches bébé Mots d'enfants Midi T3 4/9kg - x50 changes","p":6.35,"u":"0,13 €/P","img":"https://fd1-photos.leclercdrive.fr/image.ashx?id=2699717&use=l&cat=p&typeid=i","cat":284737},{"id":69281,"n":"Couches bébé Mots d'enfants Ultra confort T4 7/18kg - x44","p":6.35,"u":"0,14 €/P","img":"https://fd1-photos.leclercdrive.fr/image.ashx?id=2699720&use=l&cat=p&typeid=i","cat":284737},{"id":69282,"n":"Couches bébé Mots d'enfants Ultra confort T4+  9/20kg - x41","p":6.35,"u":"0,15 €/P","img":"https://fd1-photos.leclercdrive.fr/image.ashx?id=2699723&use=l&cat=p&typeid=i","cat":284737},{"id":69283,"n":"Couches bébé Mots d'enfants Ultra confort T5 11/25kg - x39","p":6.35,"u":"0,16 €/P","img":"https://fd1-photos.leclercdrive.fr/image.ashx?id=2699726&use=l&cat=p&typeid=i","cat":284737},{"id":69284,"n":"Couches bébé Mots d'enfants Ultra confort T6  16/23kg - x33","p":6.35,"u":"0,19 €/P","img":"https://fd1-photos.leclercdrive.fr/image.ashx?id=2699729&use=l&cat=p&typeid=i","cat":284737},{"id":69285,"n":"Couches bébé Mots d'enfants T4 Ultra confort 7/18kg - x144","p":19.85,"u":"0,14 €/P","img":"https://fd1-photos.leclercdrive.fr/image.ashx?id=2689429&use=l&cat=p&typeid=i","cat":284737},{"id":69286,"n":"Couches bébé Mots d'enfants T5 Ultra confort 11/25kg - x136","p":19.85,"u":"0,15 €/P","img":"https://fd1-photos.leclercdrive.fr/image.ashx?id=2691833&use=l&cat=p&typeid=i","cat":284737},{"id":69315,"n":"Sirop saveur mojito Frucci 75cl","p":3.25,"u":"4,33 €/L","img":"https://fd1-photos.leclercdrive.fr/image.ashx?id=2557884&use=l&cat=p&typeid=i","cat":295020},{"id":69317,"n":"Eau minérale naturelle Vittel 6x1.5L","p":2.88,"u":"0,32 €/L","img":"https://fd1-photos.leclercdrive.fr/image.ashx?id=3000441&use=l&cat=p&typeid=i","cat":284535},{"id":69379,"n":"From'Chaud Ermitage 50% mg - 200g","p":3.14,"u":"15,70 €/KG","img":"https://fd1-photos.leclercdrive.fr/image.ashx?id=2966002&use=l&cat=p&typeid=i","cat":314037},{"id":69383,"n":"Fromage à Raclette RichesMonts  Duo Classique & Fumée - 420G","p":6.41,"u":"15,26 €/KG","img":"https://fd1-photos.leclercdrive.fr/image.ashx?id=2953815&use=l&cat=p&typeid=i","cat":314037},{"id":69430,"n":"Poulet Basquaise NRT 750g","p":7.99,"u":"10,65 €/KG","img":"https://fd1-photos.leclercdrive.fr/image.ashx?id=2723255&use=l&cat=p&typeid=i","cat":284441},{"id":69432,"n":"Trio de terrines Label Rouge Nos Régions Ont Du Talent -270g","p":3.7,"u":"13,70 €/KG","img":"https://fd1-photos.leclercdrive.fr/image.ashx?id=3007064&use=l&cat=p&typeid=i","cat":305149},{"id":69679,"n":"Yaourt à la grecque YAOS Nature lit de myrtilles 4x125g","p":2.68,"u":"5,36 €/KG","img":"https://fd1-photos.leclercdrive.fr/image.ashx?id=2614933&use=l&cat=p&typeid=i","cat":314999},{"id":69680,"n":"Yaourt à la grecque YAOS Nature lit de pêches 4x125g","p":2.34,"u":"4,68 €/KG","img":"https://fd1-photos.leclercdrive.fr/image.ashx?id=2539533&use=l&cat=p&typeid=i","cat":314999},{"id":69690,"n":"Mascarpone 41.5% mg Galbani 500g","p":5.28,"u":"10,56 €/KG","img":"https://fd1-photos.leclercdrive.fr/image.ashx?id=2832470&use=l&cat=p&typeid=i","cat":314026},{"id":69705,"n":"Coleslaw moutarde Bonduelle 320g","p":1.86,"u":"5,81 €/KG","img":"https://fd1-photos.leclercdrive.fr/image.ashx?id=2894185&use=l&cat=p&typeid=i","cat":333657},{"id":69739,"n":"Mini feuilletés Côté Table Apéritifs - x30 - 360g","p":3.72,"u":"10,33 €/KG","img":"https://fd1-photos.leclercdrive.fr/image.ashx?id=2212509&use=l&cat=p&typeid=i","cat":319774},{"id":69806,"n":"Pavé de boeuf Tendre & Plus A l'échalote marinés x2 - 260g","p":5.12,"u":"19,69 €/KG","img":"https://fd1-photos.leclercdrive.fr/image.ashx?id=2235383&use=l&cat=p&typeid=i","cat":284328},{"id":69828,"n":"Pavé de boeuf Tendre & Plus nature, marinés x2 - 260g","p":5.12,"u":"19,69 €/KG","img":"https://fd1-photos.leclercdrive.fr/image.ashx?id=2235386&use=l&cat=p&typeid=i","cat":284328},{"id":69910,"n":"Origan Rustica 11g","p":0.45,"u":"40,91 €/KG","img":"https://fd1-photos.leclercdrive.fr/image.ashx?id=2991443&use=l&cat=p&typeid=i","cat":298297},{"id":70114,"n":"Biscuits p'tit dèj BN Extra céréales complètes - 200g","p":1.63,"u":"8,15 €/KG","img":"https://fd1-photos.leclercdrive.fr/image.ashx?id=2603471&use=l&cat=p&typeid=i","cat":284491},{"id":70117,"n":"Biscuits Mc Vitie's Original - 400g","p":1.71,"u":"4,28 €/KG","img":"https://fd1-photos.leclercdrive.fr/image.ashx?id=2310182&use=l&cat=p&typeid=i","cat":284487},{"id":70123,"n":"Fromage blanc Danone Nature 3%MG - 8x100g","p":2.88,"u":"3,60 €/KG","img":"https://fd1-photos.leclercdrive.fr/image.ashx?id=2792075&use=l&cat=p&typeid=i","cat":284409},{"id":70126,"n":"Fromage blanc Danone Nature 3%MG - 4x100g","p":1.8,"u":"4,50 €/KG","img":"https://fd1-photos.leclercdrive.fr/image.ashx?id=2833225&use=l&cat=p&typeid=i","cat":284409},{"id":70140,"n":"Yaourt Nature Panier de Yoplait Lit de Fruits Panaché - 6x140g","p":2.98,"u":"3,55 €/KG","img":"https://fd1-photos.leclercdrive.fr/image.ashx?id=2884429&use=l&cat=p&typeid=i","cat":284410},{"id":70334,"n":"Kasteel rouge  8° 75cl","p":5.24,"u":"6,99 €/L","img":"https://fd1-photos.leclercdrive.fr/image.ashx?id=2981325&use=l&cat=p&typeid=i","cat":334872},{"id":70344,"n":"Triple Secret des Moines 8%  - 75cl","p":3.87,"u":"5,16 €/L","img":"https://fd1-photos.leclercdrive.fr/image.ashx?id=2947991&use=l&cat=p&typeid=i","cat":334872},{"id":70389,"n":"Café dosettes Tassimo L'Or Cappuccino x8","p":4.88,"u":"18,28 €/KG","img":"https://fd1-photos.leclercdrive.fr/image.ashx?id=2100305&use=l&cat=p&typeid=i","cat":293240},{"id":70559,"n":"Ciboulette bio Bio Village 4g","p":0.68,"u":"170,00 €/KG","img":"https://fd1-photos.leclercdrive.fr/image.ashx?id=2711704&use=l&cat=p&typeid=i","cat":298297},{"id":70579,"n":"Fromage Caprice des Dieux  200g","p":2.92,"u":"14,60 €/KG","img":"https://fd1-photos.leclercdrive.fr/image.ashx?id=2762438&use=l&cat=p&typeid=i","cat":314033},{"id":70980,"n":"Crousty chicken Le Gaulois L'original - 400g","p":5.33,"u":"13,33 €/KG","img":"https://fd1-photos.leclercdrive.fr/image.ashx?id=2967765&use=l&cat=p&typeid=i","cat":333684},{"id":70993,"n":"Coulommiers Président  350g","p":2.81,"u":"8,03 €/KG","img":"https://fd1-photos.leclercdrive.fr/image.ashx?id=2029862&use=l&cat=p&typeid=i","cat":314033},{"id":71060,"n":"Basilic Rustica 11g","p":0.39,"u":"35,45 €/KG","img":"https://fd1-photos.leclercdrive.fr/image.ashx?id=2772957&use=l&cat=p&typeid=i","cat":298297},{"id":71067,"n":"Moutarde L'Origine du Goût Poivre vert de Madagascar -100g","p":1.39,"u":"13,90 €/KG","img":"https://fd1-photos.leclercdrive.fr/image.ashx?id=2902573&use=l&cat=p&typeid=i","cat":288850},{"id":71069,"n":"Moutarde à l'ancienne Origine du Goût -Piment espelette -100g","p":1.39,"u":"13,90 €/KG","img":"https://fd1-photos.leclercdrive.fr/image.ashx?id=2794853&use=l&cat=p&typeid=i","cat":288850},{"id":71075,"n":"Vinaigrette biphase Rustica Tomate/ Balsamique - 50cl","p":2.72,"u":"5,44 €/L","img":"https://fd1-photos.leclercdrive.fr/image.ashx?id=1972937&use=l&cat=p&typeid=i","cat":284456},{"id":71077,"n":"Vinaigrette biphase Rustica Ciboulette/Echalote - 50cl","p":2.79,"u":"5,58 €/L","img":"https://fd1-photos.leclercdrive.fr/image.ashx?id=1943241&use=l&cat=p&typeid=i","cat":284456},{"id":71088,"n":"IGP Côtes de Gascogne blanc sec Vieux Carion 10.5% vol - BIB 3L","p":7.99,"u":"2,66 €/L","img":"https://fd1-photos.leclercdrive.fr/image.ashx?id=2872709&use=l&cat=p&typeid=i","cat":289560},{"id":71090,"n":"Boisson énergisante Red bull 6x250ml","p":6.65,"u":"4,43 €/L","img":"https://fd1-photos.leclercdrive.fr/image.ashx?id=3011989&use=l&cat=p&typeid=i","cat":284533},{"id":71100,"n":"IGP Pays d'Oc vin rouge Vieux Carion - BIB 3L","p":7.99,"u":"2,66 €/L","img":"https://fd1-photos.leclercdrive.fr/image.ashx?id=2756879&use=l&cat=p&typeid=i","cat":289560},{"id":71101,"n":"IGP Pays d'Oc Muscat blanc  Moelleux 12% vol - 75cl","p":2.99,"u":"3,99 €/L","img":"https://fd1-photos.leclercdrive.fr/image.ashx?id=2870080&use=l&cat=p&typeid=i","cat":289557},{"id":71102,"n":"Bière Desperados 65cl","p":2.63,"u":"4,05 €/L","img":"https://fd1-photos.leclercdrive.fr/image.ashx?id=2977960&use=l&cat=p&typeid=i","cat":334878},{"id":71106,"n":"Ail semoule Rustica 110g","p":1.39,"u":"12,64 €/KG","img":"https://fd1-photos.leclercdrive.fr/image.ashx?id=2870038&use=l&cat=p&typeid=i","cat":298297},{"id":71107,"n":"Bouquet garni entier Rustica 17g","p":1.68,"u":"98,82 €/KG","img":"https://fd1-photos.leclercdrive.fr/image.ashx?id=1710608&use=l&cat=p&typeid=i","cat":298297},{"id":71154,"n":"Arôme vanille Tablier Blanc 200ml","p":2.31,"u":"11,55 €/L","img":"https://fd1-photos.leclercdrive.fr/image.ashx?id=2487476&use=l&cat=p&typeid=i","cat":284504},{"id":71155,"n":"Ail semoule Rustica Flacon - 60g","p":0.99,"u":"16,50 €/KG","img":"https://fd1-photos.leclercdrive.fr/image.ashx?id=2797790&use=l&cat=p&typeid=i","cat":298297},{"id":71156,"n":"Moulin 5 baies Rustica Flacon - 24g","p":1.19,"u":"49,58 €/KG","img":"https://fd1-photos.leclercdrive.fr/image.ashx?id=1691342&use=l&cat=p&typeid=i","cat":284457},{"id":71157,"n":"Herbe de provence haché Rustica 40g","p":0.89,"u":"22,25 €/KG","img":"https://fd1-photos.leclercdrive.fr/image.ashx?id=2935226&use=l&cat=p&typeid=i","cat":298297},{"id":71158,"n":"Poivre gris moulu Rustica Boite - 90g","p":2.29,"u":"25,44 €/KG","img":"https://fd1-photos.leclercdrive.fr/image.ashx?id=1239440&use=l&cat=p&typeid=i","cat":284457},{"id":71162,"n":"Assortiment crackers Tokapi 85g","p":0.69,"u":"8,12 €/KG","img":"https://fd1-photos.leclercdrive.fr/image.ashx?id=1926981&use=l&cat=p&typeid=i","cat":297000},{"id":71164,"n":"Gel lavant Bionaïa Abricot bio - 300ml","p":1.79,"u":"5,97 €/L","img":"https://fd1-photos.leclercdrive.fr/image.ashx?id=2935525&use=l&cat=p&typeid=i","cat":284597},{"id":71232,"n":"Scotch Whisky William Peel Edition limitée 40%vol - 1L","p":16.55,"pp":15.55,"u":"15,55 €/L","img":"https://fd1-photos.leclercdrive.fr/image.ashx?id=2867014&use=l&cat=p&typeid=i","cat":284547},{"id":71320,"n":"Whisky japonais Togouchi Premium - 40%vol - 70cl","p":38.04,"u":"54,34 €/L","img":"https://fd1-photos.leclercdrive.fr/image.ashx?id=2685291&use=l&cat=p&typeid=i","cat":284547},{"id":71351,"n":"Cocktail Pêche Océan Fruits de mer - 500g","p":4.94,"u":"9,88 €/KG","img":"https://fd1-photos.leclercdrive.fr/image.ashx?id=2686347&use=l&cat=p&typeid=i","cat":319787},{"id":71413,"n":"Déodorant Manava Freesia Orchidée - 100ml","p":1.36,"u":"13,60 €/L","img":"https://fd1-photos.leclercdrive.fr/image.ashx?id=2656451&use=l&cat=p&typeid=i","cat":284595},{"id":71417,"n":"Petits pois très fins Eco  560g","p":1.15,"u":"2,05 €/KG","img":"https://fd1-photos.leclercdrive.fr/image.ashx?id=3003711&use=l&cat=p&typeid=i","cat":312607},{"id":71419,"n":"Petits pois carottes Eco  530g","p":1.12,"u":"2,11 €/KG","img":"https://fd1-photos.leclercdrive.fr/image.ashx?id=3003714&use=l&cat=p&typeid=i","cat":312607},{"id":71429,"n":"Haricots verts extra fins Eco  440g","p":1.04,"u":"2,36 €/KG","img":"https://fd1-photos.leclercdrive.fr/image.ashx?id=3003726&use=l&cat=p&typeid=i","cat":312606},{"id":71439,"n":"Filets de colin d'Alaska Eco+ 10x100g","p":5.32,"u":"5,32 €/KG","img":"https://fd1-photos.leclercdrive.fr/image.ashx?id=1668300&use=l&cat=p&typeid=i","cat":319786},{"id":71440,"n":"Curry poudre bio Ducros Flacon - 36g","p":2.42,"u":"67,22 €/KG","img":"https://fd1-photos.leclercdrive.fr/image.ashx?id=2484071&use=l&cat=p&typeid=i","cat":298297},{"id":71441,"n":"Ail bio Ducros Flacon - 52g","p":2.67,"u":"51,35 €/KG","img":"https://fd1-photos.leclercdrive.fr/image.ashx?id=2484077&use=l&cat=p&typeid=i","cat":298297},{"id":71442,"n":"Cassoulet Eco+ 840g","p":1.97,"u":"2,35 €/KG","img":"https://fd1-photos.leclercdrive.fr/image.ashx?id=2518529&use=l&cat=p&typeid=i","cat":284440},{"id":71444,"n":"Galettes au beurre Eco+ x16 - 125g","p":0.64,"u":"5,12 €/KG","img":"https://fd1-photos.leclercdrive.fr/image.ashx?id=2746781&use=l&cat=p&typeid=i","cat":284487},{"id":71447,"n":"Curcuma bio Ducros Flacon - 42g","p":2.26,"u":"53,81 €/KG","img":"https://fd1-photos.leclercdrive.fr/image.ashx?id=2484086&use=l&cat=p&typeid=i","cat":298297},{"id":71448,"n":"Raviolis à la sauce tomate Eco+ 800g","p":1.71,"u":"2,14 €/KG","img":"https://fd1-photos.leclercdrive.fr/image.ashx?id=2688288&use=l&cat=p&typeid=i","cat":284442},{"id":71451,"n":"Serviettes maxi nuit Eco+ x10","p":0.64,"u":"0,06 €/P","img":"https://fd1-photos.leclercdrive.fr/image.ashx?id=2177511&use=l&cat=p&typeid=i","cat":284624},{"id":71454,"n":"Persil bio Ducros Flacon - 7g","p":2.33,"u":"332,86 €/KG","img":"https://fd1-photos.leclercdrive.fr/image.ashx?id=2484062&use=l&cat=p&typeid=i","cat":298297},{"id":71455,"n":"Gélatine feuille bio Vahiné 10g","p":1.39,"u":"139,00 €/KG","img":"https://fd1-photos.leclercdrive.fr/image.ashx?id=2559829&use=l&cat=p&typeid=i","cat":284504},{"id":71457,"n":"Amande poudre bio Vahiné 100g","p":4.28,"u":"42,80 €/KG","img":"https://fd1-photos.leclercdrive.fr/image.ashx?id=2504221&use=l&cat=p&typeid=i","cat":284504},{"id":71459,"n":"Noix coco rapée bio Vahiné 115g","p":2.52,"u":"21,91 €/KG","img":"https://fd1-photos.leclercdrive.fr/image.ashx?id=2559841&use=l&cat=p&typeid=i","cat":284504},{"id":71460,"n":"Poudre à lever bio Vahiné 5 sachets - 35g","p":1.01,"u":"28,86 €/KG","img":"https://fd1-photos.leclercdrive.fr/image.ashx?id=2559832&use=l&cat=p&typeid=i","cat":294686},{"id":71461,"n":"Sucre vanillé bio Vahiné 5 sachets - 35G","p":3.6,"u":"102,86 €/KG","img":"https://fd1-photos.leclercdrive.fr/image.ashx?id=2559835&use=l&cat=p&typeid=i","cat":284504},{"id":71463,"n":"Raisins secs bio Vahiné 200g","p":3.23,"u":"16,15 €/KG","img":"https://fd1-photos.leclercdrive.fr/image.ashx?id=2559844&use=l&cat=p&typeid=i","cat":284357},{"id":71469,"n":"DOC Prosecco extra-dry blanc 7% vol - 75cl","p":4.99,"u":"6,65 €/L","img":"https://fd1-photos.leclercdrive.fr/image.ashx?id=2977171&use=l&cat=p&typeid=i","cat":289461},{"id":71475,"n":"Vin d'Espagne Grenache rosé Adrien Champaud - BIB 5L","p":9.99,"u":"2,00 €/L","img":"https://fd1-photos.leclercdrive.fr/image.ashx?id=2959623&use=l&cat=p&typeid=i","cat":289560},{"id":71489,"n":"Croissants Epi d'Or x8 - 320g","p":1.7,"u":"5,31 €/KG","img":"https://fd1-photos.leclercdrive.fr/image.ashx?id=2860766&use=l&cat=p&typeid=i","cat":296366},{"id":71497,"n":"Tartelette P'tit Déli Fraise - 127g","p":1.42,"u":"11,18 €/KG","img":"https://fd1-photos.leclercdrive.fr/image.ashx?id=2888640&use=l&cat=p&typeid=i","cat":284489},{"id":71524,"n":"Goûter rectangle P'tit Déli Fourré chocolat - 125g","p":1.19,"u":"9,52 €/KG","img":"https://fd1-photos.leclercdrive.fr/image.ashx?id=2619725&use=l&cat=p&typeid=i","cat":284488},{"id":71528,"n":"Fromage frais nature Bio Bio village - 8x100g","p":3.14,"u":"3,93 €/KG","img":"https://fd1-photos.leclercdrive.fr/image.ashx?id=2839950&use=l&cat=p&typeid=i","cat":284409},{"id":71531,"n":"Crème fraiche bio Bio village Epaisse - 30% MG  - 50cl","p":2.66,"u":"5,32 €/L","img":"https://fd1-photos.leclercdrive.fr/image.ashx?id=1975050&use=l&cat=p&typeid=i","cat":284381},{"id":71535,"n":"Pommes de terre NRT à l'échirlète - 600g","p":3.55,"u":"5,92 €/KG","img":"https://fd1-photos.leclercdrive.fr/image.ashx?id=2699855&use=l&cat=p&typeid=i","cat":319792},{"id":71546,"n":"Gaufrettes P'tit Déli Vanille - 110g","p":1.01,"u":"9,18 €/KG","img":"https://fd1-photos.leclercdrive.fr/image.ashx?id=2436023&use=l&cat=p&typeid=i","cat":284487},{"id":71553,"n":"Déodorant Manava Freesia Orchidée - 200ml","p":1.36,"u":"6,80 €/L","img":"https://fd1-photos.leclercdrive.fr/image.ashx?id=2656454&use=l&cat=p&typeid=i","cat":284595},{"id":71565,"n":"Pêches Douceur du Verger Sirop léger - 465g","p":1.62,"u":"3,48 €/KG","img":"https://fd1-photos.leclercdrive.fr/image.ashx?id=2666471&use=l&cat=p&typeid=i","cat":284507},{"id":71566,"n":"Sauce Soja Tables Du Monde 125ml","p":0.83,"u":"6,64 €/L","img":"https://fd1-photos.leclercdrive.fr/image.ashx?id=2679765&use=l&cat=p&typeid=i","cat":288992},{"id":71575,"n":"Test de grossesse Primoplast x1","p":0.73,"img":"https://fd1-photos.leclercdrive.fr/image.ashx?id=2832975&use=l&cat=p&typeid=i","cat":324482},{"id":71578,"n":"Crème lavante Manava Surgras - 300ml","p":1.12,"u":"3,73 €/L","img":"https://fd1-photos.leclercdrive.fr/image.ashx?id=2935513&use=l&cat=p&typeid=i","cat":284597},{"id":71579,"n":"Recharge crème lavante Manava Surgras - 250ml","p":0.66,"u":"2,64 €/L","img":"https://fd1-photos.leclercdrive.fr/image.ashx?id=2935516&use=l&cat=p&typeid=i","cat":284597},{"id":71599,"n":"Bicarbonate de soude Clair 500g","p":1.5,"u":"3,00 €/KG","img":"https://fd1-photos.leclercdrive.fr/image.ashx?id=2822129&use=l&cat=p&typeid=i","cat":325365},{"id":71600,"n":"Champignons Notre Jardin Emincés, épais - 230g","p":1.43,"u":"6,22 €/KG","img":"https://fd1-photos.leclercdrive.fr/image.ashx?id=2553917&use=l&cat=p&typeid=i","cat":312610},{"id":71602,"n":"Change bébé Mots d'Enfants Nouveau né - T1 - 2/5kg - x23","p":2.36,"u":"0,10 €/P","img":"https://fd1-photos.leclercdrive.fr/image.ashx?id=2907225&use=l&cat=p&typeid=i","cat":284737},{"id":71627,"n":"Boisson végétale Bio Village Soja chocolat bio - 1l","p":1.5,"u":"1,50 €/L","img":"https://fd1-photos.leclercdrive.fr/image.ashx?id=2352240&use=l&cat=p&typeid=i","cat":316067},{"id":71629,"n":"Boisson végétale Bio Village Lait amande intense bio - 1l","p":2.39,"u":"2,39 €/L","img":"https://fd1-photos.leclercdrive.fr/image.ashx?id=2386185&use=l&cat=p&typeid=i","cat":316067},{"id":71637,"n":"Bâtonnets enrobés bio Bio Village - Chocolat noir - 125g","p":1.99,"u":"15,92 €/KG","img":"https://fd1-photos.leclercdrive.fr/image.ashx?id=1241599&use=l&cat=p&typeid=i","cat":284488},{"id":71649,"n":"Herbe Provence bio Bio Village 14g","p":0.79,"u":"56,43 €/KG","img":"https://fd1-photos.leclercdrive.fr/image.ashx?id=2711695&use=l&cat=p&typeid=i","cat":298297},{"id":71650,"n":"Saumon fumé L'Origine du Goût Ecosse x4 - 140g","p":8.04,"u":"57,43 €/KG","img":"https://fd1-photos.leclercdrive.fr/image.ashx?id=2775484&use=l&cat=p&typeid=i","cat":285188},{"id":71655,"n":"Curry moulu Bio Village Bio - 37g","p":1.25,"u":"33,78 €/KG","img":"https://fd1-photos.leclercdrive.fr/image.ashx?id=2714989&use=l&cat=p&typeid=i","cat":298297},{"id":72032,"n":"Bière blonde Affligem 6.7% vol -  Fût 5L","p":20.33,"u":"4,07 €/L","img":"https://fd1-photos.leclercdrive.fr/image.ashx?id=2672722&use=l&cat=p&typeid=i","cat":334879},{"id":72734,"n":"Pain de mie Schär - Céréales Sans gluten - 300g","p":3.6,"u":"12,00 €/KG","img":"https://fd1-photos.leclercdrive.fr/image.ashx?id=2659421&use=l&cat=p&typeid=i","cat":318654},{"id":72786,"n":"Bière blonde Pelforth Fût pression - 5L","p":16.01,"u":"3,20 €/L","img":"https://fd1-photos.leclercdrive.fr/image.ashx?id=2767249&use=l&cat=p&typeid=i","cat":334879},{"id":72789,"n":"Bière blonde Desperados Fût 5L","p":19.94,"u":"3,99 €/L","img":"https://fd1-photos.leclercdrive.fr/image.ashx?id=2983513&use=l&cat=p&typeid=i","cat":334879},{"id":72894,"n":"Huile d'olive Rustica Vierge extra fruité - 75cl","p":7.99,"u":"10,65 €/L","img":"https://fd1-photos.leclercdrive.fr/image.ashx?id=2898029&use=l&cat=p&typeid=i","cat":284453},{"id":72899,"n":"Crème de chataîgne Ethiquable de L'Aveyron bio - 320g","p":4.79,"u":"14,97 €/KG","img":"https://fd1-photos.leclercdrive.fr/image.ashx?id=2997106&use=l&cat=p&typeid=i","cat":284481},{"id":72909,"n":"Pur jus de pomme Paysans d'ici Pommes Bio - 1L","p":3.82,"u":"3,82 €/L","img":"https://fd1-photos.leclercdrive.fr/image.ashx?id=2522308&use=l&cat=p&typeid=i","cat":284522},{"id":72910,"n":"Pur jus Ethiquable Raisin bio - 1L","p":3.93,"u":"3,93 €/L","img":"https://fd1-photos.leclercdrive.fr/image.ashx?id=2916255&use=l&cat=p&typeid=i","cat":284915},{"id":72911,"n":"Pur jus Ethiquable Tomates de Marmande bio - 75cl","p":2.88,"u":"3,84 €/L","img":"https://fd1-photos.leclercdrive.fr/image.ashx?id=2915575&use=l&cat=p&typeid=i","cat":284523},{"id":72934,"n":"Sauce nuoc mam Tables du monde 125ml","p":0.91,"u":"7,28 €/L","img":"https://fd1-photos.leclercdrive.fr/image.ashx?id=2679771&use=l&cat=p&typeid=i","cat":288992},{"id":73006,"n":"Sauce pour nems Tables du monde 125ml","p":0.99,"u":"7,92 €/L","img":"https://fd1-photos.leclercdrive.fr/image.ashx?id=2526306&use=l&cat=p&typeid=i","cat":288992},{"id":73084,"n":"Crème Hydratante Visage Mixa Peaux Sensibles - 100ml","p":2.73,"u":"27,30 €/L","img":"https://fd1-photos.leclercdrive.fr/image.ashx?id=2300749&use=l&cat=p&typeid=i","cat":325345},{"id":73346,"n":"Apéritif de nos régions 26 pièces - 320g","p":5.27,"u":"16,47 €/KG","img":"https://fd1-photos.leclercdrive.fr/image.ashx?id=1988262&use=l&cat=p&typeid=i","cat":319774},{"id":73348,"n":"Apéritif de nos régions A l'italienne, 22 pièces - 220g","p":5.75,"u":"26,14 €/KG","img":"https://fd1-photos.leclercdrive.fr/image.ashx?id=1567240&use=l&cat=p&typeid=i","cat":319774},{"id":73689,"n":"Pomme jaune bio Bio Village x4","p":1.99,"u":"0,50 €/P","img":"https://fd1-photos.leclercdrive.fr/image.ashx?id=2556544&use=l&cat=p&typeid=i","cat":284356},{"id":73697,"n":"Compote Allégée en sucres Eco+ Bocal pomme - 720g","p":0.85,"u":"1,18 €/KG","img":"https://fd1-photos.leclercdrive.fr/image.ashx?id=2953185&use=l&cat=p&typeid=i","cat":284508},{"id":73705,"n":"AOC Bourgogne Pinot Noir Couvent des Visitandines - 75cl","p":9.08,"u":"12,11 €/L","img":"https://fd1-photos.leclercdrive.fr/image.ashx?id=2870221&use=l&cat=p&typeid=i","cat":289556},{"id":73706,"n":"Riz basmati Eco+ 1kg","p":2.01,"u":"2,01 €/KG","img":"https://fd1-photos.leclercdrive.fr/image.ashx?id=2141651&use=l&cat=p&typeid=i","cat":284428},{"id":73717,"n":"Pommes de terre Eco+ 530g","p":1.17,"u":"2,21 €/KG","img":"https://fd1-photos.leclercdrive.fr/image.ashx?id=2473186&use=l&cat=p&typeid=i","cat":312612},{"id":73729,"n":"Tartelettes à la fraise Eco+ x12 - 200g","p":0.8,"u":"4,00 €/KG","img":"https://fd1-photos.leclercdrive.fr/image.ashx?id=2869757&use=l&cat=p&typeid=i","cat":284489},{"id":73732,"n":"Gel WC javel Eco+ 750ml","p":0.57,"u":"0,76 €/L","img":"https://fd1-photos.leclercdrive.fr/image.ashx?id=2768074&use=l&cat=p&typeid=i","cat":284662},{"id":73781,"n":"Maïs doux Eco+ 285g","p":0.79,"u":"2,77 €/KG","img":"https://fd1-photos.leclercdrive.fr/image.ashx?id=3003738&use=l&cat=p&typeid=i","cat":312611},{"id":73785,"n":"Gateaux fourrage chocolat Eco+ x14 - 420g","p":1.98,"u":"4,71 €/KG","img":"https://fd1-photos.leclercdrive.fr/image.ashx?id=2050591&use=l&cat=p&typeid=i","cat":284369},{"id":73790,"n":"Café soluble Eco+ 200g","p":3.47,"u":"17,35 €/KG","img":"https://fd1-photos.leclercdrive.fr/image.ashx?id=1654429&use=l&cat=p&typeid=i","cat":284843},{"id":73791,"n":"Chips nature Eco+ 200g","p":1.0,"u":"5,00 €/KG","img":"https://fd1-photos.leclercdrive.fr/image.ashx?id=2943596&use=l&cat=p&typeid=i","cat":284447},{"id":73793,"n":"Goûters ronds Eco+ Fourrés chocolat - 500g","p":1.35,"u":"2,70 €/KG","img":"https://fd1-photos.leclercdrive.fr/image.ashx?id=2222751&use=l&cat=p&typeid=i","cat":284488},{"id":73797,"n":"Pâtes Eco+ Macaroni - 1kg","p":1.01,"u":"1,01 €/KG","img":"https://fd1-photos.leclercdrive.fr/image.ashx?id=2887395&use=l&cat=p&typeid=i","cat":284427},{"id":73798,"n":"Pâtes Eco+ Coquillettes - 1kg","p":1.03,"u":"1,03 €/KG","img":"https://fd1-photos.leclercdrive.fr/image.ashx?id=2885723&use=l&cat=p&typeid=i","cat":284427},{"id":73799,"n":"Pâtes Eco+ Torsades - 1kg","p":1.0,"u":"1,00 €/KG","img":"https://fd1-photos.leclercdrive.fr/image.ashx?id=2885726&use=l&cat=p&typeid=i","cat":284427},{"id":73802,"n":"Riz soufflé Eco+ Au chocolat au lait - 750g","p":2.71,"u":"3,61 €/KG","img":"https://fd1-photos.leclercdrive.fr/image.ashx?id=2943082&use=l&cat=p&typeid=i","cat":309513},{"id":73803,"n":"Shampooing aux oeufs Eco+ 750ml","p":0.53,"u":"0,71 €/L","img":"https://fd1-photos.leclercdrive.fr/image.ashx?id=2779178&use=l&cat=p&typeid=i","cat":284606},{"id":73805,"n":"Biscuit fourré cacao Eco+ x12 - 225g","p":0.98,"u":"4,36 €/KG","img":"https://fd1-photos.leclercdrive.fr/image.ashx?id=2834223&use=l&cat=p&typeid=i","cat":284488},{"id":73807,"n":"Carré coton bébé Eco+ x60","p":1.01,"u":"0,02 €/P","img":"https://fd1-photos.leclercdrive.fr/image.ashx?id=2987634&use=l&cat=p&typeid=i","cat":284739},{"id":73819,"n":"Mister Cocktail sans alcool Rosé pamplemousse - 75cl","p":3.2,"u":"4,27 €/L","img":"https://fd1-photos.leclercdrive.fr/image.ashx?id=2962224&use=l&cat=p&typeid=i","cat":284549},{"id":73820,"n":"Mister Cocktail sans alcool Sangria - 75cl","p":3.2,"u":"4,27 €/L","img":"https://fd1-photos.leclercdrive.fr/image.ashx?id=2962227&use=l&cat=p&typeid=i","cat":284551},{"id":73828,"n":"Mini coquilles St Jacques Escal 150g","p":6.99,"u":"46,60 €/KG","img":"https://fd1-photos.leclercdrive.fr/image.ashx?id=1598832&use=l&cat=p&typeid=i","cat":319775},{"id":74048,"n":"Lasagnes à la bolognaise Eco + 1kg","p":2.54,"u":"2,54 €/KG","img":"https://fd1-photos.leclercdrive.fr/image.ashx?id=2779166&use=l&cat=p&typeid=i","cat":284254},{"id":74089,"n":"Batonnets Poissons panés Eco+ x15 - 450g","p":1.62,"u":"3,60 €/KG","img":"https://fd1-photos.leclercdrive.fr/image.ashx?id=2843565&use=l&cat=p&typeid=i","cat":319788},{"id":74090,"n":"Nectar Multifruits Eco+ Brique - 2L","p":1.38,"u":"0,69 €/L","img":"https://fd1-photos.leclercdrive.fr/image.ashx?id=2751853&use=l&cat=p&typeid=i","cat":284917},{"id":74091,"n":"Mozzarella Eco+ 18%mg - 125g","p":0.76,"u":"6,08 €/KG","img":"https://fd1-photos.leclercdrive.fr/image.ashx?id=2754868&use=l&cat=p&typeid=i","cat":314026},{"id":74094,"n":"Paella Eco+ Sachet - 1kg","p":3.59,"u":"3,59 €/KG","img":"https://fd1-photos.leclercdrive.fr/image.ashx?id=2801771&use=l&cat=p&typeid=i","cat":284254},{"id":74105,"n":"Pur jus d'orange Eco  1.5L","p":2.46,"u":"1,64 €/L","img":"https://fd1-photos.leclercdrive.fr/image.ashx?id=2720136&use=l&cat=p&typeid=i","cat":284521},{"id":74112,"n":"Pommes frites Eco+ 1kg","p":1.68,"u":"1,68 €/KG","img":"https://fd1-photos.leclercdrive.fr/image.ashx?id=2958302&use=l&cat=p&typeid=i","cat":319791},{"id":74115,"n":"Petit Brie Eco+ 32%mg - 500g","p":3.39,"u":"6,78 €/KG","img":"https://fd1-photos.leclercdrive.fr/image.ashx?id=2799233&use=l&cat=p&typeid=i","cat":314033},{"id":74123,"n":"Citron jaune Rustica 200ml","p":0.79,"u":"3,95 €/L","img":"https://fd1-photos.leclercdrive.fr/image.ashx?id=2627652&use=l&cat=p&typeid=i","cat":288383},{"id":74133,"n":"Bâtonnets de Surimi Pêche Océan MSC - x18 bâtonnets - 300g","p":2.05,"u":"6,83 €/KG","img":"https://fd1-photos.leclercdrive.fr/image.ashx?id=2981894&use=l&cat=p&typeid=i","cat":285189},{"id":74284,"n":"Brocolis bio Bio Village 500g","p":2.49,"u":"4,98 €/KG","img":"https://fd1-photos.leclercdrive.fr/image.ashx?id=2960547&use=l&cat=p&typeid=i","cat":284352},{"id":74332,"n":"Miel Calmi'toux Eucalyptus/Pin Baronnie des Lys Bio - 250g","p":7.4,"u":"29,60 €/KG","img":"https://fd1-photos.leclercdrive.fr/image.ashx?id=1561483&use=l&cat=p&typeid=i","cat":287643},{"id":74340,"n":"Jambon le gourmet Madrange A l'os - x4 - 160g","p":2.82,"u":"17,63 €/KG","img":"https://fd1-photos.leclercdrive.fr/image.ashx?id=3008206&use=l&cat=p&typeid=i","cat":316009},{"id":74344,"n":"Shampooing Naturé Moi Nourrissant - 250ml","p":2.23,"u":"8,92 €/L","img":"https://fd1-photos.leclercdrive.fr/image.ashx?id=2741472&use=l&cat=p&typeid=i","cat":284606},{"id":74381,"n":"Mousse de canard Madrange Au porto - 180g","p":1.72,"u":"9,56 €/KG","img":"https://fd1-photos.leclercdrive.fr/image.ashx?id=2865704&use=l&cat=p&typeid=i","cat":316008},{"id":74610,"n":"La Fermière Yaourt au lait entier Vanille - 2x140g","p":2.29,"u":"8,18 €/KG","img":"https://fd1-photos.leclercdrive.fr/image.ashx?id=3004924&use=l&cat=p&typeid=i","cat":286006},{"id":74656,"n":"Croquettes chien Purina One Medium adulte poulet riz  2.5kg","p":8.2,"u":"3,28 €/KG","img":"https://fd1-photos.leclercdrive.fr/image.ashx?id=2878384&use=l&cat=p&typeid=i","cat":284672},{"id":74697,"n":"Fondue aux 3 fromages Président 16%mg - 600g","p":6.01,"u":"10,02 €/KG","img":"https://fd1-photos.leclercdrive.fr/image.ashx?id=2632996&use=l&cat=p&typeid=i","cat":314037},{"id":74781,"n":"Soupe déshydratée Yum Yum Légume - 5x60g","p":1.89,"u":"6,30 €/KG","img":"https://fd1-photos.leclercdrive.fr/image.ashx?id=1763862&use=l&cat=p&typeid=i","cat":287367},{"id":74857,"n":"Gateaux P'tit Déli Tout chocolat x7 - 210g","p":2.2,"u":"10,48 €/KG","img":"https://fd1-photos.leclercdrive.fr/image.ashx?id=1947372&use=l&cat=p&typeid=i","cat":294776},{"id":74860,"n":"Champignons Notre Jardin A la grecque - 400g","p":1.56,"u":"3,90 €/KG","img":"https://fd1-photos.leclercdrive.fr/image.ashx?id=2531101&use=l&cat=p&typeid=i","cat":312610},{"id":75017,"n":"Maquereaux Pêche Océan Grillé nature - 97g","p":1.81,"u":"18,66 €/KG","img":"https://fd1-photos.leclercdrive.fr/image.ashx?id=2394681&use=l&cat=p&typeid=i","cat":303868},{"id":75337,"n":"Café en grains Méo L'original Bio - 500g","p":9.09,"u":"18,18 €/KG","img":"https://fd1-photos.leclercdrive.fr/image.ashx?id=2798533&use=l&cat=p&typeid=i","cat":293237},{"id":75338,"n":"Sachets Infusion bio Clipper Mes belles gambettes - 40g","p":2.21,"u":"55,25 €/KG","img":"https://fd1-photos.leclercdrive.fr/image.ashx?id=2908300&use=l&cat=p&typeid=i","cat":293234},{"id":75348,"n":"Confiture Bio Lucien Georgelin Orange/Citron/Pamplemousse 320g","p":2.63,"u":"8,22 €/KG","img":"https://fd1-photos.leclercdrive.fr/image.ashx?id=2098736&use=l&cat=p&typeid=i","cat":284480},{"id":75357,"n":"Jus multifruits Jafaden Matin Fruité - 1L","p":2.09,"u":"2,09 €/L","img":"https://fd1-photos.leclercdrive.fr/image.ashx?id=2916713&use=l&cat=p&typeid=i","cat":285435},{"id":75376,"n":"Tartine/cuisine bio Bjorg Trio de poivrons - 135g","p":2.81,"u":"20,81 €/KG","img":"https://fd1-photos.leclercdrive.fr/image.ashx?id=2756218&use=l&cat=p&typeid=i","cat":315999},{"id":75377,"n":"Nouilles cup Tanoshi Boeuf teppanyaki - 2x65g","p":2.89,"u":"22,23 €/KG","img":"https://fd1-photos.leclercdrive.fr/image.ashx?id=2921609&use=l&cat=p&typeid=i","cat":288992},{"id":75421,"n":"Avoine cuisiné bio Bjorg 200ml","p":1.09,"u":"5,45 €/L","img":"https://fd1-photos.leclercdrive.fr/image.ashx?id=2757292&use=l&cat=p&typeid=i","cat":288383},{"id":75426,"n":"Tofu fumé bio Bjorg - 2x100g","p":3.15,"u":"15,75 €/KG","img":"https://fd1-photos.leclercdrive.fr/image.ashx?id=2928531&use=l&cat=p&typeid=i","cat":284953},{"id":75475,"n":"Biscuits Oréo Format familial 440g","p":3.51,"u":"7,98 €/KG","img":"https://fd1-photos.leclercdrive.fr/image.ashx?id=2903827&use=l&cat=p&typeid=i","cat":284488},{"id":75491,"n":"Tablette chocolat au lait Lindt Praliné noisettes - 225g","p":4.08,"u":"18,13 €/KG","img":"https://fd1-photos.leclercdrive.fr/image.ashx?id=2423756&use=l&cat=p&typeid=i","cat":284497},{"id":75539,"n":"Saucisse cockail Tradilege Bacon - 300g","p":2.82,"u":"9,40 €/KG","img":"https://fd1-photos.leclercdrive.fr/image.ashx?id=2930784&use=l&cat=p&typeid=i","cat":316012},{"id":75557,"n":"Tablette de chocolat noir Lindt Praliné Noisettes - 225g","p":4.21,"u":"18,71 €/KG","img":"https://fd1-photos.leclercdrive.fr/image.ashx?id=2606912&use=l&cat=p&typeid=i","cat":284956},{"id":75593,"n":"Ail blanc bio Bio Village 250g","p":3.79,"u":"15,16 €/KG","img":"https://fd1-photos.leclercdrive.fr/image.ashx?id=2922457&use=l&cat=p&typeid=i","cat":284352},{"id":75595,"n":"Courge butternut bio Bio Village - x1","p":2.59,"img":"https://fd1-photos.leclercdrive.fr/image.ashx?id=2645759&use=l&cat=p&typeid=i","cat":284352},{"id":75629,"n":"Liégeois chocolat Bio Bio village - 4x100g","p":1.89,"u":"4,73 €/KG","img":"https://fd1-photos.leclercdrive.fr/image.ashx?id=2992639&use=l&cat=p&typeid=i","cat":285042},{"id":75630,"n":"Liégéois Bio Bio Village Café - 4x100g","p":1.89,"u":"4,73 €/KG","img":"https://fd1-photos.leclercdrive.fr/image.ashx?id=2992642&use=l&cat=p&typeid=i","cat":285042},{"id":75657,"n":"Matelas pliant Mots d'Enfants 2 parties pour lit 60x120cm","p":18.95,"img":"https://fd1-photos.leclercdrive.fr/image.ashx?id=1279912&use=l&cat=p&typeid=i","cat":299760},{"id":75976,"n":"Potimarron bio Bio Village 1p","p":2.69,"img":"https://fd1-photos.leclercdrive.fr/image.ashx?id=2645765&use=l&cat=p&typeid=i","cat":284352},{"id":75984,"n":"Crevettes Bio Bio Village 100g","p":3.28,"u":"32,80 €/KG","img":"https://fd1-photos.leclercdrive.fr/image.ashx?id=2121564&use=l&cat=p&typeid=i","cat":284343},{"id":75986,"n":"Pizza Feu de bois Bio Village Bio Margharita - 350g","p":3.29,"u":"9,40 €/KG","img":"https://fd1-photos.leclercdrive.fr/image.ashx?id=2943668&use=l&cat=p&typeid=i","cat":284256},{"id":75988,"n":"Fromage blanc lait Bio Village Bio Brebis - 400g","p":2.5,"u":"6,25 €/KG","img":"https://fd1-photos.leclercdrive.fr/image.ashx?id=2839953&use=l&cat=p&typeid=i","cat":314998},{"id":76008,"n":"Chocolat au lait Lindt Création La Crème brûlée - 150g","p":3.08,"u":"20,53 €/KG","img":"https://fd1-photos.leclercdrive.fr/image.ashx?id=2685802&use=l&cat=p&typeid=i","cat":284497},{"id":76011,"n":"Chocolat noir Lindt Création Le Rocher noir - 150g","p":3.08,"u":"20,53 €/KG","img":"https://fd1-photos.leclercdrive.fr/image.ashx?id=2685808&use=l&cat=p&typeid=i","cat":284956},{"id":76015,"n":"Biscuit Speculoos Lotus Biscoff Original - 250g (2x125g)","p":1.53,"u":"6,12 €/KG","img":"https://fd1-photos.leclercdrive.fr/image.ashx?id=2854735&use=l&cat=p&typeid=i","cat":284487},{"id":76024,"n":"Pain de mie seigle Epi d'Or 800g","p":2.6,"u":"3,25 €/KG","img":"https://fd1-photos.leclercdrive.fr/image.ashx?id=2994818&use=l&cat=p&typeid=i","cat":284477},{"id":76025,"n":"Cookies chocolat Eco+ Pépites de chocolat - 200g","p":0.97,"u":"4,85 €/KG","img":"https://fd1-photos.leclercdrive.fr/image.ashx?id=2821872&use=l&cat=p&typeid=i","cat":325066},{"id":76026,"n":"Biscuit tablette Eco+ Chocolat noir - 150g","p":1.07,"u":"7,13 €/KG","img":"https://fd1-photos.leclercdrive.fr/image.ashx?id=2698135&use=l&cat=p&typeid=i","cat":284488},{"id":76029,"n":"Gateaux fourrage Eco+ Fraise - x14 - 420g","p":2.57,"u":"6,12 €/KG","img":"https://fd1-photos.leclercdrive.fr/image.ashx?id=1756900&use=l&cat=p&typeid=i","cat":284495},{"id":76119,"n":"Secret de mousse La Laitière Chocolat au lait - 4x59g","p":1.47,"u":"6,23 €/KG","img":"https://fd1-photos.leclercdrive.fr/image.ashx?id=2729740&use=l&cat=p&typeid=i","cat":284417},{"id":76120,"n":"Secret de mousse la Laitière Chocolat noir - 4x59g","p":1.54,"u":"6,53 €/KG","img":"https://fd1-photos.leclercdrive.fr/image.ashx?id=2616835&use=l&cat=p&typeid=i","cat":284417},{"id":76211,"n":"L'ours d'or Haribo Sachet bonbons - 300g","p":1.8,"u":"6,00 €/KG","img":"https://fd1-photos.leclercdrive.fr/image.ashx?id=2805201&use=l&cat=p&typeid=i","cat":304250},{"id":76212,"n":"Tutti Candi Haribo Sachet bonbons - 250g","p":1.74,"u":"6,96 €/KG","img":"https://fd1-photos.leclercdrive.fr/image.ashx?id=2984910&use=l&cat=p&typeid=i","cat":304250},{"id":76214,"n":"Chamallows Choco Haribo Sachet bonbons guimauve - 160g","p":1.99,"u":"12,44 €/KG","img":"https://fd1-photos.leclercdrive.fr/image.ashx?id=2984919&use=l&cat=p&typeid=i","cat":304250},{"id":76219,"n":"Cannelloni Côté Table 800g","p":2.99,"u":"3,74 €/KG","img":"https://fd1-photos.leclercdrive.fr/image.ashx?id=2977897&use=l&cat=p&typeid=i","cat":284442},{"id":76220,"n":"Raviolis Côté Table Aux 6 légumes - 800g","p":2.29,"u":"2,86 €/KG","img":"https://fd1-photos.leclercdrive.fr/image.ashx?id=2977903&use=l&cat=p&typeid=i","cat":284442},{"id":76221,"n":"Pur jus Bio Village Bio Citron Sicile - 25cl","p":1.29,"u":"5,16 €/L","img":"https://fd1-photos.leclercdrive.fr/image.ashx?id=3010446&use=l&cat=p&typeid=i","cat":288383},{"id":76224,"n":"Maoam Stripes Haribo Sachet bonbons - 250g","p":2.06,"u":"8,24 €/KG","img":"https://fd1-photos.leclercdrive.fr/image.ashx?id=2953561&use=l&cat=p&typeid=i","cat":304250},{"id":76226,"n":"Tartiflette Côté Table 800g","p":2.83,"u":"3,54 €/KG","img":"https://fd1-photos.leclercdrive.fr/image.ashx?id=3015093&use=l&cat=p&typeid=i","cat":284441},{"id":76250,"n":"Tablette chocolat au lait Milka Cacahuètes caramel - 276g","p":3.95,"u":"14,31 €/KG","img":"https://fd1-photos.leclercdrive.fr/image.ashx?id=2382288&use=l&cat=p&typeid=i","cat":284497},{"id":76272,"n":"Lasagnes bolognaises Côté Table Viande de boeuf français - 600g","p":2.99,"u":"4,98 €/KG","img":"https://fd1-photos.leclercdrive.fr/image.ashx?id=2597324&use=l&cat=p&typeid=i","cat":284254},{"id":76313,"n":"Hygiène parfaite Dr Beckmann Lave-linge - 250g","p":2.88,"u":"11,52 €/KG","img":"https://fd1-photos.leclercdrive.fr/image.ashx?id=2569821&use=l&cat=p&typeid=i","cat":284653},{"id":76356,"n":"IGP Pays d'Oc rosé Roche Mazet Syrah - BIB 3L","p":10.6,"u":"3,53 €/L","img":"https://fd1-photos.leclercdrive.fr/image.ashx?id=2597127&use=l&cat=p&typeid=i","cat":289560},{"id":76360,"n":"Soda Schweppes Indian Tonic - 1L","p":1.64,"u":"1,64 €/L","img":"https://fd1-photos.leclercdrive.fr/image.ashx?id=2852399&use=l&cat=p&typeid=i","cat":284531},{"id":76397,"n":"Tablette chocolat au lait Lindt Noisettes 34% - 150g","p":3.92,"u":"26,13 €/KG","img":"https://fd1-photos.leclercdrive.fr/image.ashx?id=1877960&use=l&cat=p&typeid=i","cat":284497},{"id":76398,"n":"Tablette de chocolat noir Lindt Amandes / Fleur de sel - 150g","p":4.1,"u":"27,33 €/KG","img":"https://fd1-photos.leclercdrive.fr/image.ashx?id=2382992&use=l&cat=p&typeid=i","cat":284956},{"id":76454,"n":"Dos de Colin d'Alaska Findus MSC - x6 - 660g","p":8.67,"u":"13,14 €/KG","img":"https://fd1-photos.leclercdrive.fr/image.ashx?id=2735341&use=l&cat=p&typeid=i","cat":319786},{"id":76501,"n":"Chips Tortilla Old El Paso Nachips - 185g","p":2.29,"u":"12,38 €/KG","img":"https://fd1-photos.leclercdrive.fr/image.ashx?id=2444519&use=l&cat=p&typeid=i","cat":288993},{"id":76515,"n":"AOP Petit-Chablis blanc Union Vignerons - 75 cl","p":8.55,"u":"11,40 €/L","img":"https://fd1-photos.leclercdrive.fr/image.ashx?id=2417884&use=l&cat=p&typeid=i","cat":289557},{"id":76528,"n":"Vin rosé Tavel Mireille Petit Roudil - 75cl","p":10.25,"u":"13,67 €/L","img":"https://fd1-photos.leclercdrive.fr/image.ashx?id=2344507&use=l&cat=p&typeid=i","cat":289558},{"id":76719,"n":"Serviette papier Aqua Homeside Triple épaisseur 40x40cm - x20","p":1.39,"u":"0,07 €/P","img":"https://fd1-photos.leclercdrive.fr/image.ashx?id=2711710&use=l&cat=p&typeid=i","cat":334134},{"id":76721,"n":"Serviette papier Olive Homeside Triple épaisseur 40x40cm - x20","p":1.39,"u":"0,07 €/P","img":"https://fd1-photos.leclercdrive.fr/image.ashx?id=2712337&use=l&cat=p&typeid=i","cat":334134},{"id":76725,"n":"Serviette papier Rouge Homeside Triple épaisseur 40x40cm - x20","p":1.39,"u":"0,07 €/P","img":"https://fd1-photos.leclercdrive.fr/image.ashx?id=1659735&use=l&cat=p&typeid=i","cat":334134},{"id":76731,"n":"Sachet mini burger Trolli 100g","p":2.33,"u":"23,30 €/KG","img":"https://fd1-photos.leclercdrive.fr/image.ashx?id=2651179&use=l&cat=p&typeid=i","cat":304250},{"id":76732,"n":"Yaourt allégé Sveltesse  Chocolat - 4x125g","p":1.63,"u":"3,26 €/KG","img":"https://fd1-photos.leclercdrive.fr/image.ashx?id=2571020&use=l&cat=p&typeid=i","cat":315000},{"id":76783,"n":"Eau de Toilette Femme Eau Jeune Echappée Belle - 75ml","p":6.87,"pp":4.81,"u":"64,13 €/L","img":"https://fd1-photos.leclercdrive.fr/image.ashx?id=2458745&use=l&cat=p&typeid=i","cat":291525},{"id":76802,"n":"Biscuits cacao Kinder Cards Au lait et au cacao x5 - 128g","p":1.92,"u":"15,00 €/KG","img":"https://fd1-photos.leclercdrive.fr/image.ashx?id=2673328&use=l&cat=p&typeid=i","cat":284488},{"id":76864,"n":"Gelée Bonne Maman Mûres - 370g","p":2.65,"u":"7,16 €/KG","img":"https://fd1-photos.leclercdrive.fr/image.ashx?id=2476305&use=l&cat=p&typeid=i","cat":284480},{"id":76870,"n":"Sachet fraîcheur chien Pedigree  Mixte en gelée - 12x100g","p":5.31,"u":"4,43 €/KG","img":"https://fd1-photos.leclercdrive.fr/image.ashx?id=2870239&use=l&cat=p&typeid=i","cat":284673},{"id":76875,"n":"Confiture Bonne Maman Fraise intense - 335g","p":1.94,"u":"5,79 €/KG","img":"https://fd1-photos.leclercdrive.fr/image.ashx?id=2341008&use=l&cat=p&typeid=i","cat":284480},{"id":76876,"n":"Confiture Bonne Maman Abricot intense - 335g","p":2.03,"u":"6,06 €/KG","img":"https://fd1-photos.leclercdrive.fr/image.ashx?id=2341011&use=l&cat=p&typeid=i","cat":284480},{"id":76877,"n":"Confiture Bonne Maman Framboise intense - 335g","p":2.61,"u":"7,79 €/KG","img":"https://fd1-photos.leclercdrive.fr/image.ashx?id=2341017&use=l&cat=p&typeid=i","cat":284480},{"id":76878,"n":"Confiture Bonne Maman Fruits rouges intense - 335g","p":2.13,"u":"6,36 €/KG","img":"https://fd1-photos.leclercdrive.fr/image.ashx?id=2900977&use=l&cat=p&typeid=i","cat":284480},{"id":76880,"n":"Confiture Bonne Maman Myrtille intense - 335g","p":2.49,"u":"7,43 €/KG","img":"https://fd1-photos.leclercdrive.fr/image.ashx?id=2341020&use=l&cat=p&typeid=i","cat":284480},{"id":76883,"n":"Sachet chat stérilisé Perfect Fit poissons sauce - 4x85g","p":2.7,"u":"7,94 €/KG","img":"https://fd1-photos.leclercdrive.fr/image.ashx?id=2759724&use=l&cat=p&typeid=i","cat":285286},{"id":76888,"n":"Compotes Pom'Potes Gourdes  Multivariétés - 12x90g","p":4.88,"u":"4,52 €/KG","img":"https://fd1-photos.leclercdrive.fr/image.ashx?id=2986143&use=l&cat=p&typeid=i","cat":284508},{"id":76889,"n":"Compotes Pom'Potes Gourdes  Pomme Nature - 20x90g","p":7.06,"u":"3,92 €/KG","img":"https://fd1-photos.leclercdrive.fr/image.ashx?id=2889220&use=l&cat=p&typeid=i","cat":284508},{"id":76893,"n":"Gousse vanille bourbon Vahiné De Madagascar Bio - x1","p":5.32,"img":"https://fd1-photos.leclercdrive.fr/image.ashx?id=2559847&use=l&cat=p&typeid=i","cat":284504},{"id":76895,"n":"Lait croissance Bio Guigoz En poudre - dès 12 mois - 800g","p":15.13,"u":"18,91 €/KG","img":"https://fd1-photos.leclercdrive.fr/image.ashx?id=2740289&use=l&cat=p&typeid=i","cat":290219},{"id":76899,"n":"Sucre Perruche Ambre Beghin Say Mini morceaux irréguliers  475g","p":1.83,"u":"3,85 €/KG","img":"https://fd1-photos.leclercdrive.fr/image.ashx?id=1651559&use=l&cat=p&typeid=i","cat":284502},{"id":76999,"n":"Vinaigre de vin rouge Maille 50cl","p":2.33,"u":"4,66 €/L","img":"https://fd1-photos.leclercdrive.fr/image.ashx?id=2812747&use=l&cat=p&typeid=i","cat":298543},{"id":77008,"n":"Petits pains grillés Epi d'Or Briochés - 225g","p":1.45,"u":"6,44 €/KG","img":"https://fd1-photos.leclercdrive.fr/image.ashx?id=2496416&use=l&cat=p&typeid=i","cat":284479},{"id":77010,"n":"Lait concentré sucré Nestlé 8% MG - 397g","p":1.72,"u":"4,33 €/KG","img":"https://fd1-photos.leclercdrive.fr/image.ashx?id=2906832&use=l&cat=p&typeid=i","cat":299162},{"id":77017,"n":"Vinaigrette Maille Huile sésame/soja - 36cl","p":2.91,"u":"8,08 €/L","img":"https://fd1-photos.leclercdrive.fr/image.ashx?id=2985657&use=l&cat=p&typeid=i","cat":284456},{"id":77289,"n":"Friandises chats  Félix Poulet, foie, dinde  - 200g","p":2.46,"u":"12,30 €/KG","img":"https://fd1-photos.leclercdrive.fr/image.ashx?id=2740859&use=l&cat=p&typeid=i","cat":285285},{"id":77290,"n":"Friandises chats Félix Saveur ocean Saumon,truite 200g","p":2.46,"u":"12,30 €/KG","img":"https://fd1-photos.leclercdrive.fr/image.ashx?id=2940465&use=l&cat=p&typeid=i","cat":285285},{"id":77296,"n":"Tartelettes aux framboises   2x1p","p":4.5,"u":"2,25 €/P","img":"https://fd1-photos.leclercdrive.fr/image.ashx?id=557990&use=l&cat=p&typeid=i","cat":284360},{"id":77335,"n":"Lait frais demi-écrémé bio Bio Village Bouteille - 1L","p":1.95,"u":"1,95 €/L","img":"https://fd1-photos.leclercdrive.fr/image.ashx?id=2969872&use=l&cat=p&typeid=i","cat":284377},{"id":77359,"n":"Ravioli pur boeuf Côté Table Sauce italienne - 800g","p":2.19,"u":"2,74 €/KG","img":"https://fd1-photos.leclercdrive.fr/image.ashx?id=3015102&use=l&cat=p&typeid=i","cat":284442},{"id":77360,"n":"Ravioli bolognaise Côté Table 800g","p":2.89,"u":"3,61 €/KG","img":"https://fd1-photos.leclercdrive.fr/image.ashx?id=3015099&use=l&cat=p&typeid=i","cat":284442},{"id":77503,"n":"Kit pour Burritos Old El Paso Original - 510g","p":5.07,"u":"9,94 €/KG","img":"https://fd1-photos.leclercdrive.fr/image.ashx?id=2759511&use=l&cat=p&typeid=i","cat":288993},{"id":77506,"n":"Kit pour Fajitas Old El Paso Sans piment - 478g","p":4.37,"u":"9,14 €/KG","img":"https://fd1-photos.leclercdrive.fr/image.ashx?id=2759712&use=l&cat=p&typeid=i","cat":288993},{"id":77562,"n":"AOC Champagne de Cazanove Réserve brut - 75cl","p":18.9,"u":"25,20 €/L","img":"https://fd1-photos.leclercdrive.fr/image.ashx?id=2106814&use=l&cat=p&typeid=i","cat":284542},{"id":77681,"n":"Amandes décortiquées Vahiné 125g","p":3.94,"u":"31,52 €/KG","img":"https://fd1-photos.leclercdrive.fr/image.ashx?id=2559805&use=l&cat=p&typeid=i","cat":284504},{"id":77683,"n":"Gousses vanille Vahiné x2","p":6.98,"u":"3,49 €/P","img":"https://fd1-photos.leclercdrive.fr/image.ashx?id=2524317&use=l&cat=p&typeid=i","cat":284504},{"id":77731,"n":"Pâte à sucre Vahiné 250g","p":3.13,"u":"12,52 €/KG","img":"https://fd1-photos.leclercdrive.fr/image.ashx?id=2559874&use=l&cat=p&typeid=i","cat":284504},{"id":77735,"n":"IGP Vinaigrette à l'orange Maille 36cl","p":2.59,"u":"7,19 €/L","img":"https://fd1-photos.leclercdrive.fr/image.ashx?id=2082855&use=l&cat=p&typeid=i","cat":284456},{"id":77739,"n":"Crème sans rinçage Elsève Cheveu Abimé, Cassant - 200ml","p":5.23,"u":"26,15 €/L","img":"https://fd1-photos.leclercdrive.fr/image.ashx?id=2948980&use=l&cat=p&typeid=i","cat":284608},{"id":77746,"n":"Sauce Gourmet Amora Burger - 188g","p":1.74,"u":"9,26 €/KG","img":"https://fd1-photos.leclercdrive.fr/image.ashx?id=2387879&use=l&cat=p&typeid=i","cat":318430},{"id":77755,"n":"Vinaigrette Légère MAILLE Vin Rouge & Echalotes - 36cl","p":2.46,"u":"6,83 €/L","img":"https://fd1-photos.leclercdrive.fr/image.ashx?id=2788154&use=l&cat=p&typeid=i","cat":284456},{"id":77811,"n":"Roll-On EasyWax Expert Veet Appareil + Recharge Cire 50ml","p":11.73,"img":"https://fd1-photos.leclercdrive.fr/image.ashx?id=2854345&use=l&cat=p&typeid=i","cat":325351},{"id":77855,"n":"Huile à barbe L'Oréal Paris Men Expert bois de cèdre - 30ml","p":8.58,"u":"286,00 €/L","img":"https://fd1-photos.leclercdrive.fr/image.ashx?id=3008770&use=l&cat=p&typeid=i","cat":284622},{"id":77877,"n":"Fromage Holland Master  Gouda Vieux AOP - 200g","p":3.59,"u":"17,95 €/KG","img":"https://fd1-photos.leclercdrive.fr/image.ashx?id=1975748&use=l&cat=p&typeid=i","cat":314034},{"id":77882,"n":"Houmous L'Atelier Blini Extra au citron - 175g","p":2.75,"u":"15,71 €/KG","img":"https://fd1-photos.leclercdrive.fr/image.ashx?id=2868984&use=l&cat=p&typeid=i","cat":315999},{"id":77885,"n":"Eau de bleuets Christian Lenart 200ml","p":4.04,"u":"20,20 €/L","img":"https://fd1-photos.leclercdrive.fr/image.ashx?id=2324807&use=l&cat=p&typeid=i","cat":325345},{"id":77890,"n":"Cake fourré fraise  Sans Gluten - x6 - 210g","p":3.01,"u":"14,33 €/KG","img":"https://fd1-photos.leclercdrive.fr/image.ashx?id=2568828&use=l&cat=p&typeid=i","cat":318654},{"id":77901,"n":"Tzatziki Bio l'Atelier Blini Extra - 160g","p":3.31,"u":"20,69 €/KG","img":"https://fd1-photos.leclercdrive.fr/image.ashx?id=2297081&use=l&cat=p&typeid=i","cat":315999},{"id":77986,"n":"Houmous Blini 200g","p":2.09,"u":"10,45 €/KG","img":"https://fd1-photos.leclercdrive.fr/image.ashx?id=2487716&use=l&cat=p&typeid=i","cat":315999},{"id":78005,"n":"Feta AOP Casa Azzurra Portion - 150g","p":3.3,"u":"22,00 €/KG","img":"https://fd1-photos.leclercdrive.fr/image.ashx?id=1620610&use=l&cat=p&typeid=i","cat":314026},{"id":78060,"n":"Spaghetti Chaque Jour  Sans gluten - 400g","p":1.6,"u":"4,00 €/KG","img":"https://fd1-photos.leclercdrive.fr/image.ashx?id=2872712&use=l&cat=p&typeid=i","cat":284427},{"id":78071,"n":"Café moulu L'Or Doux 100% Arabica - 2x250g","p":9.06,"u":"18,12 €/KG","img":"https://fd1-photos.leclercdrive.fr/image.ashx?id=1876661&use=l&cat=p&typeid=i","cat":284750},{"id":78078,"n":"Café moulu San Marco n°7 - 250g","p":5.37,"u":"21,48 €/KG","img":"https://fd1-photos.leclercdrive.fr/image.ashx?id=2322169&use=l&cat=p&typeid=i","cat":284750},{"id":78087,"n":"Café solubleMaxwell House Qualité Filtre Jarre - 100g","p":5.31,"u":"53,10 €/KG","img":"https://fd1-photos.leclercdrive.fr/image.ashx?id=1793910&use=l&cat=p&typeid=i","cat":284843},{"id":78097,"n":"Ail Ducros Flacon moulin - 40g","p":3.39,"u":"84,75 €/KG","img":"https://fd1-photos.leclercdrive.fr/image.ashx?id=2486569&use=l&cat=p&typeid=i","cat":298297},{"id":78098,"n":"Sauce Épicée TABASCO Piment Rouge - 60ml","p":2.39,"u":"39,83 €/L","img":"https://fd1-photos.leclercdrive.fr/image.ashx?id=2961317&use=l&cat=p&typeid=i","cat":298298},{"id":78105,"n":"Capsules café L'Or Espresso Splendente N°7 x10","p":3.08,"u":"59,23 €/KG","img":"https://fd1-photos.leclercdrive.fr/image.ashx?id=3000465&use=l&cat=p&typeid=i","cat":284749},{"id":78107,"n":"Capsules café L'Or Espresso Decaffeinato N°6 x10","p":3.14,"u":"60,38 €/KG","img":"https://fd1-photos.leclercdrive.fr/image.ashx?id=2100275&use=l&cat=p&typeid=i","cat":284749},{"id":78108,"n":"Capsules café L'Or Espresso Or Absolu N°9 x10","p":3.28,"u":"63,08 €/KG","img":"https://fd1-photos.leclercdrive.fr/image.ashx?id=2100287&use=l&cat=p&typeid=i","cat":284749},{"id":78131,"n":"Penne Chaque Jour  Sans gluten - 400g","p":1.62,"u":"4,05 €/KG","img":"https://fd1-photos.leclercdrive.fr/image.ashx?id=2866247&use=l&cat=p&typeid=i","cat":284427},{"id":78135,"n":"Safran filament Ducros 0.35g","p":5.54,"img":"https://fd1-photos.leclercdrive.fr/image.ashx?id=2474296&use=l&cat=p&typeid=i","cat":298297},{"id":78137,"n":"Coquillettes Chaque Jour  Sans gluten - 400g","p":1.57,"u":"3,93 €/KG","img":"https://fd1-photos.leclercdrive.fr/image.ashx?id=2872715&use=l&cat=p&typeid=i","cat":284427},{"id":78140,"n":"Tagliatelles Chaque Jour  Sans gluten - 250g","p":1.69,"u":"6,76 €/KG","img":"https://fd1-photos.leclercdrive.fr/image.ashx?id=2885771&use=l&cat=p&typeid=i","cat":284427},{"id":78150,"n":"Biscuits aux amandes Kambly Tradition Suisse Rocher - 80g","p":2.53,"u":"31,63 €/KG","img":"https://fd1-photos.leclercdrive.fr/image.ashx?id=2883747&use=l&cat=p&typeid=i","cat":284487},{"id":78154,"n":"Fusilli Chaque Jour  Sans gluten - 400g","p":1.75,"u":"4,38 €/KG","img":"https://fd1-photos.leclercdrive.fr/image.ashx?id=2885774&use=l&cat=p&typeid=i","cat":284427},{"id":78159,"n":"Barres céréales chocolat Chaque jour sans gluten - 132g","p":3.56,"u":"26,97 €/KG","img":"https://fd1-photos.leclercdrive.fr/image.ashx?id=2764395&use=l&cat=p&typeid=i","cat":318654},{"id":78160,"n":"Petits cookies Bonne Maman Pépites de chocolat - 250g","p":2.49,"u":"9,96 €/KG","img":"https://fd1-photos.leclercdrive.fr/image.ashx?id=2936170&use=l&cat=p&typeid=i","cat":325066},{"id":78176,"n":"Mini cônes Extrême Vanille Chocolat x8 - 312g","p":3.69,"u":"11,83 €/KG","img":"https://fd1-photos.leclercdrive.fr/image.ashx?id=2737030&use=l&cat=p&typeid=i","cat":284264},{"id":78188,"n":"Amandes grillées Wonderful En sachet - salées - 200g","p":4.91,"u":"24,55 €/KG","img":"https://fd1-photos.leclercdrive.fr/image.ashx?id=2659825&use=l&cat=p&typeid=i","cat":284357},{"id":78204,"n":"Biscuits Palmito LU 100g","p":0.84,"u":"8,40 €/KG","img":"https://fd1-photos.leclercdrive.fr/image.ashx?id=3001949&use=l&cat=p&typeid=i","cat":284487},{"id":78214,"n":"Cookies mini Granola Pépites de chocolat - 160g","p":1.75,"u":"10,94 €/KG","img":"https://fd1-photos.leclercdrive.fr/image.ashx?id=3002252&use=l&cat=p&typeid=i","cat":325066},{"id":78223,"n":"Crevettes Nordiques Balthor Décortiquées - 90g","p":4.42,"u":"49,11 €/KG","img":"https://fd1-photos.leclercdrive.fr/image.ashx?id=2105143&use=l&cat=p&typeid=i","cat":305147},{"id":78269,"n":"Gourde bébé Good Goût Bio 6Mois Petit déj - Fraise - 70g","p":1.38,"u":"19,71 €/KG","img":"https://fd1-photos.leclercdrive.fr/image.ashx?id=2736088&use=l&cat=p&typeid=i","cat":312393},{"id":78270,"n":"Gourde bébé Good Goût Bio 6Mois Petit déj : Myrtille - 70g","p":1.35,"u":"19,29 €/KG","img":"https://fd1-photos.leclercdrive.fr/image.ashx?id=2736091&use=l&cat=p&typeid=i","cat":312393},{"id":78271,"n":"Gourde bébé Good Goût Bio 6mois Petit déj - Pomme - 70g","p":1.26,"u":"18,00 €/KG","img":"https://fd1-photos.leclercdrive.fr/image.ashx?id=2736094&use=l&cat=p&typeid=i","cat":312393},{"id":78275,"n":"Mini galette de riz Good Goût Myrtille bio - 40g","p":1.87,"u":"46,75 €/KG","img":"https://fd1-photos.leclercdrive.fr/image.ashx?id=2532135&use=l&cat=p&typeid=i","cat":312227},{"id":78276,"n":"Biscuit tout ronds Good Goût Bio - vanille dès 10 mois - 80g","p":2.95,"u":"36,88 €/KG","img":"https://fd1-photos.leclercdrive.fr/image.ashx?id=2736097&use=l&cat=p&typeid=i","cat":312227},{"id":78430,"n":"Coquilles St Jacques  à la bretonne - 2x110g","p":3.75,"u":"17,05 €/KG","img":"https://fd1-photos.leclercdrive.fr/image.ashx?id=2604620&use=l&cat=p&typeid=i","cat":319775},{"id":78447,"n":"Café soluble Nescafé Spécial filtre décaféiné - 200g","p":8.02,"u":"40,10 €/KG","img":"https://fd1-photos.leclercdrive.fr/image.ashx?id=2864071&use=l&cat=p&typeid=i","cat":284843},{"id":78454,"n":"Biscuits petit déjeuner Belvita Chocolat - 600g","p":3.8,"u":"6,33 €/KG","img":"https://fd1-photos.leclercdrive.fr/image.ashx?id=2345484&use=l&cat=p&typeid=i","cat":284491},{"id":78496,"n":"Boudoirs Brossard x30 - 175g","p":1.7,"u":"9,71 €/KG","img":"https://fd1-photos.leclercdrive.fr/image.ashx?id=2964995&use=l&cat=p&typeid=i","cat":284487},{"id":78544,"n":"Ravioli pur boeuf Côté Table  400g","p":1.35,"u":"3,38 €/KG","img":"https://fd1-photos.leclercdrive.fr/image.ashx?id=3014281&use=l&cat=p&typeid=i","cat":284442},{"id":78546,"n":"Ravioli bolognaise Côté Table 400g","p":1.99,"u":"4,98 €/KG","img":"https://fd1-photos.leclercdrive.fr/image.ashx?id=3014275&use=l&cat=p&typeid=i","cat":284442},{"id":78577,"n":"Gaufrettes Brun  Chocolat - 146g","p":0.93,"u":"6,37 €/KG","img":"https://fd1-photos.leclercdrive.fr/image.ashx?id=2842543&use=l&cat=p&typeid=i","cat":284487},{"id":78580,"n":"Gaufrettes Brun  Vanille - 146g","p":0.93,"u":"6,37 €/KG","img":"https://fd1-photos.leclercdrive.fr/image.ashx?id=2354320&use=l&cat=p&typeid=i","cat":284487},{"id":78586,"n":"Biscuits cuillers Brossard Pâtissier -300g","p":3.86,"u":"12,87 €/KG","img":"https://fd1-photos.leclercdrive.fr/image.ashx?id=2983384&use=l&cat=p&typeid=i","cat":284487},{"id":78594,"n":"Biscuits croquants Délichoc Chocolat noir - 150g","p":1.79,"u":"11,93 €/KG","img":"https://fd1-photos.leclercdrive.fr/image.ashx?id=2956307&use=l&cat=p&typeid=i","cat":284488},{"id":78618,"n":"Assiettes en carton Eco+ x100","p":3.12,"img":"https://fd1-photos.leclercdrive.fr/image.ashx?id=1307672&use=l&cat=p&typeid=i","cat":334134},{"id":78628,"n":"Serviettes blanches Homeside x30 - 38cmx38cm - 2 plis","p":1.31,"u":"0,04 €/P","img":"https://fd1-photos.leclercdrive.fr/image.ashx?id=1659693&use=l&cat=p&typeid=i","cat":334134},{"id":78641,"n":"AOC Bordeaux rouge Mouton Cadet - 37.5cl","p":5.48,"u":"14,61 €/L","img":"https://fd1-photos.leclercdrive.fr/image.ashx?id=2732638&use=l&cat=p&typeid=i","cat":289556},{"id":78646,"n":"Ensemble de douche Eco+ 1 jet + flex + B","p":8.8,"img":"https://fd1-photos.leclercdrive.fr/image.ashx?id=2162135&use=l&cat=p&typeid=i","cat":300576},{"id":78667,"n":"Confiture Lucien Georgelin Rhubarbe - 320g","p":2.52,"u":"7,88 €/KG","img":"https://fd1-photos.leclercdrive.fr/image.ashx?id=1638865&use=l&cat=p&typeid=i","cat":284480},{"id":78673,"n":"Préparation aux Fraises Bio Lucien Georgelin - 320g","p":2.79,"u":"8,72 €/KG","img":"https://fd1-photos.leclercdrive.fr/image.ashx?id=2098739&use=l&cat=p&typeid=i","cat":284480},{"id":78680,"n":"Champagne brut demie Rothschild 37.5cl","p":13.49,"u":"35,97 €/L","img":"https://fd1-photos.leclercdrive.fr/image.ashx?id=2686603&use=l&cat=p&typeid=i","cat":284542},{"id":78717,"n":"Brioche tranchée Eco+ Nature - 500g","p":1.19,"u":"2,38 €/KG","img":"https://fd1-photos.leclercdrive.fr/image.ashx?id=2605086&use=l&cat=p&typeid=i","cat":284478},{"id":78719,"n":"Goûter fourré rond Eco+ Vanille - 500g","p":1.43,"u":"2,86 €/KG","img":"https://fd1-photos.leclercdrive.fr/image.ashx?id=2223611&use=l&cat=p&typeid=i","cat":284489},{"id":78722,"n":"Tartelettes à l'abricot Eco+ x12 - 200g","p":0.8,"u":"4,00 €/KG","img":"https://fd1-photos.leclercdrive.fr/image.ashx?id=2869754&use=l&cat=p&typeid=i","cat":284489},{"id":78723,"n":"Petits beurre Eco+ x24 - 175g","p":0.58,"u":"3,31 €/KG","img":"https://fd1-photos.leclercdrive.fr/image.ashx?id=2758782&use=l&cat=p&typeid=i","cat":284487},{"id":78732,"n":"Guacamole Old El Paso Doux - 320g","p":2.28,"u":"7,13 €/KG","img":"https://fd1-photos.leclercdrive.fr/image.ashx?id=2737612&use=l&cat=p&typeid=i","cat":288993},{"id":78734,"n":"Boisson gourmande PAGO Red ACE Orange sang carotte ctrn - 75cl","p":1.87,"u":"2,49 €/L","img":"https://fd1-photos.leclercdrive.fr/image.ashx?id=2861234&use=l&cat=p&typeid=i","cat":284915},{"id":78742,"n":"Pain campagnard Schar Aux graines sans gluten - 250g","p":3.55,"u":"14,20 €/KG","img":"https://fd1-photos.leclercdrive.fr/image.ashx?id=2139874&use=l&cat=p&typeid=i","cat":325069},{"id":78744,"n":"Pain de mie Schär - Classic Sans gluten - 300g","p":3.58,"u":"11,93 €/KG","img":"https://fd1-photos.leclercdrive.fr/image.ashx?id=2659418&use=l&cat=p&typeid=i","cat":318654},{"id":78766,"n":"Coeur de palmier Rochefontaine Bio - 425ml","p":3.37,"u":"15,32 €/KG","img":"https://fd1-photos.leclercdrive.fr/image.ashx?id=2101465&use=l&cat=p&typeid=i","cat":312611},{"id":78767,"n":"Chocolat noir Bio Ethiquable Côte d'Ivoire/Bolivie - 100g","p":3.06,"u":"30,60 €/KG","img":"https://fd1-photos.leclercdrive.fr/image.ashx?id=3003378&use=l&cat=p&typeid=i","cat":284956},{"id":78771,"n":"Galette Bonne Maman x12 - 170g","p":1.77,"u":"10,41 €/KG","img":"https://fd1-photos.leclercdrive.fr/image.ashx?id=2935792&use=l&cat=p&typeid=i","cat":284487},{"id":78773,"n":"Tablette de chocolat noir Lindt Noir 78% cacao - 100g","p":2.42,"u":"24,20 €/KG","img":"https://fd1-photos.leclercdrive.fr/image.ashx?id=2689481&use=l&cat=p&typeid=i","cat":284956},{"id":78837,"n":"Fromage blanc Danone Nature 3%MG - 825g","p":2.92,"u":"3,54 €/KG","img":"https://fd1-photos.leclercdrive.fr/image.ashx?id=2813878&use=l&cat=p&typeid=i","cat":284409},{"id":78932,"n":"Crème entière Fairefrance UHT Liquide 30%mg - 3x20cl","p":3.32,"u":"5,53 €/L","img":"https://fd1-photos.leclercdrive.fr/image.ashx?id=2506011&use=l&cat=p&typeid=i","cat":284381},{"id":78937,"n":"Knacki végétal Herta x6 - 210g","p":2.26,"u":"10,76 €/KG","img":"https://fd1-photos.leclercdrive.fr/image.ashx?id=2992323&use=l&cat=p&typeid=i","cat":316036},{"id":78953,"n":"Savon solide Bionaïa Abricot bio - 100g","p":1.39,"u":"13,90 €/KG","img":"https://fd1-photos.leclercdrive.fr/image.ashx?id=2331324&use=l&cat=p&typeid=i","cat":284597},{"id":78965,"n":"Xtrem Box Sodebo Radiatori à la Bolognaise -400g","p":3.26,"u":"8,15 €/KG","img":"https://fd1-photos.leclercdrive.fr/image.ashx?id=2638760&use=l&cat=p&typeid=i","cat":334983},{"id":79016,"n":"Galette boulgour Céréal Bio  Bio tomate parmesan x2 200G","p":2.6,"u":"13,00 €/KG","img":"https://fd1-photos.leclercdrive.fr/image.ashx?id=2573519&use=l&cat=p&typeid=i","cat":284953},{"id":79019,"n":"Galettes bio Céréal Bio  Rroquefort, figues - 2x200g","p":2.41,"u":"12,05 €/KG","img":"https://fd1-photos.leclercdrive.fr/image.ashx?id=2573522&use=l&cat=p&typeid=i","cat":284953},{"id":79068,"n":"IGP Côte des roses Rosé Languedoc Roussillon 13% - 75cl","p":7.19,"u":"9,59 €/L","img":"https://fd1-photos.leclercdrive.fr/image.ashx?id=2505528&use=l&cat=p&typeid=i","cat":289558},{"id":79092,"n":"Adoucissant peaux sensibles 40 lavages - 750 ml - UNI VERT","p":1.77,"u":"2,36 €/L","img":"https://fd1-photos.leclercdrive.fr/image.ashx?id=2893334&use=l&cat=p&typeid=i","cat":284650},{"id":79181,"n":"Huile lavante Mots d'Enfants Bébé - 250ml","p":1.24,"u":"4,96 €/L","img":"https://fd1-photos.leclercdrive.fr/image.ashx?id=2485092&use=l&cat=p&typeid=i","cat":284741},{"id":79220,"n":"Petit pot bébé bio Blédina 6m  Légumes veau - 2x200g","p":2.85,"u":"7,13 €/KG","img":"https://fd1-photos.leclercdrive.fr/image.ashx?id=2974291&use=l&cat=p&typeid=i","cat":312236},{"id":79243,"n":"Petit pot bébé bio Blédina 4-6m Patate douce - 2x130g","p":1.91,"u":"7,35 €/KG","img":"https://fd1-photos.leclercdrive.fr/image.ashx?id=2848581&use=l&cat=p&typeid=i","cat":312234},{"id":79311,"n":"Après-Shampooing Sobio Etic Lait d'amande Bio - 200ml","p":4.24,"u":"21,20 €/L","img":"https://fd1-photos.leclercdrive.fr/image.ashx?id=2787065&use=l&cat=p&typeid=i","cat":284607},{"id":79319,"n":"Shampooing Bio Sobio Etic Cheveux Doux - 250ml","p":3.82,"u":"15,28 €/L","img":"https://fd1-photos.leclercdrive.fr/image.ashx?id=2787068&use=l&cat=p&typeid=i","cat":284606},{"id":79323,"n":"Shampooing Bio Sobio Etic Cheveux nourris - 250ml","p":3.75,"u":"15,00 €/L","img":"https://fd1-photos.leclercdrive.fr/image.ashx?id=2792681&use=l&cat=p&typeid=i","cat":284606},{"id":79402,"n":"Chorizo espagnol fort x30 - 150g","p":2.19,"u":"14,60 €/KG","img":"https://fd1-photos.leclercdrive.fr/image.ashx?id=1873728&use=l&cat=p&typeid=i","cat":316007},{"id":79404,"n":"P'tit max Délisse Vanille - 6x180g","p":2.03,"u":"1,88 €/KG","img":"https://fd1-photos.leclercdrive.fr/image.ashx?id=2757933&use=l&cat=p&typeid=i","cat":284415},{"id":79406,"n":"P'tit max Délisse Framboise - 6x180g","p":2.03,"u":"1,88 €/KG","img":"https://fd1-photos.leclercdrive.fr/image.ashx?id=2757936&use=l&cat=p&typeid=i","cat":284415},{"id":79517,"n":"Soupe velouté Knorr 9 légumes - 1L","p":1.8,"u":"1,80 €/L","img":"https://fd1-photos.leclercdrive.fr/image.ashx?id=2408273&use=l&cat=p&typeid=i","cat":284462},{"id":79519,"n":"Soupe mouliné Knorr Légumes variés - 1L","p":1.77,"u":"1,77 €/L","img":"https://fd1-photos.leclercdrive.fr/image.ashx?id=2408276&use=l&cat=p&typeid=i","cat":284462},{"id":79528,"n":"Nouilles Tables du Monde Asiatiques Boeuf cup - 61.5g","p":0.75,"u":"12,10 €/KG","img":"https://fd1-photos.leclercdrive.fr/image.ashx?id=1297258&use=l&cat=p&typeid=i","cat":288992},{"id":79545,"n":"Pâtes Collezione Barilla Tortellini jambon fromage -250g","p":2.59,"u":"10,36 €/KG","img":"https://fd1-photos.leclercdrive.fr/image.ashx?id=2588624&use=l&cat=p&typeid=i","cat":284427},{"id":79552,"n":"Pâtes Barilla Spaghettoni n°7 - 1kg","p":1.96,"u":"1,96 €/KG","img":"https://fd1-photos.leclercdrive.fr/image.ashx?id=2392233&use=l&cat=p&typeid=i","cat":284427},{"id":79556,"n":"Couscous parfumé Tipiak Epice - 510g","p":2.01,"u":"3,94 €/KG","img":"https://fd1-photos.leclercdrive.fr/image.ashx?id=2882866&use=l&cat=p&typeid=i","cat":284429},{"id":79624,"n":"Barre de céréales Nature Valley Crunchy avoine chocolat x5-210g","p":2.54,"u":"12,10 €/KG","img":"https://fd1-photos.leclercdrive.fr/image.ashx?id=2844475&use=l&cat=p&typeid=i","cat":285869},{"id":79625,"n":"Barre de céréales Nature Valley  Sweet & Salty chocolat x5-150g","p":2.81,"u":"18,73 €/KG","img":"https://fd1-photos.leclercdrive.fr/image.ashx?id=2737714&use=l&cat=p&typeid=i","cat":285869},{"id":79668,"n":"Bouillon cubes Knorr Légumes réduit en sel x12- 109g","p":1.48,"u":"13,58 €/KG","img":"https://fd1-photos.leclercdrive.fr/image.ashx?id=2793068&use=l&cat=p&typeid=i","cat":288379},{"id":79674,"n":"Mascara Maybelline  Colossal Big Shot volume Noir","p":9.08,"img":"https://fd1-photos.leclercdrive.fr/image.ashx?id=2422734&use=l&cat=p&typeid=i","cat":287029},{"id":79682,"n":"Poudre fondante L'Oréal Paris Accord Parfait 3D Beige doré","p":10.99,"img":"https://fd1-photos.leclercdrive.fr/image.ashx?id=2395544&use=l&cat=p&typeid=i","cat":287029},{"id":79692,"n":"Mascara L'Oréal Paris Millions de Cils Noir","p":10.79,"pp":7.12,"img":"https://fd1-photos.leclercdrive.fr/image.ashx?id=2419167&use=l&cat=p&typeid=i","cat":287029},{"id":79694,"n":"Fond de Teint L'Oréal Paris Accord Parfait 2.R Vanille Rosé","p":10.99,"img":"https://fd1-photos.leclercdrive.fr/image.ashx?id=2937355&use=l&cat=p&typeid=i","cat":287029},{"id":79797,"n":"Fond de Teint L'Oréal Paris Accord Parfait 3.R Beige Rosé","p":12.15,"img":"https://fd1-photos.leclercdrive.fr/image.ashx?id=2900971&use=l&cat=p&typeid=i","cat":287029},{"id":79798,"n":"Fond de Teint L'Oréal Paris Accord Parfait 3.D Beige Doré","p":11.54,"img":"https://fd1-photos.leclercdrive.fr/image.ashx?id=2900974&use=l&cat=p&typeid=i","cat":287029},{"id":79832,"n":"Gourde bébé Good Goût Bio 4mois Prune - 120g","p":1.54,"u":"12,83 €/KG","img":"https://fd1-photos.leclercdrive.fr/image.ashx?id=2381270&use=l&cat=p&typeid=i","cat":312393},{"id":79843,"n":"Dosettes Lobodis Bio Bolivie - x18 - 125g","p":3.18,"u":"25,44 €/KG","img":"https://fd1-photos.leclercdrive.fr/image.ashx?id=2598891&use=l&cat=p&typeid=i","cat":293238},{"id":79852,"n":"Raifort doux d'Alsace Alélor 200g","p":2.44,"u":"12,20 €/KG","img":"https://fd1-photos.leclercdrive.fr/image.ashx?id=2857234&use=l&cat=p&typeid=i","cat":315999},{"id":79873,"n":"Fond de teint Maybelline Dream Radiant 21 Beige Doré","p":10.39,"img":"https://fd1-photos.leclercdrive.fr/image.ashx?id=2434455&use=l&cat=p&typeid=i","cat":287029},{"id":79875,"n":"Fond de teint Maybelline  Dream Radiant Eclat 30 Sable","p":11.99,"img":"https://fd1-photos.leclercdrive.fr/image.ashx?id=2248561&use=l&cat=p&typeid=i","cat":287029},{"id":79877,"n":"Correcteur anticerne Maybelline Instant Anti-Age 01 Beige Rose","p":8.79,"img":"https://fd1-photos.leclercdrive.fr/image.ashx?id=2770542&use=l&cat=p&typeid=i","cat":287029},{"id":79896,"n":"Vernis à ongles gel Maybelline Superstay 25 Base Transparente","p":7.37,"img":"https://fd1-photos.leclercdrive.fr/image.ashx?id=2423163&use=l&cat=p&typeid=i","cat":325347},{"id":79904,"n":"Mascara waterproof Maybelline  Volum'Express noir","p":6.99,"img":"https://fd1-photos.leclercdrive.fr/image.ashx?id=2470285&use=l&cat=p&typeid=i","cat":287029},{"id":79908,"n":"Eyeliner express Maybelline Liner liquide Noir","p":9.89,"img":"https://fd1-photos.leclercdrive.fr/image.ashx?id=2670854&use=l&cat=p&typeid=i","cat":287029},{"id":79909,"n":"Mascara Maybelline  Cils Sensational Intense Noir","p":8.63,"img":"https://fd1-photos.leclercdrive.fr/image.ashx?id=2278154&use=l&cat=p&typeid=i","cat":287029},{"id":79936,"n":"Jambon Tranché Fin Fleury Michon -25% de sel x4 - 120g","p":2.35,"u":"19,58 €/KG","img":"https://fd1-photos.leclercdrive.fr/image.ashx?id=2889295&use=l&cat=p&typeid=i","cat":316009},{"id":79940,"n":"Bière blonde Grimbergen 6,7° - 50cl canette","p":1.87,"u":"3,74 €/L","img":"https://fd1-photos.leclercdrive.fr/image.ashx?id=2605458&use=l&cat=p&typeid=i","cat":334853},{"id":79960,"n":"Joker Le Fruit Jus de pomme - 1L","p":1.87,"u":"1,87 €/L","img":"https://fd1-photos.leclercdrive.fr/image.ashx?id=2846601&use=l&cat=p&typeid=i","cat":284522},{"id":79966,"n":"Joker Pur Jus Engagé Orange sans pulpe - 1,5L","p":3.71,"u":"2,47 €/L","img":"https://fd1-photos.leclercdrive.fr/image.ashx?id=3001290&use=l&cat=p&typeid=i","cat":284521},{"id":79971,"n":"Boisson Citronnade Pulco Citron - 1L","p":2.0,"u":"2,00 €/L","img":"https://fd1-photos.leclercdrive.fr/image.ashx?id=2942263&use=l&cat=p&typeid=i","cat":295018},{"id":79972,"n":"Soda rouge Orangina Orange Sanguine - 1,5L","p":1.94,"u":"1,29 €/L","img":"https://fd1-photos.leclercdrive.fr/image.ashx?id=2539833&use=l&cat=p&typeid=i","cat":284532},{"id":80008,"n":"Chocolat noir Bio Ethiquable  Gingembre confit - 100g","p":2.75,"u":"27,50 €/KG","img":"https://fd1-photos.leclercdrive.fr/image.ashx?id=2870911&use=l&cat=p&typeid=i","cat":284956},{"id":80009,"n":"Chocolat noir bio Ethiquable Equateur/Nicaragua 98% - 100g","p":3.04,"u":"30,40 €/KG","img":"https://fd1-photos.leclercdrive.fr/image.ashx?id=2870899&use=l&cat=p&typeid=i","cat":284956},{"id":80099,"n":"Riz quinoa lentille bio Happy Bio - 500g","p":3.29,"u":"6,58 €/KG","img":"https://fd1-photos.leclercdrive.fr/image.ashx?id=2655952&use=l&cat=p&typeid=i","cat":284428},{"id":80100,"n":"Graine de courge bio Happy Bio 250g","p":5.27,"u":"21,08 €/KG","img":"https://fd1-photos.leclercdrive.fr/image.ashx?id=2970993&use=l&cat=p&typeid=i","cat":323809},{"id":80102,"n":"Lentille corail bio Happy Bio 500g","p":2.97,"u":"5,94 €/KG","img":"https://fd1-photos.leclercdrive.fr/image.ashx?id=2685012&use=l&cat=p&typeid=i","cat":284430},{"id":80114,"n":"Lait bébé Les récoltes bio croissance Blédina 10 mois 6x1l","p":14.42,"u":"2,40 €/L","img":"https://fd1-photos.leclercdrive.fr/image.ashx?id=2605440&use=l&cat=p&typeid=i","cat":284728},{"id":80128,"n":"Rosette de Lyon Saint-Azay 12 tranches - 100g","p":1.44,"u":"14,40 €/KG","img":"https://fd1-photos.leclercdrive.fr/image.ashx?id=2728264&use=l&cat=p&typeid=i","cat":316007},{"id":80130,"n":"Alèses absorbantes DryNites 78x88cm - x12","p":13.29,"u":"1,11 €/P","img":"https://fd1-photos.leclercdrive.fr/image.ashx?id=2883717&use=l&cat=p&typeid=i","cat":290633},{"id":80186,"n":"Rhum tradition Rivière du Mat Blanc - 40%vol - 70cl","p":11.4,"u":"16,29 €/L","img":"https://fd1-photos.leclercdrive.fr/image.ashx?id=2616117&use=l&cat=p&typeid=i","cat":284550},{"id":80221,"n":"Pistaches Vico 150g","p":4.26,"u":"28,40 €/KG","img":"https://fd1-photos.leclercdrive.fr/image.ashx?id=2446833&use=l&cat=p&typeid=i","cat":284448},{"id":80230,"n":"Graines de sésame Bio Village Bio - 200g","p":1.99,"u":"9,95 €/KG","img":"https://fd1-photos.leclercdrive.fr/image.ashx?id=2699586&use=l&cat=p&typeid=i","cat":284357},{"id":80231,"n":"Graines de courge bio Bio Village - 200g","p":3.09,"u":"15,45 €/KG","img":"https://fd1-photos.leclercdrive.fr/image.ashx?id=2699583&use=l&cat=p&typeid=i","cat":323809},{"id":80266,"n":"Joker Pur Jus Engagé Orange  sans Pulpe - 2L","p":5.46,"u":"2,73 €/L","img":"https://fd1-photos.leclercdrive.fr/image.ashx?id=2731186&use=l&cat=p&typeid=i","cat":284521},{"id":80275,"n":"Joker Pur Jus Engagé Mandarine Orange du matin - 1L","p":2.47,"u":"2,47 €/L","img":"https://fd1-photos.leclercdrive.fr/image.ashx?id=2731183&use=l&cat=p&typeid=i","cat":284521},{"id":80302,"n":"Eau minérale naturelle Volvic 6x1,5L","p":3.04,"u":"0,34 €/L","img":"https://fd1-photos.leclercdrive.fr/image.ashx?id=2730244&use=l&cat=p&typeid=i","cat":284535},{"id":80305,"n":"Boisson aux fruits Oasis Tropical - 12x33cl","p":7.2,"u":"1,82 €/L","img":"https://fd1-photos.leclercdrive.fr/image.ashx?id=2880706&use=l&cat=p&typeid=i","cat":295018},{"id":80306,"n":"Soda Schweppes Saveur Agrumes -12x33cl","p":7.23,"u":"1,83 €/L","img":"https://fd1-photos.leclercdrive.fr/image.ashx?id=2852426&use=l&cat=p&typeid=i","cat":284532},{"id":80346,"n":"yaourt aux fruits bifidus activia cerise - 4x125g","p":1.87,"u":"3,74 €/KG","img":"https://fd1-photos.leclercdrive.fr/image.ashx?id=2885327&use=l&cat=p&typeid=i","cat":315000},{"id":80380,"n":"Tablette De Chocolat Poulain Noir Extra - 200g","p":2.11,"u":"10,55 €/KG","img":"https://fd1-photos.leclercdrive.fr/image.ashx?id=2890262&use=l&cat=p&typeid=i","cat":284956},{"id":80383,"n":"Tablette KINDER Chocolat Chocolat au Lait x12 - 150g","p":2.93,"u":"19,53 €/KG","img":"https://fd1-photos.leclercdrive.fr/image.ashx?id=1904474&use=l&cat=p&typeid=i","cat":284498},{"id":80385,"n":"Barres Chocolatées KINDER BUENO  Chocolat au Lait x5 - 215g","p":4.0,"u":"18,60 €/KG","img":"https://fd1-photos.leclercdrive.fr/image.ashx?id=2679621&use=l&cat=p&typeid=i","cat":284498},{"id":80391,"n":"Mascara L'Oréal Paris  Lash Paradise Noir","p":10.63,"img":"https://fd1-photos.leclercdrive.fr/image.ashx?id=2580158&use=l&cat=p&typeid=i","cat":287029},{"id":80396,"n":"Eau Micellaire visage Nivea Peaux sèches - 400ml","p":3.57,"u":"8,93 €/L","img":"https://fd1-photos.leclercdrive.fr/image.ashx?id=3014599&use=l&cat=p&typeid=i","cat":284603},{"id":80398,"n":"Eau Micellaire visage Nivea Peaux sensibles - 400ml","p":3.63,"u":"9,08 €/L","img":"https://fd1-photos.leclercdrive.fr/image.ashx?id=2800965&use=l&cat=p&typeid=i","cat":284603},{"id":80506,"n":"Bière bio Bio Village Blonde - 6x25cl","p":4.99,"u":"3,33 €/L","img":"https://fd1-photos.leclercdrive.fr/image.ashx?id=2517718&use=l&cat=p&typeid=i","cat":334873},{"id":80553,"n":"Pack de 3 cartouches Brita Filtrantes classic","p":18.99,"u":"6,33 €/P","img":"https://fd1-photos.leclercdrive.fr/image.ashx?id=2433259&use=l&cat=p&typeid=i","cat":334135},{"id":80617,"n":"Tétine en latex Mots d'enfants Bout rond - 2ème âge - x2","p":1.5,"img":"https://fd1-photos.leclercdrive.fr/image.ashx?id=1871134&use=l&cat=p&typeid=i","cat":284743},{"id":80630,"n":"Purée de tomates Bio Village Bio  - 72cl","p":1.53,"u":"2,13 €/L","img":"https://fd1-photos.leclercdrive.fr/image.ashx?id=2077475&use=l&cat=p&typeid=i","cat":288384},{"id":80663,"n":"Soda Pepsi Cola - 5x1.5L + 1 offerte","p":5.85,"u":"0,65 €/L","img":"https://fd1-photos.leclercdrive.fr/image.ashx?id=2983324&use=l&cat=p&typeid=i","cat":284530},{"id":80838,"n":"Compote Cool Fruits bio Vitabio Pomme Fraise Myrtille - 12x90g","p":9.27,"u":"8,58 €/KG","img":"https://fd1-photos.leclercdrive.fr/image.ashx?id=2682267&use=l&cat=p&typeid=i","cat":284508},{"id":80853,"n":"Fonds d'artichauts Géant Vert - 210g","p":3.27,"u":"15,57 €/KG","img":"https://fd1-photos.leclercdrive.fr/image.ashx?id=2840563&use=l&cat=p&typeid=i","cat":312611},{"id":80927,"n":"Fromage chèvre chaud Soignon Nature - 21% MG - 4x25g","p":1.94,"u":"19,40 €/KG","img":"https://fd1-photos.leclercdrive.fr/image.ashx?id=2844951&use=l&cat=p&typeid=i","cat":314027},{"id":81188,"n":"Flan aromatisé vanille Flanby nappé de caramel - 12x100g","p":2.61,"u":"2,18 €/KG","img":"https://fd1-photos.leclercdrive.fr/image.ashx?id=2744584&use=l&cat=p&typeid=i","cat":284420},{"id":81196,"n":"Flan aromatisé vanille Flanby nappé de caramel - 6x100g","p":1.51,"u":"2,52 €/KG","img":"https://fd1-photos.leclercdrive.fr/image.ashx?id=2483786&use=l&cat=p&typeid=i","cat":284420},{"id":81199,"n":"Yaourt La Laitière  Vanille - 8x125g","p":3.25,"u":"3,25 €/KG","img":"https://fd1-photos.leclercdrive.fr/image.ashx?id=2613981&use=l&cat=p&typeid=i","cat":286006},{"id":81215,"n":"Compote Cool Fruits bio Vitabio Pomme Mangue Ananas -12x90g","p":9.27,"u":"8,58 €/KG","img":"https://fd1-photos.leclercdrive.fr/image.ashx?id=2621399&use=l&cat=p&typeid=i","cat":284508},{"id":81217,"n":"Compote Cool Fruits bio Vitabio Pomme Pêche Abricot -12x90g","p":9.33,"u":"8,64 €/KG","img":"https://fd1-photos.leclercdrive.fr/image.ashx?id=2621423&use=l&cat=p&typeid=i","cat":284508},{"id":81222,"n":"Pizza La pizz Sodebo Chorizo - 470g","p":3.54,"u":"7,53 €/KG","img":"https://fd1-photos.leclercdrive.fr/image.ashx?id=2868389&use=l&cat=p&typeid=i","cat":333679},{"id":81234,"n":"Les carrés Good Goût Dès 8 mois - banane bio - 50g","p":2.78,"u":"55,60 €/KG","img":"https://fd1-photos.leclercdrive.fr/image.ashx?id=2640052&use=l&cat=p&typeid=i","cat":312227},{"id":81236,"n":"Fromage à tartiner Boursin Ail et fines herbes 10 portions","p":2.49,"u":"15,56 €/KG","img":"https://fd1-photos.leclercdrive.fr/image.ashx?id=2964682&use=l&cat=p&typeid=i","cat":314029},{"id":81243,"n":"Bière blonde Heineken Sans alcool - 12x25cl","p":8.22,"u":"2,74 €/L","img":"https://fd1-photos.leclercdrive.fr/image.ashx?id=2795944&use=l&cat=p&typeid=i","cat":334877},{"id":81250,"n":"Bière blonde Grimbergen 6,7° - 20x25cl","p":13.89,"u":"2,78 €/L","img":"https://fd1-photos.leclercdrive.fr/image.ashx?id=2294791&use=l&cat=p&typeid=i","cat":334852},{"id":81254,"n":"Bière blonde Grimbergen 6,7° - 12x25cl","p":9.14,"u":"3,05 €/L","img":"https://fd1-photos.leclercdrive.fr/image.ashx?id=2872865&use=l&cat=p&typeid=i","cat":334852},{"id":81262,"n":"Mort Subite Kriek Lambic 75cl","p":4.25,"u":"5,67 €/L","img":"https://fd1-photos.leclercdrive.fr/image.ashx?id=2944954&use=l&cat=p&typeid=i","cat":334878},{"id":81268,"n":"Bière blonde Grimbergen 6,7° - 6x25cl","p":4.94,"u":"3,29 €/L","img":"https://fd1-photos.leclercdrive.fr/image.ashx?id=2294381&use=l&cat=p&typeid=i","cat":334852},{"id":81272,"n":"Vin mousseux brut blanc  Produit en Allemagne - 75cl","p":1.58,"u":"2,11 €/L","img":"https://fd1-photos.leclercdrive.fr/image.ashx?id=2720133&use=l&cat=p&typeid=i","cat":284544},{"id":81277,"n":"Vin mousseux demi-sec blanc  Produit en Allemagne - 75cl","p":1.59,"u":"2,12 €/L","img":"https://fd1-photos.leclercdrive.fr/image.ashx?id=2720130&use=l&cat=p&typeid=i","cat":284544},{"id":81278,"n":"Vinaigre IGP Toscoro Balsamique de Modène - 50cl","p":3.08,"u":"6,16 €/L","img":"https://fd1-photos.leclercdrive.fr/image.ashx?id=2758150&use=l&cat=p&typeid=i","cat":289010},{"id":81280,"n":"Fromage La Vache qui rit Toastinette nature 10 tranches","p":1.77,"u":"8,85 €/KG","img":"https://fd1-photos.leclercdrive.fr/image.ashx?id=2342776&use=l&cat=p&typeid=i","cat":314028},{"id":81285,"n":"Céréales bébé soir Blédiner 8m Légumes en poudre - 240g","p":2.38,"u":"9,92 €/KG","img":"https://fd1-photos.leclercdrive.fr/image.ashx?id=2192763&use=l&cat=p&typeid=i","cat":312239},{"id":81291,"n":"Bière sans alcool Tourtel Twist Citron Vert Menthe 0,0° -6x27cl","p":4.02,"u":"2,44 €/L","img":"https://fd1-photos.leclercdrive.fr/image.ashx?id=2896567&use=l&cat=p&typeid=i","cat":334877},{"id":81316,"n":"Tablette KINDER Chocolat Chocolat au Lait x24 - 300g","p":4.23,"u":"14,10 €/KG","img":"https://fd1-photos.leclercdrive.fr/image.ashx?id=2868167&use=l&cat=p&typeid=i","cat":284498},{"id":81318,"n":"Bonbons KINDER Schoko-Bons Chocolat au lait - 500G","p":8.09,"u":"16,18 €/KG","img":"https://fd1-photos.leclercdrive.fr/image.ashx?id=2402925&use=l&cat=p&typeid=i","cat":304238},{"id":81323,"n":"Huile d'olive Bio Carapelli Extra-vierge - 75cl","p":12.35,"u":"16,47 €/L","img":"https://fd1-photos.leclercdrive.fr/image.ashx?id=2737447&use=l&cat=p&typeid=i","cat":284453},{"id":81352,"n":"Dosettes Bio Village Bio Amérique latine  x36 - 252g","p":4.49,"u":"17,82 €/KG","img":"https://fd1-photos.leclercdrive.fr/image.ashx?id=3003070&use=l&cat=p&typeid=i","cat":293238},{"id":81371,"n":"Tartine de pain Pasquier Au blé complet - 240g","p":1.5,"u":"6,25 €/KG","img":"https://fd1-photos.leclercdrive.fr/image.ashx?id=2927339&use=l&cat=p&typeid=i","cat":284479},{"id":81380,"n":"Chorizo tranché César Moroni Doux 20 tranches - 100g","p":2.04,"u":"20,40 €/KG","img":"https://fd1-photos.leclercdrive.fr/image.ashx?id=2948836&use=l&cat=p&typeid=i","cat":316007},{"id":81382,"n":"Pastis Ricard Plantes Fraiches Anisé 45% vol - 70cl","p":19.15,"u":"27,36 €/L","img":"https://fd1-photos.leclercdrive.fr/image.ashx?id=2870302&use=l&cat=p&typeid=i","cat":284548},{"id":81383,"n":"Rillettes du Mans La Véritable Bordeau Chesnel - 220g","p":2.19,"u":"9,95 €/KG","img":"https://fd1-photos.leclercdrive.fr/image.ashx?id=2763100&use=l&cat=p&typeid=i","cat":316008},{"id":81384,"n":"Vodka Zubrowska Biala 37.5%vol - 70cl","p":12.36,"u":"17,66 €/L","img":"https://fd1-photos.leclercdrive.fr/image.ashx?id=2961227&use=l&cat=p&typeid=i","cat":284550},{"id":81434,"n":"Tablette de chocolat Côte d'Or Chocolat Noir/Amandes - 4x180g","p":14.2,"u":"19,72 €/KG","img":"https://fd1-photos.leclercdrive.fr/image.ashx?id=2938028&use=l&cat=p&typeid=i","cat":284956},{"id":81437,"n":"Tortillas de Blé Old El Paso 326g","p":2.5,"u":"7,67 €/KG","img":"https://fd1-photos.leclercdrive.fr/image.ashx?id=2175611&use=l&cat=p&typeid=i","cat":288993},{"id":81462,"n":"Fromage Apéritif Apérivrais  Ail et Fines Herbes - 100g","p":2.08,"u":"20,80 €/KG","img":"https://fd1-photos.leclercdrive.fr/image.ashx?id=2854612&use=l&cat=p&typeid=i","cat":314027},{"id":81548,"n":"Pain de mie Harrys 100% mie Nature Sans croûte Maxi - 650g","p":2.1,"u":"3,23 €/KG","img":"https://fd1-photos.leclercdrive.fr/image.ashx?id=2517468&use=l&cat=p&typeid=i","cat":284477},{"id":81554,"n":"Riz au lait Bonne Maman Vanille Naturelle - 4x100g","p":2.21,"u":"5,53 €/KG","img":"https://fd1-photos.leclercdrive.fr/image.ashx?id=2619130&use=l&cat=p&typeid=i","cat":284418},{"id":81558,"n":"Pain de mie 100% Mie Harrys Nature petites tranches - 500g","p":1.76,"u":"3,52 €/KG","img":"https://fd1-photos.leclercdrive.fr/image.ashx?id=2517453&use=l&cat=p&typeid=i","cat":284477},{"id":81559,"n":"Yaourt Enfant Petits Filous Fruits Mixés Panaché - 12x50g","p":2.29,"u":"3,82 €/KG","img":"https://fd1-photos.leclercdrive.fr/image.ashx?id=2767359&use=l&cat=p&typeid=i","cat":284414},{"id":81563,"n":"AOP Champagne Canard Duchêne Demi Sec - 75cl","p":24.65,"u":"32,87 €/L","img":"https://fd1-photos.leclercdrive.fr/image.ashx?id=2757259&use=l&cat=p&typeid=i","cat":284542},{"id":81564,"n":"AOP Champagne Canard-Duchêne Brut - 75cl","p":24.77,"u":"33,03 €/L","img":"https://fd1-photos.leclercdrive.fr/image.ashx?id=2756909&use=l&cat=p&typeid=i","cat":284542},{"id":81567,"n":"Biscuits Good Goût - 8 mois Bio - Mangue - 50g","p":2.6,"u":"52,00 €/KG","img":"https://fd1-photos.leclercdrive.fr/image.ashx?id=2762256&use=l&cat=p&typeid=i","cat":312227},{"id":81626,"n":"Seau oval à Serpillère  12L - x1","p":3.99,"img":"https://fd1-photos.leclercdrive.fr/image.ashx?id=1526171&use=l&cat=p&typeid=i","cat":284669},{"id":81678,"n":"Pané de dinde Le Gaulois 200g","p":2.08,"u":"10,40 €/KG","img":"https://fd1-photos.leclercdrive.fr/image.ashx?id=2261648&use=l&cat=p&typeid=i","cat":333683},{"id":81701,"n":"Repas bébé bio BabyBio 12 mois Patate douce Pintade - 230g","p":2.21,"u":"9,61 €/KG","img":"https://fd1-photos.leclercdrive.fr/image.ashx?id=2827410&use=l&cat=p&typeid=i","cat":312237},{"id":81702,"n":"Gourde bébé Babybio - 6 mois Bio Pomme / Framboise - 360g","p":3.31,"u":"9,19 €/KG","img":"https://fd1-photos.leclercdrive.fr/image.ashx?id=2827542&use=l&cat=p&typeid=i","cat":312393},{"id":81703,"n":"Gourde bébé Babybio - 6 mois Bio Orange / Banane - 360g","p":3.59,"u":"9,97 €/KG","img":"https://fd1-photos.leclercdrive.fr/image.ashx?id=2832017&use=l&cat=p&typeid=i","cat":312393},{"id":81768,"n":"Brioche tranchée La Boulangère Bio - 400g","p":2.29,"u":"5,73 €/KG","img":"https://fd1-photos.leclercdrive.fr/image.ashx?id=2912194&use=l&cat=p&typeid=i","cat":284478},{"id":81779,"n":"Thé noir Bio Ethiquable  Tchaï aux épices x20 - 36g","p":2.41,"u":"66,94 €/KG","img":"https://fd1-photos.leclercdrive.fr/image.ashx?id=2870833&use=l&cat=p&typeid=i","cat":293233},{"id":81781,"n":"Thé noir Bio Ethiquable  Earl grey Darjeeling x20 - 36g","p":2.59,"u":"71,94 €/KG","img":"https://fd1-photos.leclercdrive.fr/image.ashx?id=2870836&use=l&cat=p&typeid=i","cat":293233},{"id":81861,"n":"Pain de mie 100% Mie Harrys Nature grandes tranches - 500g","p":1.79,"u":"3,58 €/KG","img":"https://fd1-photos.leclercdrive.fr/image.ashx?id=2517456&use=l&cat=p&typeid=i","cat":284477},{"id":81909,"n":"Café moulu Grand Mère Familial - 250g","p":3.48,"u":"13,92 €/KG","img":"https://fd1-photos.leclercdrive.fr/image.ashx?id=1755046&use=l&cat=p&typeid=i","cat":284750},{"id":81967,"n":"Sauce Barbecue Halal Samia 350ml","p":2.08,"u":"5,94 €/L","img":"https://fd1-photos.leclercdrive.fr/image.ashx?id=2576961&use=l&cat=p&typeid=i","cat":318431},{"id":82004,"n":"Mozzarella mini Galbani 150g","p":2.47,"u":"16,47 €/KG","img":"https://fd1-photos.leclercdrive.fr/image.ashx?id=2766586&use=l&cat=p&typeid=i","cat":314026},{"id":82008,"n":"Emmental râpé fondant Président 3x70g","p":2.74,"u":"13,05 €/KG","img":"https://fd1-photos.leclercdrive.fr/image.ashx?id=2462741&use=l&cat=p&typeid=i","cat":314035},{"id":82009,"n":"Mozzarella râpée cucina Galbani 150g","p":2.89,"u":"19,27 €/KG","img":"https://fd1-photos.leclercdrive.fr/image.ashx?id=2787887&use=l&cat=p&typeid=i","cat":314035},{"id":82099,"n":"Steak haché Eco+ x10 - 1kg","p":8.74,"u":"8,74 €/KG","img":"https://fd1-photos.leclercdrive.fr/image.ashx?id=2966532&use=l&cat=p&typeid=i","cat":319778},{"id":82127,"n":"Vin Italie rouge Chianti DOCG Piccini - 75cl","p":5.45,"u":"7,27 €/L","img":"https://fd1-photos.leclercdrive.fr/image.ashx?id=2794637&use=l&cat=p&typeid=i","cat":289556},{"id":82145,"n":"Bière blonde La G de Goudale 7.9%vol - 75cl","p":3.99,"u":"5,32 €/L","img":"https://fd1-photos.leclercdrive.fr/image.ashx?id=2861566&use=l&cat=p&typeid=i","cat":334872},{"id":82148,"n":"Lardons fumés Supérieur Eco+ 2x100g","p":1.31,"u":"6,55 €/KG","img":"https://fd1-photos.leclercdrive.fr/image.ashx?id=2688252&use=l&cat=p&typeid=i","cat":316011},{"id":82152,"n":"Compote Andros Abricot Morceaux - 4x100g","p":2.27,"u":"5,68 €/KG","img":"https://fd1-photos.leclercdrive.fr/image.ashx?id=2853566&use=l&cat=p&typeid=i","cat":284416},{"id":82157,"n":"Dessert fruitier pêche Andros En morceaux - 4x100g","p":1.9,"u":"4,75 €/KG","img":"https://fd1-photos.leclercdrive.fr/image.ashx?id=2845470&use=l&cat=p&typeid=i","cat":284416},{"id":82167,"n":"Compotes Andros Pomme Banane - 4x100g","p":1.48,"u":"3,70 €/KG","img":"https://fd1-photos.leclercdrive.fr/image.ashx?id=2883997&use=l&cat=p&typeid=i","cat":284416},{"id":82174,"n":"Extrême  Citron Framboise - 6x71g","p":3.79,"u":"8,90 €/KG","img":"https://fd1-photos.leclercdrive.fr/image.ashx?id=2866076&use=l&cat=p&typeid=i","cat":284264},{"id":82177,"n":"Bière blonde Duvel 8.5%vol - 75cl","p":4.19,"u":"5,59 €/L","img":"https://fd1-photos.leclercdrive.fr/image.ashx?id=2111139&use=l&cat=p&typeid=i","cat":334872},{"id":82179,"n":"Bière blonde 3 Monts 75cl","p":2.47,"u":"3,29 €/L","img":"https://fd1-photos.leclercdrive.fr/image.ashx?id=2550553&use=l&cat=p&typeid=i","cat":334852},{"id":82181,"n":"Bière Mort Subite Kriek A la cerise - 33cl","p":1.41,"u":"4,27 €/L","img":"https://fd1-photos.leclercdrive.fr/image.ashx?id=2796414&use=l&cat=p&typeid=i","cat":334872},{"id":82184,"n":"Barres KINDER BUENO White  Chocolat Blanc x12 - 468g","p":8.6,"u":"18,38 €/KG","img":"https://fd1-photos.leclercdrive.fr/image.ashx?id=2679642&use=l&cat=p&typeid=i","cat":284498},{"id":82218,"n":"Emmental fromage rapé Les Croisés - 750g","p":5.98,"u":"7,97 €/KG","img":"https://fd1-photos.leclercdrive.fr/image.ashx?id=2900665&use=l&cat=p&typeid=i","cat":314035},{"id":82234,"n":"Liniment Corine de Farme Bio - 500ml","p":4.7,"u":"9,40 €/L","img":"https://fd1-photos.leclercdrive.fr/image.ashx?id=2424449&use=l&cat=p&typeid=i","cat":284741},{"id":82250,"n":"Thon au Naturel Petit Navire Démarche Responsable 140g","p":2.23,"u":"15,93 €/KG","img":"https://fd1-photos.leclercdrive.fr/image.ashx?id=2928360&use=l&cat=p&typeid=i","cat":303867},{"id":82251,"n":"Thon MSC Naturel Petit Navire Entier -  112g","p":3.01,"u":"26,88 €/KG","img":"https://fd1-photos.leclercdrive.fr/image.ashx?id=2928357&use=l&cat=p&typeid=i","cat":303867},{"id":82253,"n":"Biscuits Thé LU 350g","p":1.48,"u":"4,23 €/KG","img":"https://fd1-photos.leclercdrive.fr/image.ashx?id=2977738&use=l&cat=p&typeid=i","cat":284487},{"id":82265,"n":"Céréales Quaker Cruesli Chocolat - 450g","p":2.67,"u":"5,93 €/KG","img":"https://fd1-photos.leclercdrive.fr/image.ashx?id=2382791&use=l&cat=p&typeid=i","cat":309512},{"id":82266,"n":"Filet de sardines Saupiquet A l'huile d'olive - 100g","p":1.47,"u":"14,70 €/KG","img":"https://fd1-photos.leclercdrive.fr/image.ashx?id=2845347&use=l&cat=p&typeid=i","cat":305146},{"id":82267,"n":"Céréales Quaker Cruesli Chocolat au lait - 900g","p":5.14,"u":"5,71 €/KG","img":"https://fd1-photos.leclercdrive.fr/image.ashx?id=2212150&use=l&cat=p&typeid=i","cat":309512},{"id":82269,"n":"Moules Escabèche Saupiquet 110g","p":2.68,"u":"24,36 €/KG","img":"https://fd1-photos.leclercdrive.fr/image.ashx?id=2799386&use=l&cat=p&typeid=i","cat":305147},{"id":82276,"n":"Sardines Huile PARMENTIER Tournesol 135g","p":1.54,"u":"11,41 €/KG","img":"https://fd1-photos.leclercdrive.fr/image.ashx?id=2989057&use=l&cat=p&typeid=i","cat":305146},{"id":82280,"n":"Sardines Parmentier Piment - 135g","p":1.65,"u":"12,22 €/KG","img":"https://fd1-photos.leclercdrive.fr/image.ashx?id=2988312&use=l&cat=p&typeid=i","cat":305146},{"id":82284,"n":"Bière 3 Monts 33cl","p":1.77,"u":"5,36 €/L","img":"https://fd1-photos.leclercdrive.fr/image.ashx?id=2684143&use=l&cat=p&typeid=i","cat":334852},{"id":82307,"n":"Emmental d'Entremont En tranches - 150g","p":2.57,"u":"17,13 €/KG","img":"https://fd1-photos.leclercdrive.fr/image.ashx?id=2877742&use=l&cat=p&typeid=i","cat":314028},{"id":82309,"n":"yaourt fruits bio les 2 vaches brassé poire - 4x115g","p":1.99,"u":"4,33 €/KG","img":"https://fd1-photos.leclercdrive.fr/image.ashx?id=2571527&use=l&cat=p&typeid=i","cat":284410},{"id":82350,"n":"Frites fines McCain Côté Comptoir - 650g","p":2.8,"u":"4,31 €/KG","img":"https://fd1-photos.leclercdrive.fr/image.ashx?id=2693887&use=l&cat=p&typeid=i","cat":319791},{"id":82351,"n":"Frites incurvées McCain Côté Brasserie - 650g","p":2.19,"u":"3,37 €/KG","img":"https://fd1-photos.leclercdrive.fr/image.ashx?id=2927044&use=l&cat=p&typeid=i","cat":319791},{"id":82353,"n":"Biscuits Oréo enrobé chocolat Au lait - 246g","p":2.46,"u":"10,00 €/KG","img":"https://fd1-photos.leclercdrive.fr/image.ashx?id=2908333&use=l&cat=p&typeid=i","cat":284488},{"id":82433,"n":"Cordons Bleus Côté Croc Poulet x4 - 400g","p":3.14,"u":"7,85 €/KG","img":"https://fd1-photos.leclercdrive.fr/image.ashx?id=2801052&use=l&cat=p&typeid=i","cat":333683},{"id":82440,"n":"Boisson lactée Candy'UP Vanille - 6x20cl","p":2.69,"u":"2,24 €/L","img":"https://fd1-photos.leclercdrive.fr/image.ashx?id=2485632&use=l&cat=p&typeid=i","cat":295246},{"id":82452,"n":"Pruneaux d'Agen Maître Prunille IGP Dénoyautés - 500g","p":5.96,"u":"11,92 €/KG","img":"https://fd1-photos.leclercdrive.fr/image.ashx?id=2016023&use=l&cat=p&typeid=i","cat":284357},{"id":82520,"n":"Fromage Croque emmental Président - 12 tranches - 200g","p":1.79,"u":"8,95 €/KG","img":"https://fd1-photos.leclercdrive.fr/image.ashx?id=2446356&use=l&cat=p&typeid=i","cat":314028},{"id":82575,"n":"Bière ambrée La Goudale 7.2%vol - 6x25cl","p":5.27,"u":"3,51 €/L","img":"https://fd1-photos.leclercdrive.fr/image.ashx?id=2915521&use=l&cat=p&typeid=i","cat":334852},{"id":82611,"n":"L'Ortolan portions Fromagerie Milleret - 8 x 30 g","p":3.37,"u":"14,04 €/KG","img":"https://fd1-photos.leclercdrive.fr/image.ashx?id=1857850&use=l&cat=p&typeid=i","cat":314030},{"id":82663,"n":"Arrangé Rivière du Mât Banane Vanillé - 70cl - 35%vol","p":17.45,"pp":15.95,"u":"22,79 €/L","img":"https://fd1-photos.leclercdrive.fr/image.ashx?id=2731300&use=l&cat=p&typeid=i","cat":284551},{"id":82665,"n":"Arrangé Rivière du Mât Vanille des Tropiques - 70cl","p":17.45,"pp":15.95,"u":"22,79 €/L","img":"https://fd1-photos.leclercdrive.fr/image.ashx?id=2731291&use=l&cat=p&typeid=i","cat":284551},{"id":82667,"n":"Yaourt aux fruits bifidus Activia poire - 4x125g","p":1.87,"u":"3,74 €/KG","img":"https://fd1-photos.leclercdrive.fr/image.ashx?id=2885330&use=l&cat=p&typeid=i","cat":315000},{"id":82669,"n":"Yaourt aux fruits bifidus Activia mangue - 4x125g","p":1.93,"u":"3,86 €/KG","img":"https://fd1-photos.leclercdrive.fr/image.ashx?id=2886642&use=l&cat=p&typeid=i","cat":315000},{"id":82676,"n":"Yaourt aux fruits bifidus Activia figue - 4x125g","p":1.99,"u":"3,98 €/KG","img":"https://fd1-photos.leclercdrive.fr/image.ashx?id=2886630&use=l&cat=p&typeid=i","cat":315000},{"id":82677,"n":"yaourt aux fruits bifidus activia fraise - 4x125g","p":1.86,"u":"3,72 €/KG","img":"https://fd1-photos.leclercdrive.fr/image.ashx?id=2886627&use=l&cat=p&typeid=i","cat":315000},{"id":82717,"n":"Arrangé Rivière du Mât Ananas Caramélisé 35% vol 70cl","p":17.45,"pp":15.95,"u":"22,79 €/L","img":"https://fd1-photos.leclercdrive.fr/image.ashx?id=2731297&use=l&cat=p&typeid=i","cat":284551},{"id":82739,"n":"Poisson pané Croustibat Findus Petit trésor MSC - x15 - 450g","p":3.33,"u":"7,40 €/KG","img":"https://fd1-photos.leclercdrive.fr/image.ashx?id=3008758&use=l&cat=p&typeid=i","cat":319788},{"id":82741,"n":"Poisson pané Findus Colin  Alaska Fish and Chips x13- 364g","p":2.88,"u":"7,91 €/KG","img":"https://fd1-photos.leclercdrive.fr/image.ashx?id=3008761&use=l&cat=p&typeid=i","cat":319788},{"id":82745,"n":"Couches Activ+ Mots d'enfants  Taille 5 : 11/25kg - x35","p":12.99,"u":"0,37 €/P","img":"https://fd1-photos.leclercdrive.fr/image.ashx?id=2922424&use=l&cat=p&typeid=i","cat":284737},{"id":82748,"n":"Couches Activ+ Mots d'enfants  Taille 4+ 9/20kg - x37 changes","p":12.99,"u":"0,35 €/P","img":"https://fd1-photos.leclercdrive.fr/image.ashx?id=2699747&use=l&cat=p&typeid=i","cat":284737},{"id":82924,"n":"Bière Heineken 6x33cl","p":4.64,"u":"2,34 €/L","img":"https://fd1-photos.leclercdrive.fr/image.ashx?id=3008113&use=l&cat=p&typeid=i","cat":334853},{"id":82998,"n":"Bigarreaux au sirop Beyer 355g","p":2.84,"u":"8,00 €/KG","img":"https://fd1-photos.leclercdrive.fr/image.ashx?id=2761489&use=l&cat=p&typeid=i","cat":284507},{"id":83005,"n":"Vinaigrette Melfor 50cl","p":1.99,"u":"3,98 €/L","img":"https://fd1-photos.leclercdrive.fr/image.ashx?id=2339547&use=l&cat=p&typeid=i","cat":284456},{"id":83107,"n":"Bière La G de Goudale 7.9% vol - 33cl","p":1.89,"u":"5,73 €/L","img":"https://fd1-photos.leclercdrive.fr/image.ashx?id=1736938&use=l&cat=p&typeid=i","cat":334872},{"id":83109,"n":"Bières Rince Cochon rouge 75cl","p":4.74,"u":"6,32 €/L","img":"https://fd1-photos.leclercdrive.fr/image.ashx?id=2021238&use=l&cat=p&typeid=i","cat":334872},{"id":83120,"n":"Bière brune Pelforth 12x25cl","p":8.51,"u":"2,84 €/L","img":"https://fd1-photos.leclercdrive.fr/image.ashx?id=2646182&use=l&cat=p&typeid=i","cat":334852},{"id":83132,"n":"Boisson lactée Tous mes amis pour chats - 3x200ml","p":2.13,"u":"3,55 €/L","img":"https://fd1-photos.leclercdrive.fr/image.ashx?id=2313482&use=l&cat=p&typeid=i","cat":285285},{"id":83227,"n":"Nuggets de poulet Le Gaulois x10 - 200g","p":2.08,"u":"10,40 €/KG","img":"https://fd1-photos.leclercdrive.fr/image.ashx?id=2342818&use=l&cat=p&typeid=i","cat":333684},{"id":83303,"n":"Happy Cola Haribo Sachet bonbons - 300g","p":1.87,"u":"6,23 €/KG","img":"https://fd1-photos.leclercdrive.fr/image.ashx?id=2806087&use=l&cat=p&typeid=i","cat":304250},{"id":83350,"n":"Bonbons Haribo Moam Happy fruttis - 200g","p":1.62,"u":"8,10 €/KG","img":"https://fd1-photos.leclercdrive.fr/image.ashx?id=2984916&use=l&cat=p&typeid=i","cat":304250},{"id":83382,"n":"Coeurs d'Artichauts Florelli A la paysanne - 280g","p":3.04,"u":"10,86 €/KG","img":"https://fd1-photos.leclercdrive.fr/image.ashx?id=2594533&use=l&cat=p&typeid=i","cat":289010},{"id":83429,"n":"AOP Côtes de Provence rosé H Haussmann - 75cl","p":8.85,"u":"11,80 €/L","img":"https://fd1-photos.leclercdrive.fr/image.ashx?id=2093535&use=l&cat=p&typeid=i","cat":289558},{"id":83434,"n":"Olives Père Olive Ail et basilic - 150g","p":2.34,"u":"15,60 €/KG","img":"https://fd1-photos.leclercdrive.fr/image.ashx?id=2892730&use=l&cat=p&typeid=i","cat":316002},{"id":83474,"n":"Sauce pour pâtes Florelli Asperges tomates parmesan -190g","p":2.28,"u":"12,00 €/KG","img":"https://fd1-photos.leclercdrive.fr/image.ashx?id=3011665&use=l&cat=p&typeid=i","cat":289010},{"id":83476,"n":"Tapenade d'Olives vertes Les Tartinables Florelli 190g","p":2.42,"u":"12,74 €/KG","img":"https://fd1-photos.leclercdrive.fr/image.ashx?id=2904347&use=l&cat=p&typeid=i","cat":289010},{"id":83698,"n":"IGP Pays d'Oc Grenache vin rosé Vieux Carion 12.5% vol - 75cl","p":2.25,"u":"3,00 €/L","img":"https://fd1-photos.leclercdrive.fr/image.ashx?id=2722823&use=l&cat=p&typeid=i","cat":289558},{"id":83708,"n":"Arachides Seeberger Jumbo géantes - 500g","p":5.98,"u":"11,96 €/KG","img":"https://fd1-photos.leclercdrive.fr/image.ashx?id=2965265&use=l&cat=p&typeid=i","cat":284357},{"id":83787,"n":"Dessert Lacté P'TIT BRASSE BIO Poire Banane 6M+ - 4x90g","p":2.18,"u":"6,06 €/KG","img":"https://fd1-photos.leclercdrive.fr/image.ashx?id=2670866&use=l&cat=p&typeid=i","cat":312392},{"id":83790,"n":"Desserts Lactés P'TIT BRASSE BIO Pomme Pêche 6M+ - 4x90g","p":2.05,"u":"5,69 €/KG","img":"https://fd1-photos.leclercdrive.fr/image.ashx?id=2670863&use=l&cat=p&typeid=i","cat":312392},{"id":83852,"n":"Petites tranches Saint-Agaûne Nature - 70g","p":2.89,"u":"41,29 €/KG","img":"https://fd1-photos.leclercdrive.fr/image.ashx?id=2852558&use=l&cat=p&typeid=i","cat":316006},{"id":83935,"n":"Thon mariné au piment d\"espelette Petit Navire - 110g","p":2.11,"u":"19,18 €/KG","img":"https://fd1-photos.leclercdrive.fr/image.ashx?id=2682863&use=l&cat=p&typeid=i","cat":303867},{"id":83951,"n":"IGP Pays d'Oc rouge Merlot J-P Chenet 13% vol BIB 3L","p":10.26,"u":"3,42 €/L","img":"https://fd1-photos.leclercdrive.fr/image.ashx?id=2941709&use=l&cat=p&typeid=i","cat":289560},{"id":83985,"n":"IGP Pays d'Oc rouge Merlot Grand Sud 13% vol - 1L","p":3.92,"u":"3,92 €/L","img":"https://fd1-photos.leclercdrive.fr/image.ashx?id=2941583&use=l&cat=p&typeid=i","cat":289556},{"id":83986,"n":"IGP Pays d'Oc rosé Merlot Grand Sud 12.5% vol - 1L","p":3.92,"u":"3,92 €/L","img":"https://fd1-photos.leclercdrive.fr/image.ashx?id=2941580&use=l&cat=p&typeid=i","cat":289558},{"id":83988,"n":"IGP Pays d'Oc rosé Merlot Les Ormes de Cambras 12% BIB 5L","p":19.96,"u":"3,99 €/L","img":"https://fd1-photos.leclercdrive.fr/image.ashx?id=1587084&use=l&cat=p&typeid=i","cat":289560},{"id":84021,"n":"AOP Bordeaux rouge Mission Saint Vincent - 75cl","p":4.25,"u":"5,67 €/L","img":"https://fd1-photos.leclercdrive.fr/image.ashx?id=2734459&use=l&cat=p&typeid=i","cat":289556},{"id":84028,"n":"IGP Méditerranée rosé Les Calandières 12% vol BIB 3L","p":12.99,"u":"4,33 €/L","img":"https://fd1-photos.leclercdrive.fr/image.ashx?id=2997766&use=l&cat=p&typeid=i","cat":289560},{"id":84152,"n":"Pain pour Panini La Boulangère x4 - 300g","p":1.78,"u":"5,93 €/KG","img":"https://fd1-photos.leclercdrive.fr/image.ashx?id=2937457&use=l&cat=p&typeid=i","cat":284985},{"id":84154,"n":"Bonbons VICHY Menthe 230g","p":1.07,"u":"4,65 €/KG","img":"https://fd1-photos.leclercdrive.fr/image.ashx?id=2806342&use=l&cat=p&typeid=i","cat":304252},{"id":84158,"n":"Bonbons CARAMBAR Fruits Assortiment - 320g","p":1.69,"u":"5,28 €/KG","img":"https://fd1-photos.leclercdrive.fr/image.ashx?id=2964499&use=l&cat=p&typeid=i","cat":304250},{"id":84159,"n":"Bonbons CARAMBAR Family Assortiment - 450g","p":2.69,"u":"5,98 €/KG","img":"https://fd1-photos.leclercdrive.fr/image.ashx?id=2903446&use=l&cat=p&typeid=i","cat":304250},{"id":84160,"n":"Bonbons CARAMBAR Caramel 320g","p":1.69,"u":"5,28 €/KG","img":"https://fd1-photos.leclercdrive.fr/image.ashx?id=2770124&use=l&cat=p&typeid=i","cat":304250},{"id":84161,"n":"Bonbons LA PIE QUI CHANTE Michoko Noir - 280g","p":2.45,"u":"8,75 €/KG","img":"https://fd1-photos.leclercdrive.fr/image.ashx?id=2817842&use=l&cat=p&typeid=i","cat":304250},{"id":84186,"n":"Lait bébé en poudre Bio Guigoz 2ème âge - 6-12 mois - 800g","p":18.41,"u":"23,01 €/KG","img":"https://fd1-photos.leclercdrive.fr/image.ashx?id=2740286&use=l&cat=p&typeid=i","cat":284727},{"id":84188,"n":"Lait bébé en poudre Bio Guigoz 1er âge - 0-6 mois - 800g","p":20.05,"u":"25,06 €/KG","img":"https://fd1-photos.leclercdrive.fr/image.ashx?id=3000438&use=l&cat=p&typeid=i","cat":284726},{"id":84249,"n":"Crème Bio Hydratante Sobio Etic Aloe Vera - 100ml","p":8.64,"u":"86,40 €/L","img":"https://fd1-photos.leclercdrive.fr/image.ashx?id=2787074&use=l&cat=p&typeid=i","cat":325345},{"id":84253,"n":"Crème de Douche Bio Sobio Etic Peaux Sensibles Aloe Vera-650ml","p":5.73,"u":"8,82 €/L","img":"https://fd1-photos.leclercdrive.fr/image.ashx?id=2891577&use=l&cat=p&typeid=i","cat":284594},{"id":84258,"n":"Gel Apaisant Bio Sobio Etic Piqures - 40ml","p":7.64,"img":"https://fd1-photos.leclercdrive.fr/image.ashx?id=2407622&use=l&cat=p&typeid=i","cat":284630},{"id":84380,"n":"Préparation fruit abricot 320g - Lucien Georgelin","p":2.69,"u":"8,41 €/KG","img":"https://fd1-photos.leclercdrive.fr/image.ashx?id=1582052&use=l&cat=p&typeid=i","cat":284480},{"id":84385,"n":"Croc'Choc Lucien Georgelin Noisette - 375g","p":3.61,"u":"9,63 €/KG","img":"https://fd1-photos.leclercdrive.fr/image.ashx?id=2561811&use=l&cat=p&typeid=i","cat":309513},{"id":84386,"n":"Croc'Tou Choc Lucien Georgelin 375g - Lucien Georgelin","p":3.22,"u":"8,59 €/KG","img":"https://fd1-photos.leclercdrive.fr/image.ashx?id=2561808&use=l&cat=p&typeid=i","cat":309513},{"id":84392,"n":"Sauce tomate de Marmande 300g - Lucien Georgelin","p":2.15,"u":"7,17 €/KG","img":"https://fd1-photos.leclercdrive.fr/image.ashx?id=2015660&use=l&cat=p&typeid=i","cat":288384},{"id":84441,"n":"Trio saucissons Cévennes  Nos Régions ont du Talent 345g","p":6.84,"u":"19,83 €/KG","img":"https://fd1-photos.leclercdrive.fr/image.ashx?id=2898113&use=l&cat=p&typeid=i","cat":316006},{"id":84452,"n":"Calamars Baltic 150g","p":4.21,"u":"28,07 €/KG","img":"https://fd1-photos.leclercdrive.fr/image.ashx?id=2943882&use=l&cat=p&typeid=i","cat":285191},{"id":84454,"n":"Filets d'Anchois Baltic 150g","p":3.64,"u":"24,27 €/KG","img":"https://fd1-photos.leclercdrive.fr/image.ashx?id=2845901&use=l&cat=p&typeid=i","cat":285190},{"id":84455,"n":"Salade de la mer Baltic Mollusques et crustacés - 150g","p":3.9,"u":"26,00 €/KG","img":"https://fd1-photos.leclercdrive.fr/image.ashx?id=2845898&use=l&cat=p&typeid=i","cat":285191},{"id":84763,"n":"Chipolatas supérieures La Nouvelle Agriculture x6-330g","p":5.18,"u":"15,70 €/KG","img":"https://fd1-photos.leclercdrive.fr/image.ashx?id=2831939&use=l&cat=p&typeid=i","cat":284334},{"id":84784,"n":"Filet de poulet Le Gaulois x2 - 300g","p":4.76,"u":"15,87 €/KG","img":"https://fd1-photos.leclercdrive.fr/image.ashx?id=2732761&use=l&cat=p&typeid=i","cat":284336},{"id":84789,"n":"Filet de poulet blanc Le Gaulois x2 - 300g","p":4.96,"u":"16,53 €/KG","img":"https://fd1-photos.leclercdrive.fr/image.ashx?id=2633989&use=l&cat=p&typeid=i","cat":284336},{"id":84790,"n":"Cuisse de poulet blanc Le Gaulois - 500g","p":3.1,"u":"6,20 €/KG","img":"https://fd1-photos.leclercdrive.fr/image.ashx?id=2732752&use=l&cat=p&typeid=i","cat":284336},{"id":84791,"n":"Cuisse de poulet jaune Le Gaulois - x2 - 500g","p":3.11,"u":"6,22 €/KG","img":"https://fd1-photos.leclercdrive.fr/image.ashx?id=2732749&use=l&cat=p&typeid=i","cat":284336},{"id":84794,"n":"Coton Lotus Baby Peau nette - x85","p":2.55,"u":"0,03 €/P","img":"https://fd1-photos.leclercdrive.fr/image.ashx?id=2981355&use=l&cat=p&typeid=i","cat":284739},{"id":84819,"n":"Cerneaux de noix Seeberger 150g","p":4.98,"u":"33,20 €/KG","img":"https://fd1-photos.leclercdrive.fr/image.ashx?id=2950615&use=l&cat=p&typeid=i","cat":284357},{"id":85022,"n":"Shampooing Naturé Moi Extra-doux - 250ml","p":2.23,"u":"8,92 €/L","img":"https://fd1-photos.leclercdrive.fr/image.ashx?id=2740673&use=l&cat=p&typeid=i","cat":284606},{"id":85023,"n":"Boulgour gros Bio Happy Bio 500g","p":3.25,"u":"6,50 €/KG","img":"https://fd1-photos.leclercdrive.fr/image.ashx?id=2228828&use=l&cat=p&typeid=i","cat":284429},{"id":85024,"n":"Lentille verte bio Happy Bio  500g","p":2.54,"u":"5,08 €/KG","img":"https://fd1-photos.leclercdrive.fr/image.ashx?id=2685015&use=l&cat=p&typeid=i","cat":284430},{"id":85027,"n":"Couscous Happy Bio 1/2 complet - Bio  400g","p":2.69,"u":"6,73 €/KG","img":"https://fd1-photos.leclercdrive.fr/image.ashx?id=1718518&use=l&cat=p&typeid=i","cat":284429},{"id":85028,"n":"Sésame grillé bio Happy Bio 250 G","p":3.36,"u":"13,44 €/KG","img":"https://fd1-photos.leclercdrive.fr/image.ashx?id=2970987&use=l&cat=p&typeid=i","cat":284430},{"id":85029,"n":"Flocon avoine Happy Bio gros bio  - 500g","p":1.94,"u":"3,88 €/KG","img":"https://fd1-photos.leclercdrive.fr/image.ashx?id=2684994&use=l&cat=p&typeid=i","cat":318651},{"id":85040,"n":"Shampooing sec Batiste Cherry - 200ml","p":3.53,"u":"17,65 €/L","img":"https://fd1-photos.leclercdrive.fr/image.ashx?id=2983459&use=l&cat=p&typeid=i","cat":289143},{"id":85049,"n":"Poires Panier du Primeur Mûre à point Filière x4","p":3.49,"u":"0,87 €/P","img":"https://fd1-photos.leclercdrive.fr/image.ashx?id=2955038&use=l&cat=p&typeid=i","cat":284356},{"id":85051,"n":"Endives Panier du Primeur x5","p":2.49,"u":"0,50 €/P","img":"https://fd1-photos.leclercdrive.fr/image.ashx?id=2655607&use=l&cat=p&typeid=i","cat":284352},{"id":85059,"n":"Protection auditive Quies En mousse fluo - x16","p":6.2,"u":"0,39 €/P","img":"https://fd1-photos.leclercdrive.fr/image.ashx?id=2159511&use=l&cat=p&typeid=i","cat":284630},{"id":85069,"n":"Dentifrice Sensodyne Blancheur multiprotect - 75ml","p":4.08,"u":"54,40 €/L","img":"https://fd1-photos.leclercdrive.fr/image.ashx?id=2630730&use=l&cat=p&typeid=i","cat":284612},{"id":85090,"n":"Sauce 3 Poivres Heinz - 220g","p":1.88,"u":"8,55 €/KG","img":"https://fd1-photos.leclercdrive.fr/image.ashx?id=2973351&use=l&cat=p&typeid=i","cat":318431},{"id":85106,"n":"Mayonnaise American Style Heinz  - 395g","p":2.55,"u":"6,46 €/KG","img":"https://fd1-photos.leclercdrive.fr/image.ashx?id=2927059&use=l&cat=p&typeid=i","cat":298295},{"id":85268,"n":"Infusion Bio Ethiquable Rooibos Afrique du Sud x20 - 40g","p":2.47,"u":"3,09 €/KG","img":"https://fd1-photos.leclercdrive.fr/image.ashx?id=2870878&use=l&cat=p&typeid=i","cat":293233},{"id":85278,"n":"Barres Têtes Brûlées Fraise/pomme - 200g","p":1.91,"u":"9,55 €/KG","img":"https://fd1-photos.leclercdrive.fr/image.ashx?id=2917882&use=l&cat=p&typeid=i","cat":304250},{"id":85286,"n":"Confiture Extra Ethiquable Bio Aux abricots - 375g","p":3.27,"u":"8,72 €/KG","img":"https://fd1-photos.leclercdrive.fr/image.ashx?id=2944221&use=l&cat=p&typeid=i","cat":284480},{"id":85290,"n":"Chocolat noir Bio Ethiquable  74% Côte d'Ivoire - 100g","p":2.94,"u":"29,40 €/KG","img":"https://fd1-photos.leclercdrive.fr/image.ashx?id=2870929&use=l&cat=p&typeid=i","cat":284956},{"id":85401,"n":"Mini ballon mousse Woodsun diamètre 15cm - Dès 3 ans","p":2.99,"img":"https://fd1-photos.leclercdrive.fr/image.ashx?id=1429084&use=l&cat=p&typeid=i","cat":334381},{"id":85442,"n":"Désodorisant diffuseur Airwick FreshMatic Rafraîchissant-250ml","p":8.74,"img":"https://fd1-photos.leclercdrive.fr/image.ashx?id=2158611&use=l&cat=p&typeid=i","cat":311629},{"id":85445,"n":"Serpillères jetables St Marc  Anti-Bactériennes - x20","p":2.69,"u":"0,13 €/P","img":"https://fd1-photos.leclercdrive.fr/image.ashx?id=2228552&use=l&cat=p&typeid=i","cat":325358},{"id":85682,"n":"AOC Vin rouge  Languedoc L'odalet - 75cl","p":5.15,"u":"6,87 €/L","img":"https://fd1-photos.leclercdrive.fr/image.ashx?id=2852869&use=l&cat=p&typeid=i","cat":289556},{"id":85693,"n":"Donut de poulet Maître Coq 800g","p":7.77,"u":"9,71 €/KG","img":"https://fd1-photos.leclercdrive.fr/image.ashx?id=2426941&use=l&cat=p&typeid=i","cat":333684},{"id":85735,"n":"Soda au cola Pepsi Zéro sucres La bouteille de 2L","p":1.63,"u":"0,82 €/L","img":"https://fd1-photos.leclercdrive.fr/image.ashx?id=2682297&use=l&cat=p&typeid=i","cat":284530},{"id":85739,"n":"Soda Pepsi Saveur cola sans sucres - 1L","p":1.01,"u":"1,01 €/L","img":"https://fd1-photos.leclercdrive.fr/image.ashx?id=2682300&use=l&cat=p&typeid=i","cat":284530},{"id":85743,"n":"Chipolatas Nouvelle Agriculture Herbes - x6 - 330g","p":4.27,"u":"12,94 €/KG","img":"https://fd1-photos.leclercdrive.fr/image.ashx?id=2650525&use=l&cat=p&typeid=i","cat":284334},{"id":85898,"n":"Crevette d'equateur Escal Crues - ASC - 300 g","p":7.49,"pp":4.94,"u":"16,47 €/KG","img":"https://fd1-photos.leclercdrive.fr/image.ashx?id=1563082&use=l&cat=p&typeid=i","cat":319787},{"id":85900,"n":"AOC Languedoc l'Ordalet rosé 75cl","p":4.98,"u":"6,64 €/L","img":"https://fd1-photos.leclercdrive.fr/image.ashx?id=2853916&use=l&cat=p&typeid=i","cat":289558},{"id":85960,"n":"AOP Bordeaux rosé Mouton Cadet - 75cl","p":5.59,"u":"7,45 €/L","img":"https://fd1-photos.leclercdrive.fr/image.ashx?id=2943987&use=l&cat=p&typeid=i","cat":289558},{"id":85998,"n":"Sauce Curry Mango Heinz - 225g","p":2.05,"u":"9,11 €/KG","img":"https://fd1-photos.leclercdrive.fr/image.ashx?id=2927050&use=l&cat=p&typeid=i","cat":318431},{"id":86071,"n":"AOP Prosecco Perlino Extra Dry - 75cl","p":6.4,"u":"8,53 €/L","img":"https://fd1-photos.leclercdrive.fr/image.ashx?id=2612778&use=l&cat=p&typeid=i","cat":289461},{"id":86208,"n":"Pâte à tartiner Nutella 1kg","p":6.56,"u":"6,56 €/KG","img":"https://fd1-photos.leclercdrive.fr/image.ashx?id=2935648&use=l&cat=p&typeid=i","cat":284481},{"id":86375,"n":"Rochers Suchard  Lait - 7x35g","p":3.95,"u":"16,12 €/KG","img":"https://fd1-photos.leclercdrive.fr/image.ashx?id=2950372&use=l&cat=p&typeid=i","cat":284499},{"id":86403,"n":"Capsules café L'Or Espresso Delizioso N°5 x10","p":3.16,"u":"60,77 €/KG","img":"https://fd1-photos.leclercdrive.fr/image.ashx?id=3000462&use=l&cat=p&typeid=i","cat":284749},{"id":86411,"n":"Biscuit bio Bjorg Avoine pépites chocolat - 130g","p":2.5,"u":"19,23 €/KG","img":"https://fd1-photos.leclercdrive.fr/image.ashx?id=2999985&use=l&cat=p&typeid=i","cat":325066},{"id":86417,"n":"Barquettes Bio Village Fraise bio - 120g","p":1.99,"u":"16,58 €/KG","img":"https://fd1-photos.leclercdrive.fr/image.ashx?id=2546095&use=l&cat=p&typeid=i","cat":284489},{"id":86420,"n":"Farine blé bio Mon Fournil T65 - 1kg","p":2.29,"u":"2,29 €/KG","img":"https://fd1-photos.leclercdrive.fr/image.ashx?id=2859626&use=l&cat=p&typeid=i","cat":284503},{"id":86438,"n":"Dentifrice Integral 8 Signal Nature Elements Coco 75ml","p":1.72,"u":"22,93 €/L","img":"https://fd1-photos.leclercdrive.fr/image.ashx?id=2974659&use=l&cat=p&typeid=i","cat":284612},{"id":86448,"n":"Désinfectant protection Sanytol Salle de bain - 500ml","p":3.17,"u":"6,34 €/L","img":"https://fd1-photos.leclercdrive.fr/image.ashx?id=2848620&use=l&cat=p&typeid=i","cat":325357},{"id":86451,"n":"Lessive gel Génie Lavage main - 200ml","p":1.58,"u":"7,90 €/L","img":"https://fd1-photos.leclercdrive.fr/image.ashx?id=2664142&use=l&cat=p&typeid=i","cat":284643},{"id":86452,"n":"Gel douche Monsavon Amande très douce - 300ml","p":1.91,"u":"6,37 €/L","img":"https://fd1-photos.leclercdrive.fr/image.ashx?id=2532291&use=l&cat=p&typeid=i","cat":284594},{"id":86470,"n":"Bonbons KREMA Festival Assortiment - 360g","p":2.37,"u":"6,58 €/KG","img":"https://fd1-photos.leclercdrive.fr/image.ashx?id=2817875&use=l&cat=p&typeid=i","cat":304250},{"id":86482,"n":"Bonbons KREMA Régal'ad Assortiment Fruits - 360g","p":2.46,"u":"6,83 €/KG","img":"https://fd1-photos.leclercdrive.fr/image.ashx?id=2855295&use=l&cat=p&typeid=i","cat":304250},{"id":86488,"n":"Bonbons La pie qui chante Stoptou à la réglisse - 450g","p":2.6,"u":"5,78 €/KG","img":"https://fd1-photos.leclercdrive.fr/image.ashx?id=2817872&use=l&cat=p&typeid=i","cat":304250},{"id":86527,"n":"Vinaigre Melfor Original Bio - 50cl","p":2.79,"u":"5,58 €/L","img":"https://fd1-photos.leclercdrive.fr/image.ashx?id=2324870&use=l&cat=p&typeid=i","cat":298543},{"id":86570,"n":"Chewing gum Malabar Tutti Frutti - 214g","p":1.87,"u":"8,74 €/KG","img":"https://fd1-photos.leclercdrive.fr/image.ashx?id=2817848&use=l&cat=p&typeid=i","cat":304251},{"id":86580,"n":"Gousse de vanille Sainte Lucie Poudre pot - 3g","p":3.99,"img":"https://fd1-photos.leclercdrive.fr/image.ashx?id=2774960&use=l&cat=p&typeid=i","cat":284504},{"id":86584,"n":"Pain burger Harry's Maxi Nature - 510g","p":2.4,"u":"4,71 €/KG","img":"https://fd1-photos.leclercdrive.fr/image.ashx?id=2517444&use=l&cat=p&typeid=i","cat":325067},{"id":86586,"n":"Pain de mie Harrys Nature extra moelleux - 500g","p":1.29,"u":"2,58 €/KG","img":"https://fd1-photos.leclercdrive.fr/image.ashx?id=2660730&use=l&cat=p&typeid=i","cat":284477},{"id":86656,"n":"Bouillon cubes légumes Knorr Méditerranéens x12- 132g","p":1.45,"u":"10,98 €/KG","img":"https://fd1-photos.leclercdrive.fr/image.ashx?id=2940636&use=l&cat=p&typeid=i","cat":288379},{"id":86658,"n":"Thé vert Twinings Simplement pur - x25 - 37g","p":2.46,"u":"66,49 €/KG","img":"https://fd1-photos.leclercdrive.fr/image.ashx?id=2893015&use=l&cat=p&typeid=i","cat":293233},{"id":86661,"n":"Farine bio Mon Fournil Maïs sans gluten - 500g","p":3.37,"u":"6,74 €/KG","img":"https://fd1-photos.leclercdrive.fr/image.ashx?id=2378039&use=l&cat=p&typeid=i","cat":318654},{"id":86662,"n":"Farine bio Mon Fournil Chataigne sans gluten - 350g","p":6.31,"u":"18,03 €/KG","img":"https://fd1-photos.leclercdrive.fr/image.ashx?id=2378042&use=l&cat=p&typeid=i","cat":318654},{"id":86663,"n":"Farine complète bio Mon Fournil Riz sans gluten - 400g","p":3.47,"u":"8,68 €/KG","img":"https://fd1-photos.leclercdrive.fr/image.ashx?id=2378045&use=l&cat=p&typeid=i","cat":318654},{"id":86665,"n":"Dosettes café Senseo Grand Mère Classique x54","p":5.44,"u":"15,28 €/KG","img":"https://fd1-photos.leclercdrive.fr/image.ashx?id=2769837&use=l&cat=p&typeid=i","cat":293238},{"id":86669,"n":"Huile vierge Bio village  Sésame grillé bio - 25cl","p":2.67,"u":"10,68 €/L","img":"https://fd1-photos.leclercdrive.fr/image.ashx?id=3005715&use=l&cat=p&typeid=i","cat":284453},{"id":86675,"n":"Sachet fraîcheur chien Pedigree  Mixte en sauce - 24x100g","p":10.18,"u":"4,24 €/KG","img":"https://fd1-photos.leclercdrive.fr/image.ashx?id=2870245&use=l&cat=p&typeid=i","cat":284673},{"id":86724,"n":"Huile d'olive Bio Village Bio Vierge extra fruité - 75 cl","p":7.99,"u":"10,65 €/L","img":"https://fd1-photos.leclercdrive.fr/image.ashx?id=3005712&use=l&cat=p&typeid=i","cat":284453},{"id":86725,"n":"Poudre de cacao bio Bio Village 500g - 32% de cacao","p":3.95,"u":"7,90 €/KG","img":"https://fd1-photos.leclercdrive.fr/image.ashx?id=2441516&use=l&cat=p&typeid=i","cat":293235},{"id":86732,"n":"Chips Barbecue Pom'lisse Maxi format - 270g","p":1.81,"u":"6,70 €/KG","img":"https://fd1-photos.leclercdrive.fr/image.ashx?id=2710837&use=l&cat=p&typeid=i","cat":284447},{"id":86738,"n":"Croquants des cordes NRT 90g","p":3.55,"u":"39,44 €/KG","img":"https://fd1-photos.leclercdrive.fr/image.ashx?id=2622341&use=l&cat=p&typeid=i","cat":284487},{"id":86744,"n":"Mouchoirs blancs 3 plis Caresse Boîte mouchoirs papier parf x80","p":1.65,"u":"0,02 €/P","img":"https://fd1-photos.leclercdrive.fr/image.ashx?id=2339876&use=l&cat=p&typeid=i","cat":284638},{"id":86747,"n":"Sacs de congélation Elembal Curseur moyen - x15","p":1.99,"u":"0,13 €/P","img":"https://fd1-photos.leclercdrive.fr/image.ashx?id=2511120&use=l&cat=p&typeid=i","cat":334134},{"id":86748,"n":"Adoucissant Hyperdou Lingettes Rêve de fraîcheur - x20","p":1.71,"u":"0,09 €/P","img":"https://fd1-photos.leclercdrive.fr/image.ashx?id=2489203&use=l&cat=p&typeid=i","cat":325302},{"id":86757,"n":"Tranches d'emmental Bio Village Bio - 200g - 31% MG","p":3.19,"u":"15,95 €/KG","img":"https://fd1-photos.leclercdrive.fr/image.ashx?id=2641413&use=l&cat=p&typeid=i","cat":314028},{"id":86779,"n":"Colin d'Alaska Pêche Océan Beurre citron - MSC - 400g","p":3.39,"u":"8,48 €/KG","img":"https://fd1-photos.leclercdrive.fr/image.ashx?id=2930126&use=l&cat=p&typeid=i","cat":319786},{"id":86788,"n":"Tartinable thon Fromage frais MSC Ronde des mers - 140g","p":1.99,"u":"14,21 €/KG","img":"https://fd1-photos.leclercdrive.fr/image.ashx?id=2823084&use=l&cat=p&typeid=i","cat":285191},{"id":86834,"n":"Crème Solaire Spray Nivea Sun FPS 30 Protect&Bronze - 200ml","p":8.69,"u":"43,45 €/L","img":"https://fd1-photos.leclercdrive.fr/image.ashx?id=2986792&use=l&cat=p&typeid=i","cat":325355},{"id":86835,"n":"Crème Solaire Spray Nivea Sun FPS 50 Protect&Bronze - 200ml","p":11.22,"u":"56,10 €/L","img":"https://fd1-photos.leclercdrive.fr/image.ashx?id=2951986&use=l&cat=p&typeid=i","cat":325355},{"id":86905,"n":"Bière blonde 1664 5,5° - 12x33cl canettes","p":10.43,"u":"2,63 €/L","img":"https://fd1-photos.leclercdrive.fr/image.ashx?id=2246617&use=l&cat=p&typeid=i","cat":334853},{"id":86911,"n":"Muesli bio Happy Bio  Fruits rouges et chia - 375g","p":3.43,"u":"9,15 €/KG","img":"https://fd1-photos.leclercdrive.fr/image.ashx?id=2970984&use=l&cat=p&typeid=i","cat":309512},{"id":86940,"n":"Emmental fromage râpé bio Bio village - 400g","p":4.45,"u":"11,13 €/KG","img":"https://fd1-photos.leclercdrive.fr/image.ashx?id=2501688&use=l&cat=p&typeid=i","cat":314035},{"id":86947,"n":"Parmesan rapé AOP 30% MG Bio Bio village - 50g","p":1.66,"u":"33,20 €/KG","img":"https://fd1-photos.leclercdrive.fr/image.ashx?id=2887422&use=l&cat=p&typeid=i","cat":314035},{"id":86956,"n":"Pains au chocolat surgelé Gourmet d'Alsace - 1.25kg - x25","p":6.64,"u":"5,31 €/KG","img":"https://fd1-photos.leclercdrive.fr/image.ashx?id=2167104&use=l&cat=p&typeid=i","cat":288858},{"id":86957,"n":"Lentilles blondes Notre Jardin 500g","p":2.64,"u":"5,28 €/KG","img":"https://fd1-photos.leclercdrive.fr/image.ashx?id=2096455&use=l&cat=p&typeid=i","cat":284430},{"id":86967,"n":"Pois Cassés Notre Jardin 500g","p":2.15,"u":"4,30 €/KG","img":"https://fd1-photos.leclercdrive.fr/image.ashx?id=2096452&use=l&cat=p&typeid=i","cat":284430},{"id":86969,"n":"Haricots blancs Notre Jardin 500g","p":2.09,"u":"4,18 €/KG","img":"https://fd1-photos.leclercdrive.fr/image.ashx?id=2096449&use=l&cat=p&typeid=i","cat":284430},{"id":86976,"n":"Couscous en perles Ebly Sachets cuisson 10min - 3x100g","p":2.42,"u":"8,07 €/KG","img":"https://fd1-photos.leclercdrive.fr/image.ashx?id=2286272&use=l&cat=p&typeid=i","cat":284429},{"id":87007,"n":"Bâtonnets à mâcher Dentalife Extra mini x23 - 207g","p":4.3,"u":"20,77 €/KG","img":"https://fd1-photos.leclercdrive.fr/image.ashx?id=2963970&use=l&cat=p&typeid=i","cat":294527},{"id":87024,"n":"Smoothie innocent énergie boogie ruby 750ml","p":3.79,"u":"5,05 €/L","img":"https://fd1-photos.leclercdrive.fr/image.ashx?id=2187631&use=l&cat=p&typeid=i","cat":285435},{"id":87026,"n":"Smoothie innocent antioxydant green 750ml","p":3.74,"u":"4,99 €/L","img":"https://fd1-photos.leclercdrive.fr/image.ashx?id=2860049&use=l&cat=p&typeid=i","cat":285435},{"id":87038,"n":"Yaourt nature Danone 8x125g","p":1.87,"u":"1,87 €/KG","img":"https://fd1-photos.leclercdrive.fr/image.ashx?id=3001985&use=l&cat=p&typeid=i","cat":284409},{"id":87067,"n":"Yaourt à boire P'tit max  Délisse Fraise - 6x180g","p":2.03,"u":"1,88 €/KG","img":"https://fd1-photos.leclercdrive.fr/image.ashx?id=2762510&use=l&cat=p&typeid=i","cat":284415},{"id":87074,"n":"Nappe Damassée Homeside Grise - 7m","p":2.96,"img":"https://fd1-photos.leclercdrive.fr/image.ashx?id=1659750&use=l&cat=p&typeid=i","cat":334134},{"id":87081,"n":"Serviettes en papier Homeside Rouge - 33x33cm - x50","p":1.99,"img":"https://fd1-photos.leclercdrive.fr/image.ashx?id=1659723&use=l&cat=p&typeid=i","cat":334134},{"id":87084,"n":"Rhum ambré Bacardi Carta Oro 37,5° - 70cl","p":17.25,"u":"24,64 €/L","img":"https://fd1-photos.leclercdrive.fr/image.ashx?id=2858171&use=l&cat=p&typeid=i","cat":284550},{"id":87089,"n":"Pavé Gourmand Garden Gourmet Epinards et Fromage 180g","p":2.4,"u":"13,33 €/KG","img":"https://fd1-photos.leclercdrive.fr/image.ashx?id=2971389&use=l&cat=p&typeid=i","cat":316036},{"id":87090,"n":"Burrata di Bufala Casa Azzurra 200g","p":4.84,"u":"24,20 €/KG","img":"https://fd1-photos.leclercdrive.fr/image.ashx?id=1950711&use=l&cat=p&typeid=i","cat":314026},{"id":87091,"n":"St Jacques Marie Fondue de poireaux riz - 280g","p":3.89,"u":"13,89 €/KG","img":"https://fd1-photos.leclercdrive.fr/image.ashx?id=2317531&use=l&cat=p&typeid=i","cat":333665},{"id":87093,"n":"Eau coiffante Vitanove 150ml","p":1.99,"u":"13,27 €/L","img":"https://fd1-photos.leclercdrive.fr/image.ashx?id=2496419&use=l&cat=p&typeid=i","cat":284609},{"id":87100,"n":"Gel lavant Manava Purifiant mandarine - 300ml","p":1.25,"u":"4,17 €/L","img":"https://fd1-photos.leclercdrive.fr/image.ashx?id=2935519&use=l&cat=p&typeid=i","cat":284597},{"id":87133,"n":"Thé vert Bio Ethiquable  Menthe x20 - 36g","p":2.57,"u":"71,39 €/KG","img":"https://fd1-photos.leclercdrive.fr/image.ashx?id=2870875&use=l&cat=p&typeid=i","cat":293233},{"id":87261,"n":"Litière chats Tranquille Super agglomérante - 4.5L","p":4.64,"u":"1,03 €/L","img":"https://fd1-photos.leclercdrive.fr/image.ashx?id=1934844&use=l&cat=p&typeid=i","cat":284683},{"id":87348,"n":"IGP Pays d'Oc rosé Merlot Grand Sud 12.5% vol - 5L","p":18.27,"u":"3,65 €/L","img":"https://fd1-photos.leclercdrive.fr/image.ashx?id=2837454&use=l&cat=p&typeid=i","cat":289558},{"id":87375,"n":"Serviettes Doulys Ultra mince Nuit + large - x9","p":2.2,"u":"0,24 €/P","img":"https://fd1-photos.leclercdrive.fr/image.ashx?id=2839927&use=l&cat=p&typeid=i","cat":284624},{"id":87377,"n":"Shampooing douceur L'Arbre Vert 250ml","p":2.25,"u":"9,00 €/L","img":"https://fd1-photos.leclercdrive.fr/image.ashx?id=2886118&use=l&cat=p&typeid=i","cat":284606},{"id":87379,"n":"Shampooing L'Arbre Vert Nutrition cheveux secs - 250ml","p":2.25,"u":"9,00 €/L","img":"https://fd1-photos.leclercdrive.fr/image.ashx?id=2885390&use=l&cat=p&typeid=i","cat":284606},{"id":87701,"n":"Carrés feuilletés Croustipate x4 - 240g","p":1.47,"u":"6,13 €/KG","img":"https://fd1-photos.leclercdrive.fr/image.ashx?id=2875069&use=l&cat=p&typeid=i","cat":333681},{"id":87849,"n":"Boisson végétale Alpro lait de coco riz - 1l","p":2.19,"u":"2,19 €/L","img":"https://fd1-photos.leclercdrive.fr/image.ashx?id=2790243&use=l&cat=p&typeid=i","cat":316067},{"id":87869,"n":"Moule à tarte Homeside 27cm","p":6.29,"img":"https://fd1-photos.leclercdrive.fr/image.ashx?id=2856639&use=l&cat=p&typeid=i","cat":298490},{"id":87891,"n":"Set de table New York Noir - x1","p":1.8,"img":"https://fd1-photos.leclercdrive.fr/image.ashx?id=1468630&use=l&cat=p&typeid=i","cat":334134},{"id":87894,"n":"Boisson énergisante Crazy Tiger Bouteille - 1L","p":2.07,"u":"2,07 €/L","img":"https://fd1-photos.leclercdrive.fr/image.ashx?id=2927555&use=l&cat=p&typeid=i","cat":284533},{"id":87923,"n":"Compotes  gourdes Pom'Potes Multivariétés - 12x90g","p":5.19,"u":"4,81 €/KG","img":"https://fd1-photos.leclercdrive.fr/image.ashx?id=3010942&use=l&cat=p&typeid=i","cat":284508},{"id":87924,"n":"Dosettes café Senseo Classique x40","p":6.43,"u":"23,21 €/KG","img":"https://fd1-photos.leclercdrive.fr/image.ashx?id=2876326&use=l&cat=p&typeid=i","cat":293238},{"id":87926,"n":"Dosettes café Senseo Doux x40","p":6.43,"u":"23,21 €/KG","img":"https://fd1-photos.leclercdrive.fr/image.ashx?id=2337567&use=l&cat=p&typeid=i","cat":293238},{"id":87927,"n":"Dosettes café Senseo Décaféiné x40","p":6.43,"u":"23,21 €/KG","img":"https://fd1-photos.leclercdrive.fr/image.ashx?id=2324921&use=l&cat=p&typeid=i","cat":293238},{"id":87929,"n":"Dosettes café Senseo Classique x54","p":8.27,"u":"22,05 €/KG","img":"https://fd1-photos.leclercdrive.fr/image.ashx?id=2391798&use=l&cat=p&typeid=i","cat":293238},{"id":87931,"n":"Dosettes café Senseo Doux x54","p":8.54,"u":"22,77 €/KG","img":"https://fd1-photos.leclercdrive.fr/image.ashx?id=2289951&use=l&cat=p&typeid=i","cat":293238},{"id":87950,"n":"Snacks chats Tous mes amis Liquide - 90g","p":1.49,"u":"16,56 €/KG","img":"https://fd1-photos.leclercdrive.fr/image.ashx?id=2520041&use=l&cat=p&typeid=i","cat":285285},{"id":88038,"n":"Wraps Dr Schär Sans gluten - 160g","p":3.18,"u":"19,88 €/KG","img":"https://fd1-photos.leclercdrive.fr/image.ashx?id=2137069&use=l&cat=p&typeid=i","cat":288993},{"id":88048,"n":"Compote Charles & Alice Pommes Bananes Vanille -4x100g","p":1.7,"u":"4,38 €/KG","img":"https://fd1-photos.leclercdrive.fr/image.ashx?id=2757698&use=l&cat=p&typeid=i","cat":284416},{"id":88053,"n":"Lasagne à la bolognaise Marie - 1 kg","p":4.75,"u":"4,75 €/KG","img":"https://fd1-photos.leclercdrive.fr/image.ashx?id=2993394&use=l&cat=p&typeid=i","cat":284254},{"id":88054,"n":"Fromage à tartiner Madame Loïk Fouetté Nat. Sel réduit - 150g","p":1.84,"u":"12,27 €/KG","img":"https://fd1-photos.leclercdrive.fr/image.ashx?id=2948018&use=l&cat=p&typeid=i","cat":314029},{"id":88056,"n":"Sachets repas Ultima Nature 2x Saumon - 2x Truite - 340g","p":3.01,"u":"8,85 €/KG","img":"https://fd1-photos.leclercdrive.fr/image.ashx?id=1592175&use=l&cat=p&typeid=i","cat":285601},{"id":88062,"n":"Matière grasse Primevere Oméga 3 - 55% - 250g","p":1.52,"u":"6,08 €/KG","img":"https://fd1-photos.leclercdrive.fr/image.ashx?id=2928468&use=l&cat=p&typeid=i","cat":315229},{"id":88115,"n":"yaourt à boire danonino fraise banane abricot - 6x100g","p":2.74,"u":"4,57 €/KG","img":"https://fd1-photos.leclercdrive.fr/image.ashx?id=3003143&use=l&cat=p&typeid=i","cat":284415},{"id":88203,"n":"Céréales bébé Blédine 12 mois  Choco biscuit - 400g","p":2.67,"u":"6,68 €/KG","img":"https://fd1-photos.leclercdrive.fr/image.ashx?id=2763121&use=l&cat=p&typeid=i","cat":312225},{"id":88206,"n":"Céréales bébé Blédine 12 mois  Vanille - 400g","p":2.51,"u":"6,28 €/KG","img":"https://fd1-photos.leclercdrive.fr/image.ashx?id=2763124&use=l&cat=p&typeid=i","cat":312225},{"id":88214,"n":"Céréales bébé Blédine 15 mois  vanille pépites  - 400g","p":2.67,"u":"6,68 €/KG","img":"https://fd1-photos.leclercdrive.fr/image.ashx?id=2760814&use=l&cat=p&typeid=i","cat":312225},{"id":88248,"n":"Céréales Lion Wild - 600g","p":4.32,"u":"7,20 €/KG","img":"https://fd1-photos.leclercdrive.fr/image.ashx?id=2989429&use=l&cat=p&typeid=i","cat":309513},{"id":88340,"n":"Berries Haribo Sachet bonbons - 200g","p":1.8,"u":"9,00 €/KG","img":"https://fd1-photos.leclercdrive.fr/image.ashx?id=2982411&use=l&cat=p&typeid=i","cat":304250},{"id":88359,"n":"Bougies et chiffres Vahiné Plastique","p":3.83,"img":"https://fd1-photos.leclercdrive.fr/image.ashx?id=2402702&use=l&cat=p&typeid=i","cat":335913},{"id":88413,"n":"Beurre Allégé Elle&Vire Doux - 41% MG - 250g","p":2.18,"u":"8,72 €/KG","img":"https://fd1-photos.leclercdrive.fr/image.ashx?id=2969169&use=l&cat=p&typeid=i","cat":284379},{"id":88414,"n":"Boisson a base de thé Fresh Tea Thé vert saveur menthe 1L","p":0.96,"u":"0,96 €/L","img":"https://fd1-photos.leclercdrive.fr/image.ashx?id=2622272&use=l&cat=p&typeid=i","cat":295019},{"id":88417,"n":"Matière grasse St Hubert 51%MG-Sans huile de palme -500g","p":4.98,"u":"9,96 €/KG","img":"https://fd1-photos.leclercdrive.fr/image.ashx?id=2734117&use=l&cat=p&typeid=i","cat":315229},{"id":88418,"n":"Boisson a base de thé Fresh Tea Pêche - 1L","p":0.89,"u":"0,89 €/L","img":"https://fd1-photos.leclercdrive.fr/image.ashx?id=2622275&use=l&cat=p&typeid=i","cat":295019},{"id":88429,"n":"Eau gazeuse San Pellegrino Minérale naturelle - 6x33cl","p":2.82,"u":"1,42 €/L","img":"https://fd1-photos.leclercdrive.fr/image.ashx?id=2459090&use=l&cat=p&typeid=i","cat":284536},{"id":88441,"n":"Fromage à tartiner St Môret Nature maxi format - 400g","p":4.3,"u":"10,75 €/KG","img":"https://fd1-photos.leclercdrive.fr/image.ashx?id=2755459&use=l&cat=p&typeid=i","cat":314029},{"id":88442,"n":"Arrangé Isautier Banane Flambée - 40%vol - 50cl","p":16.75,"u":"33,50 €/L","img":"https://fd1-photos.leclercdrive.fr/image.ashx?id=2686903&use=l&cat=p&typeid=i","cat":284551},{"id":88446,"n":"Fromage Le Rustique Tomme  Fruitée - 280g","p":3.98,"u":"14,21 €/KG","img":"https://fd1-photos.leclercdrive.fr/image.ashx?id=2921549&use=l&cat=p&typeid=i","cat":329184},{"id":88448,"n":"Fromage à Tartiner Carré Frais  Nature 0% - 8 Portions - 200g","p":2.43,"u":"12,15 €/KG","img":"https://fd1-photos.leclercdrive.fr/image.ashx?id=2868684&use=l&cat=p&typeid=i","cat":314029},{"id":88460,"n":"Fromage de Chèvre Chavroux  9 Portions - 162g","p":2.98,"u":"18,40 €/KG","img":"https://fd1-photos.leclercdrive.fr/image.ashx?id=2936689&use=l&cat=p&typeid=i","cat":314031},{"id":88461,"n":"Salami Danois  Saint-Azay x16 - 160g","p":1.58,"u":"9,88 €/KG","img":"https://fd1-photos.leclercdrive.fr/image.ashx?id=2708354&use=l&cat=p&typeid=i","cat":316007},{"id":88542,"n":"Tomato Ketchup Allégé Heinz 50% sucre/sel en moins - 435g","p":2.19,"u":"5,03 €/KG","img":"https://fd1-photos.leclercdrive.fr/image.ashx?id=2973357&use=l&cat=p&typeid=i","cat":284455},{"id":88548,"n":"Tartines campagne La Boulangère 450g","p":1.77,"u":"3,93 €/KG","img":"https://fd1-photos.leclercdrive.fr/image.ashx?id=2912395&use=l&cat=p&typeid=i","cat":284477},{"id":88557,"n":"Céréales bébé Blédine 6 mois  Vanille - 400g","p":2.21,"u":"5,53 €/KG","img":"https://fd1-photos.leclercdrive.fr/image.ashx?id=2773992&use=l&cat=p&typeid=i","cat":312225},{"id":88558,"n":"Céréales bébé Blédine 6 mois  Cacao - 400g","p":2.15,"u":"5,38 €/KG","img":"https://fd1-photos.leclercdrive.fr/image.ashx?id=2763112&use=l&cat=p&typeid=i","cat":312225},{"id":88560,"n":"Céréales bébé Blédine 6 mois  Biscuit - 400g","p":2.14,"u":"5,35 €/KG","img":"https://fd1-photos.leclercdrive.fr/image.ashx?id=2773295&use=l&cat=p&typeid=i","cat":312225},{"id":88561,"n":"Céréales bébé Blédine 6 mois  Multi céréales - 400g","p":2.11,"u":"5,28 €/KG","img":"https://fd1-photos.leclercdrive.fr/image.ashx?id=2763118&use=l&cat=p&typeid=i","cat":312225},{"id":88563,"n":"AOP Côtes du Rhône Vin rouge E. Guigal - 75cl","p":8.8,"u":"11,73 €/L","img":"https://fd1-photos.leclercdrive.fr/image.ashx?id=2555658&use=l&cat=p&typeid=i","cat":289556},{"id":88662,"n":"Yaourt bifidus Activia Vanille - 4x125g","p":1.65,"u":"3,30 €/KG","img":"https://fd1-photos.leclercdrive.fr/image.ashx?id=3006184&use=l&cat=p&typeid=i","cat":315000},{"id":88698,"n":"Citrons bio Bio Village Sachet x4","p":1.99,"u":"0,50 €/P","img":"https://fd1-photos.leclercdrive.fr/image.ashx?id=2805063&use=l&cat=p&typeid=i","cat":284356},{"id":88707,"n":"Endive bio Bio Village Sachet 400g","p":3.99,"u":"9,98 €/KG","img":"https://fd1-photos.leclercdrive.fr/image.ashx?id=2655619&use=l&cat=p&typeid=i","cat":284352},{"id":88738,"n":"Yaourt bifidus Activia citron vanille coco - 12x125g","p":4.88,"u":"3,25 €/KG","img":"https://fd1-photos.leclercdrive.fr/image.ashx?id=3003149&use=l&cat=p&typeid=i","cat":315000},{"id":88740,"n":"Yaourt bifidus Activia citron - 4x125g","p":1.59,"u":"3,18 €/KG","img":"https://fd1-photos.leclercdrive.fr/image.ashx?id=3006181&use=l&cat=p&typeid=i","cat":315000},{"id":88742,"n":"Yaourt bifidus Activia coco - 4x125g","p":1.67,"u":"3,34 €/KG","img":"https://fd1-photos.leclercdrive.fr/image.ashx?id=2886651&use=l&cat=p&typeid=i","cat":315000},{"id":88981,"n":"Tablette chocolat au lait Milka Caramel - 3x100g","p":4.16,"u":"13,87 €/KG","img":"https://fd1-photos.leclercdrive.fr/image.ashx?id=2617078&use=l&cat=p&typeid=i","cat":284497},{"id":88986,"n":"Barre Chocolat au Lait KitKat x6 barres - 249g","p":3.1,"u":"12,45 €/KG","img":"https://fd1-photos.leclercdrive.fr/image.ashx?id=2989426&use=l&cat=p&typeid=i","cat":284498},{"id":89010,"n":"Fromage Roquefort Société Crème 2x100g","p":3.94,"u":"19,70 €/KG","img":"https://fd1-photos.leclercdrive.fr/image.ashx?id=2789706&use=l&cat=p&typeid=i","cat":314032},{"id":89088,"n":"Boisson au Soja Alpro Goût vanille - 1L","p":2.31,"u":"2,31 €/L","img":"https://fd1-photos.leclercdrive.fr/image.ashx?id=2944383&use=l&cat=p&typeid=i","cat":316067},{"id":89092,"n":"Boisson au soja Alpro Saveur chocolat - 1L","p":2.49,"u":"2,49 €/L","img":"https://fd1-photos.leclercdrive.fr/image.ashx?id=1889294&use=l&cat=p&typeid=i","cat":316067},{"id":89093,"n":"Boisson végétale Alpro avoine - 1l","p":2.19,"u":"2,19 €/L","img":"https://fd1-photos.leclercdrive.fr/image.ashx?id=2986852&use=l&cat=p&typeid=i","cat":316067},{"id":89094,"n":"Boisson végétale lait d'amande grillée sans sucre alpro - 1l","p":2.14,"u":"2,14 €/L","img":"https://fd1-photos.leclercdrive.fr/image.ashx?id=2985543&use=l&cat=p&typeid=i","cat":316067},{"id":89160,"n":"Recharge liquide nettoyant Swiffer WetJet - 1.25L","p":4.69,"pp":2.81,"u":"2,25 €/L","img":"https://fd1-photos.leclercdrive.fr/image.ashx?id=2867800&use=l&cat=p&typeid=i","cat":325364},{"id":89190,"n":"Carotte Bio Bio Village 1kg","p":1.89,"u":"1,89 €/KG","img":"https://fd1-photos.leclercdrive.fr/image.ashx?id=1457160&use=l&cat=p&typeid=i","cat":284352},{"id":89198,"n":"Eau gazeuse aromatisée Badoit Citron menthe - 1L","p":1.4,"u":"1,40 €/L","img":"https://fd1-photos.leclercdrive.fr/image.ashx?id=2730661&use=l&cat=p&typeid=i","cat":284536},{"id":89336,"n":"Cire coiffante Vitanove Effet mat - 75ml","p":2.27,"u":"30,27 €/L","img":"https://fd1-photos.leclercdrive.fr/image.ashx?id=2791314&use=l&cat=p&typeid=i","cat":284609},{"id":89337,"n":"Cire coiffante Vitanove Brillance - 75ml","p":2.27,"u":"30,27 €/L","img":"https://fd1-photos.leclercdrive.fr/image.ashx?id=2780683&use=l&cat=p&typeid=i","cat":284609},{"id":89338,"n":"Soin anti-rides Inell Q10 Jour - 50ml","p":2.49,"u":"49,80 €/L","img":"https://fd1-photos.leclercdrive.fr/image.ashx?id=2822132&use=l&cat=p&typeid=i","cat":325345},{"id":89341,"n":"Gel lavant recharge Manava Antibactérien Mandarine - 250ml","p":0.54,"u":"2,16 €/L","img":"https://fd1-photos.leclercdrive.fr/image.ashx?id=2935522&use=l&cat=p&typeid=i","cat":284597},{"id":89345,"n":"Serviettes Super Doulys Ultra mince - x24","p":1.83,"u":"0,08 €/P","img":"https://fd1-photos.leclercdrive.fr/image.ashx?id=2839931&use=l&cat=p&typeid=i","cat":284624},{"id":89346,"n":"Serviettes Nuit Doulys Ultra mince - x20","p":2.55,"u":"0,13 €/P","img":"https://fd1-photos.leclercdrive.fr/image.ashx?id=2839935&use=l&cat=p&typeid=i","cat":284624},{"id":89424,"n":"Pesto vert Bio Village Bio - 185g","p":1.8,"u":"9,73 €/KG","img":"https://fd1-photos.leclercdrive.fr/image.ashx?id=1466304&use=l&cat=p&typeid=i","cat":287599},{"id":89483,"n":"Salade & Cie Sodebo Stockhlom Saumon Pâtes - 320g","p":4.29,"u":"13,41 €/KG","img":"https://fd1-photos.leclercdrive.fr/image.ashx?id=2795722&use=l&cat=p&typeid=i","cat":333657},{"id":89502,"n":"Assortiment créole Pic'express 390g","p":4.69,"u":"12,03 €/KG","img":"https://fd1-photos.leclercdrive.fr/image.ashx?id=2674948&use=l&cat=p&typeid=i","cat":333673},{"id":89503,"n":"Mélange de fruits secs  Seeberger - 150g","p":3.48,"u":"23,20 €/KG","img":"https://fd1-photos.leclercdrive.fr/image.ashx?id=2950636&use=l&cat=p&typeid=i","cat":316002},{"id":89507,"n":"Xtrem Box Sodebo Radiatori à la Carbonara 400g","p":3.17,"u":"7,93 €/KG","img":"https://fd1-photos.leclercdrive.fr/image.ashx?id=2631588&use=l&cat=p&typeid=i","cat":334983},{"id":89515,"n":"Velouté de légumes Régal Soupe Instantané - 64g","p":1.35,"u":"21,09 €/KG","img":"https://fd1-photos.leclercdrive.fr/image.ashx?id=3013627&use=l&cat=p&typeid=i","cat":293527},{"id":89636,"n":"Infusion Les 2 Marmottes Verveine x30 - 46g","p":5.34,"u":"116,09 €/KG","img":"https://fd1-photos.leclercdrive.fr/image.ashx?id=2833564&use=l&cat=p&typeid=i","cat":293234},{"id":89637,"n":"Infusion Les 2 marmottes Fenouil - 30 sachets - 60g","p":5.07,"u":"84,50 €/KG","img":"https://fd1-photos.leclercdrive.fr/image.ashx?id=2833573&use=l&cat=p&typeid=i","cat":293234},{"id":89684,"n":"Olives cassées a l'ail  170g","p":2.17,"u":"12,76 €/KG","img":"https://fd1-photos.leclercdrive.fr/image.ashx?id=1912712&use=l&cat=p&typeid=i","cat":316002},{"id":89686,"n":"Taboulé poulet rôti Bonduelle 500g","p":2.98,"u":"5,96 €/KG","img":"https://fd1-photos.leclercdrive.fr/image.ashx?id=2904694&use=l&cat=p&typeid=i","cat":333657},{"id":89695,"n":"Poulet Weight Watchers Curry-coco - 300g","p":3.41,"u":"11,37 €/KG","img":"https://fd1-photos.leclercdrive.fr/image.ashx?id=2827203&use=l&cat=p&typeid=i","cat":333665},{"id":89848,"n":"Boisson Végétale lait d'amande  bjorg cappuccino - bio - 1l","p":3.01,"u":"3,01 €/L","img":"https://fd1-photos.leclercdrive.fr/image.ashx?id=2962488&use=l&cat=p&typeid=i","cat":316067},{"id":89897,"n":"Boisson Végétale lait d'amande grillée bio - 1l","p":2.89,"u":"2,89 €/L","img":"https://fd1-photos.leclercdrive.fr/image.ashx?id=2912065&use=l&cat=p&typeid=i","cat":316067},{"id":89912,"n":"Crème Fraîche Bio Isigny  Pot Plastique 35% - 20cl","p":1.94,"u":"9,70 €/L","img":"https://fd1-photos.leclercdrive.fr/image.ashx?id=2643527&use=l&cat=p&typeid=i","cat":284381},{"id":89914,"n":"Bouillon Cube Maggi Légumes x18 - 180g","p":1.5,"u":"8,33 €/KG","img":"https://fd1-photos.leclercdrive.fr/image.ashx?id=2737039&use=l&cat=p&typeid=i","cat":288379},{"id":89930,"n":"Mélange bio Happy Bio Blé pois chiche lentilles -500g","p":3.19,"u":"6,38 €/KG","img":"https://fd1-photos.leclercdrive.fr/image.ashx?id=2654309&use=l&cat=p&typeid=i","cat":284429},{"id":89957,"n":"Essoreuse à salade Ulaop Vintage 4L","p":6.96,"img":"https://fd1-photos.leclercdrive.fr/image.ashx?id=2395766&use=l&cat=p&typeid=i","cat":334135},{"id":89959,"n":"Pelle et balayette","p":2.59,"img":"https://fd1-photos.leclercdrive.fr/image.ashx?id=1463745&use=l&cat=p&typeid=i","cat":284669},{"id":90039,"n":"Salade & Cie Sodebo Venezia Mozzarella Coppa Pâtes - 320g","p":3.53,"u":"11,03 €/KG","img":"https://fd1-photos.leclercdrive.fr/image.ashx?id=2745652&use=l&cat=p&typeid=i","cat":333657},{"id":90058,"n":"Ravioli Jardin Bio Bio chèvre ciboulette - 250g","p":2.63,"u":"10,52 €/KG","img":"https://fd1-photos.leclercdrive.fr/image.ashx?id=2534842&use=l&cat=p&typeid=i","cat":287600},{"id":90060,"n":"Thé vert Bio Ethiquable  Vietnam x20 - 36g","p":2.5,"u":"3,47 €/KG","img":"https://fd1-photos.leclercdrive.fr/image.ashx?id=2870845&use=l&cat=p&typeid=i","cat":293233},{"id":90082,"n":"Ciboulette Ducros 4g","p":1.41,"u":"352,50 €/KG","img":"https://fd1-photos.leclercdrive.fr/image.ashx?id=2559487&use=l&cat=p&typeid=i","cat":298297},{"id":90090,"n":"Gnocchi à poêler Lustucru Extra Fromage 500g","p":2.84,"u":"5,68 €/KG","img":"https://fd1-photos.leclercdrive.fr/image.ashx?id=2786171&use=l&cat=p&typeid=i","cat":333682},{"id":90091,"n":"Gaufre vergeoise Lotus Bakeries Coeur fondant 5x2 pièce - 310g","p":2.76,"u":"8,90 €/KG","img":"https://fd1-photos.leclercdrive.fr/image.ashx?id=2695887&use=l&cat=p&typeid=i","cat":294777},{"id":90113,"n":"Petits suisses aux fruits bio Les 2 vaches - 12x50g","p":3.45,"u":"5,75 €/KG","img":"https://fd1-photos.leclercdrive.fr/image.ashx?id=2774103&use=l&cat=p&typeid=i","cat":284414},{"id":90120,"n":"Crème Saint Agur  155g","p":2.61,"u":"16,84 €/KG","img":"https://fd1-photos.leclercdrive.fr/image.ashx?id=2760014&use=l&cat=p&typeid=i","cat":314029},{"id":90121,"n":"Fromage Caprice des Anges  Frais et Fondant - 200g","p":3.3,"u":"16,50 €/KG","img":"https://fd1-photos.leclercdrive.fr/image.ashx?id=2734837&use=l&cat=p&typeid=i","cat":314029},{"id":90182,"n":"Savon Bionaïa Lait d'anesse - 100g","p":1.72,"u":"17,20 €/KG","img":"https://fd1-photos.leclercdrive.fr/image.ashx?id=2491047&use=l&cat=p&typeid=i","cat":284597},{"id":90218,"n":"Couteau d'office Ardence 1 pièce","p":5.9,"img":"https://fd1-photos.leclercdrive.fr/image.ashx?id=1474445&use=l&cat=p&typeid=i","cat":334135},{"id":90220,"n":"Couteau de cuisine Ardence 1 pièce","p":6.9,"img":"https://fd1-photos.leclercdrive.fr/image.ashx?id=1474538&use=l&cat=p&typeid=i","cat":334135},{"id":90227,"n":"Couteau de Chef Ardence x1","p":11.9,"u":"0,50 €/P","img":"https://fd1-photos.leclercdrive.fr/image.ashx?id=1474460&use=l&cat=p&typeid=i","cat":334135},{"id":90243,"n":"Terrine Super Le Parfait Contenance de 200g - x6","p":16.28,"u":"2,71 €/P","img":"https://fd1-photos.leclercdrive.fr/image.ashx?id=2807471&use=l&cat=p&typeid=i","cat":284710},{"id":90250,"n":"Boite fraîcheur Snips Rectangulaire - 1L - x3","p":3.9,"u":"1,30 €/P","img":"https://fd1-photos.leclercdrive.fr/image.ashx?id=1781999&use=l&cat=p&typeid=i","cat":284710},{"id":90252,"n":"Rondelle Super Le Parfait  Diamètre de 100 mm - x10","p":2.88,"u":"0,29 €/P","img":"https://fd1-photos.leclercdrive.fr/image.ashx?id=2807495&use=l&cat=p&typeid=i","cat":284710},{"id":90258,"n":"Couteau à Steack Lot de 6","p":2.9,"u":"0,48 €/P","img":"https://fd1-photos.leclercdrive.fr/image.ashx?id=1552318&use=l&cat=p&typeid=i","cat":334134},{"id":90279,"n":"Moule à tarte  Revêtement antiadhésif - 30cm","p":6.33,"img":"https://fd1-photos.leclercdrive.fr/image.ashx?id=2805996&use=l&cat=p&typeid=i","cat":298490},{"id":90280,"n":"Plaque à pâtisserie Homeside 38x28cm","p":7.9,"img":"https://fd1-photos.leclercdrive.fr/image.ashx?id=2833041&use=l&cat=p&typeid=i","cat":298490},{"id":90306,"n":"Moule à charlotte Aluminium revêtu - 18cm","p":5.5,"img":"https://fd1-photos.leclercdrive.fr/image.ashx?id=2833035&use=l&cat=p&typeid=i","cat":298490},{"id":90308,"n":"Moule à savarin Aluminium revêtu - 24cm","p":5.5,"img":"https://fd1-photos.leclercdrive.fr/image.ashx?id=2856727&use=l&cat=p&typeid=i","cat":298490},{"id":90481,"n":"Eau infusée Bio Volvic  Hibiscus litchti passion - 75cl","p":1.46,"u":"1,95 €/L","img":"https://fd1-photos.leclercdrive.fr/image.ashx?id=2500437&use=l&cat=p&typeid=i","cat":284537},{"id":90535,"n":"Crabe Nautilus 100% morceaux - 105g","p":5.45,"pp":3.6,"u":"34,29 €/KG","img":"https://fd1-photos.leclercdrive.fr/image.ashx?id=2647516&use=l&cat=p&typeid=i","cat":305147},{"id":90547,"n":"Croquettes chat Purina One Chat Stérilisé Truite/Blé-1.5kg","p":7.46,"u":"4,97 €/KG","img":"https://fd1-photos.leclercdrive.fr/image.ashx?id=2488064&use=l&cat=p&typeid=i","cat":284680},{"id":90562,"n":"Yaourt bifidus Activia saveur framboise - 4x125g","p":1.74,"u":"3,48 €/KG","img":"https://fd1-photos.leclercdrive.fr/image.ashx?id=2886654&use=l&cat=p&typeid=i","cat":315000},{"id":90580,"n":"Mélange 4 baies bio Ducros 25g","p":3.74,"u":"149,60 €/KG","img":"https://fd1-photos.leclercdrive.fr/image.ashx?id=2484104&use=l&cat=p&typeid=i","cat":284457},{"id":90581,"n":"Poivre noir bio Ducros Moulin - 30g","p":3.77,"u":"125,67 €/KG","img":"https://fd1-photos.leclercdrive.fr/image.ashx?id=2484107&use=l&cat=p&typeid=i","cat":284457},{"id":90627,"n":"Tofu Céréal Bio Bio Nature - 250g","p":2.48,"u":"9,92 €/KG","img":"https://fd1-photos.leclercdrive.fr/image.ashx?id=2890145&use=l&cat=p&typeid=i","cat":316036},{"id":90632,"n":"Mozzarella Bio Bio Village AOP Di Bufalla - 125g","p":2.67,"u":"21,36 €/KG","img":"https://fd1-photos.leclercdrive.fr/image.ashx?id=2726712&use=l&cat=p&typeid=i","cat":314026},{"id":90633,"n":"Ricotta Bio Village Bio - 250g","p":1.79,"u":"7,16 €/KG","img":"https://fd1-photos.leclercdrive.fr/image.ashx?id=2185800&use=l&cat=p&typeid=i","cat":314026},{"id":90643,"n":"Thé vert Bio Clipper Mangue - 20 sachets - 35g","p":2.58,"u":"73,71 €/KG","img":"https://fd1-photos.leclercdrive.fr/image.ashx?id=2916420&use=l&cat=p&typeid=i","cat":293233},{"id":90644,"n":"Thé vert Bio Clipper Framboise menthe - 35g","p":2.26,"u":"64,57 €/KG","img":"https://fd1-photos.leclercdrive.fr/image.ashx?id=2908303&use=l&cat=p&typeid=i","cat":293233},{"id":90662,"n":"Nuggets poulet Nature de France Bio - 200g","p":4.97,"u":"24,85 €/KG","img":"https://fd1-photos.leclercdrive.fr/image.ashx?id=2967818&use=l&cat=p&typeid=i","cat":333684},{"id":90667,"n":"Céréales Chocapic Nestlé Bio - 375g","p":3.28,"u":"8,75 €/KG","img":"https://fd1-photos.leclercdrive.fr/image.ashx?id=2997262&use=l&cat=p&typeid=i","cat":309513},{"id":90673,"n":"Pâte à tartiner Alter Eco Bio Sans huile de palme - 270g","p":3.71,"u":"13,74 €/KG","img":"https://fd1-photos.leclercdrive.fr/image.ashx?id=2264195&use=l&cat=p&typeid=i","cat":284481},{"id":90675,"n":"Crème dessert Mont Blanc Boîte Chocolat - 570g","p":2.38,"u":"4,18 €/KG","img":"https://fd1-photos.leclercdrive.fr/image.ashx?id=3011614&use=l&cat=p&typeid=i","cat":284506},{"id":90676,"n":"Crème dessert Mont Blanc Boîte Vanille - 570g","p":2.37,"u":"4,16 €/KG","img":"https://fd1-photos.leclercdrive.fr/image.ashx?id=3008830&use=l&cat=p&typeid=i","cat":284506},{"id":90689,"n":"Lotus Biscoff Speculoos Biscuit Pocket 248g (16x2p)","p":2.39,"u":"9,64 €/KG","img":"https://fd1-photos.leclercdrive.fr/image.ashx?id=2694986&use=l&cat=p&typeid=i","cat":284487},{"id":90697,"n":"Boisson Coco Végé 1L Végé - 200g","p":1.75,"u":"1,75 €/L","img":"https://fd1-photos.leclercdrive.fr/image.ashx?id=2869516&use=l&cat=p&typeid=i","cat":316067},{"id":90725,"n":"Infusion bio Clipper Vanille et saveur fraise - 40g","p":2.55,"u":"63,75 €/KG","img":"https://fd1-photos.leclercdrive.fr/image.ashx?id=2906751&use=l&cat=p&typeid=i","cat":293234},{"id":90727,"n":"Crok fondant tout chocolat bio  Terres et Céréales - 375g","p":4.68,"u":"12,48 €/KG","img":"https://fd1-photos.leclercdrive.fr/image.ashx?id=2672290&use=l&cat=p&typeid=i","cat":309513},{"id":90729,"n":"La Cancoillotte Nature Le Francomtois - 250g","p":2.63,"u":"10,52 €/KG","img":"https://fd1-photos.leclercdrive.fr/image.ashx?id=2458481&use=l&cat=p&typeid=i","cat":314037},{"id":90730,"n":"Cancoillotte à l'ail Le Francomtois - 250g","p":2.64,"u":"10,56 €/KG","img":"https://fd1-photos.leclercdrive.fr/image.ashx?id=2456966&use=l&cat=p&typeid=i","cat":314037},{"id":90731,"n":"Cancoillotte fumée Le Francomtois - 250g","p":2.62,"u":"10,48 €/KG","img":"https://fd1-photos.leclercdrive.fr/image.ashx?id=2458433&use=l&cat=p&typeid=i","cat":314037},{"id":90750,"n":"Déodorant homme bille Sanex Men Natur Protect Respect - 50ml","p":3.04,"u":"60,80 €/L","img":"https://fd1-photos.leclercdrive.fr/image.ashx?id=2684644&use=l&cat=p&typeid=i","cat":284618},{"id":90763,"n":"Shampooing Nat&Nove Bio Tous types de cheveux - 250ml","p":4.83,"u":"19,32 €/L","img":"https://fd1-photos.leclercdrive.fr/image.ashx?id=2583150&use=l&cat=p&typeid=i","cat":284606},{"id":90777,"n":"Crème visage La Provençale Bio Jouvence Anti-Âge - 50ml","p":7.68,"u":"153,60 €/L","img":"https://fd1-photos.leclercdrive.fr/image.ashx?id=2950357&use=l&cat=p&typeid=i","cat":325345},{"id":90822,"n":"Soupe liquide Knorr Légumes du potager - 45cl","p":2.18,"u":"4,84 €/L","img":"https://fd1-photos.leclercdrive.fr/image.ashx?id=2324357&use=l&cat=p&typeid=i","cat":284462},{"id":90843,"n":"Café moulu Grand Mère Familial - 4x250g","p":13.24,"u":"13,24 €/KG","img":"https://fd1-photos.leclercdrive.fr/image.ashx?id=1755049&use=l&cat=p&typeid=i","cat":284750},{"id":90847,"n":"Dosettes café Senseo Grand Mère Corsé x54","p":5.28,"u":"14,83 €/KG","img":"https://fd1-photos.leclercdrive.fr/image.ashx?id=2745817&use=l&cat=p&typeid=i","cat":293238},{"id":90892,"n":"Whisky Jack Daniel's Rye 70cL","p":27.52,"u":"39,31 €/L","img":"https://fd1-photos.leclercdrive.fr/image.ashx?id=2525432&use=l&cat=p&typeid=i","cat":284547},{"id":90905,"n":"Emmental 32% MG Bio Bio village - 250g","p":2.99,"u":"11,96 €/KG","img":"https://fd1-photos.leclercdrive.fr/image.ashx?id=2425351&use=l&cat=p&typeid=i","cat":314034},{"id":90993,"n":"Soda Pepsi Regular - 2L","p":1.58,"u":"0,79 €/L","img":"https://fd1-photos.leclercdrive.fr/image.ashx?id=1583915&use=l&cat=p&typeid=i","cat":284530},{"id":91025,"n":"Pur Jus Bio Village Bio Grenade - 1L","p":4.87,"u":"4,87 €/L","img":"https://fd1-photos.leclercdrive.fr/image.ashx?id=2901545&use=l&cat=p&typeid=i","cat":284916},{"id":91026,"n":"Pur Jus d'orange Bio Village Bio Carotte Citron - 1L","p":2.89,"u":"2,89 €/L","img":"https://fd1-photos.leclercdrive.fr/image.ashx?id=2901557&use=l&cat=p&typeid=i","cat":284521},{"id":91176,"n":"Lait Démaquillant Nivea Visage&Yeux Camomille - 200ml","p":4.02,"u":"20,10 €/L","img":"https://fd1-photos.leclercdrive.fr/image.ashx?id=2836097&use=l&cat=p&typeid=i","cat":284603},{"id":91177,"n":"Démaquillant Yeux biphase Nivea Sensibles Waterproof - 125ml","p":2.74,"u":"21,92 €/L","img":"https://fd1-photos.leclercdrive.fr/image.ashx?id=2953944&use=l&cat=p&typeid=i","cat":284603},{"id":91178,"n":"Crème visage Jour FPS 15 Nivea Nourrissante Peau Sèche - 50ml","p":4.07,"u":"81,40 €/L","img":"https://fd1-photos.leclercdrive.fr/image.ashx?id=3014605&use=l&cat=p&typeid=i","cat":325345},{"id":91221,"n":"Pâtes Fusili Panzani Créatives - 500G","p":1.19,"u":"2,38 €/KG","img":"https://fd1-photos.leclercdrive.fr/image.ashx?id=2902942&use=l&cat=p&typeid=i","cat":284427},{"id":91231,"n":"Thé vert Twinings Framboise Passion x20 - 32g","p":2.76,"u":"86,25 €/KG","img":"https://fd1-photos.leclercdrive.fr/image.ashx?id=2893030&use=l&cat=p&typeid=i","cat":293233},{"id":91249,"n":"Jambon cuit rôti aux herbes 120g","p":4.98,"u":"41,50 €/KG","img":"https://fd1-photos.leclercdrive.fr/image.ashx?id=2025170&use=l&cat=p&typeid=i","cat":316009},{"id":91290,"n":"After Eight Chocolat Noël Saveur orange - 400g","p":7.95,"u":"19,88 €/KG","img":"https://fd1-photos.leclercdrive.fr/image.ashx?id=2401327&use=l&cat=p&typeid=i","cat":327595},{"id":91306,"n":"Boisson aromatisée Cristaline  Jus tropical - 6x50cl","p":3.3,"u":"1,10 €/L","img":"https://fd1-photos.leclercdrive.fr/image.ashx?id=2344633&use=l&cat=p&typeid=i","cat":284537},{"id":91441,"n":"IGP Pays d'Oc rouge Bio Naturae Cabernet-Sauvignon-75cl","p":7.75,"u":"10,33 €/L","img":"https://fd1-photos.leclercdrive.fr/image.ashx?id=2675493&use=l&cat=p&typeid=i","cat":289556},{"id":91482,"n":"Riz Comptoir du Grain Champignons 2 min - 250g","p":1.22,"u":"4,88 €/KG","img":"https://fd1-photos.leclercdrive.fr/image.ashx?id=2856561&use=l&cat=p&typeid=i","cat":287600},{"id":91485,"n":"Riz long Comptoir du Grain Express 2 min - 250g","p":0.99,"u":"3,96 €/KG","img":"https://fd1-photos.leclercdrive.fr/image.ashx?id=2441393&use=l&cat=p&typeid=i","cat":287600},{"id":91553,"n":"Quinoa Céréal Bio  Bio repas express 220g","p":2.12,"u":"9,64 €/KG","img":"https://fd1-photos.leclercdrive.fr/image.ashx?id=2575081&use=l&cat=p&typeid=i","cat":287600},{"id":91554,"n":"Blé Riz quinoa Céréal Bio  Bio repas express 220g","p":1.99,"u":"9,05 €/KG","img":"https://fd1-photos.leclercdrive.fr/image.ashx?id=2662844&use=l&cat=p&typeid=i","cat":287600},{"id":91557,"n":"Lentilles Riz Soja Céréal Bio Bio repas express-250g","p":1.95,"u":"7,80 €/KG","img":"https://fd1-photos.leclercdrive.fr/image.ashx?id=2575084&use=l&cat=p&typeid=i","cat":287600},{"id":91585,"n":"Bicarbonate de soude Briochin Ecocert - 500g","p":3.7,"u":"7,40 €/KG","img":"https://fd1-photos.leclercdrive.fr/image.ashx?id=3000749&use=l&cat=p&typeid=i","cat":325365},{"id":91603,"n":"Gel pur So Bio Etic Aloe Vera bio - 125ml","p":7.68,"u":"61,44 €/L","img":"https://fd1-photos.leclercdrive.fr/image.ashx?id=2802497&use=l&cat=p&typeid=i","cat":325345},{"id":91604,"n":"Serum Hydra Bio Etic Aloe Vera bio  - 30ml","p":8.98,"u":"299,33 €/L","img":"https://fd1-photos.leclercdrive.fr/image.ashx?id=2957650&use=l&cat=p&typeid=i","cat":325345},{"id":91605,"n":"Soin nutritif So Bio Etic Aloe Vera bio - 50ml","p":8.15,"u":"163,00 €/L","img":"https://fd1-photos.leclercdrive.fr/image.ashx?id=2992128&use=l&cat=p&typeid=i","cat":325345},{"id":91768,"n":"Roquefort AOP Société Fromage de brebis - 100g","p":2.44,"u":"24,40 €/KG","img":"https://fd1-photos.leclercdrive.fr/image.ashx?id=2729701&use=l&cat=p&typeid=i","cat":314032},{"id":91776,"n":"Crème UHT Elle&Vire Semi-Ep. Entière - 30% MG - 3x20cl","p":4.01,"u":"6,68 €/L","img":"https://fd1-photos.leclercdrive.fr/image.ashx?id=2979866&use=l&cat=p&typeid=i","cat":284381},{"id":91805,"n":"petit suisse aux fruits danonino - 18x50g","p":3.66,"u":"4,07 €/KG","img":"https://fd1-photos.leclercdrive.fr/image.ashx?id=3003137&use=l&cat=p&typeid=i","cat":284414},{"id":91807,"n":"petit suisse aux fruits danonino - 12x50g","p":2.42,"u":"4,03 €/KG","img":"https://fd1-photos.leclercdrive.fr/image.ashx?id=3003140&use=l&cat=p&typeid=i","cat":284414},{"id":91810,"n":"Fromage blanc nature Les 300 Laitiers Bio - 4x100g","p":1.83,"u":"4,58 €/KG","img":"https://fd1-photos.leclercdrive.fr/image.ashx?id=2502323&use=l&cat=p&typeid=i","cat":284409},{"id":91812,"n":"Panés pois chiches feta Végé - 2x90g","p":1.88,"u":"10,44 €/KG","img":"https://fd1-photos.leclercdrive.fr/image.ashx?id=2865272&use=l&cat=p&typeid=i","cat":316036},{"id":91813,"n":"Panés tomate mozza Végé - 2x90g","p":1.88,"u":"10,44 €/KG","img":"https://fd1-photos.leclercdrive.fr/image.ashx?id=2865275&use=l&cat=p&typeid=i","cat":316036},{"id":91842,"n":"Infusion Bio La Tisanière Nuit x20 - 30g","p":2.76,"u":"92,00 €/KG","img":"https://fd1-photos.leclercdrive.fr/image.ashx?id=2477051&use=l&cat=p&typeid=i","cat":293234},{"id":91864,"n":"Haricots verts Cassegrain Extra fin - 2x220g","p":4.16,"u":"9,45 €/KG","img":"https://fd1-photos.leclercdrive.fr/image.ashx?id=2955324&use=l&cat=p&typeid=i","cat":312606},{"id":91903,"n":"Biscuits Délichoc Chocolat noir - 3x150g","p":5.21,"u":"11,58 €/KG","img":"https://fd1-photos.leclercdrive.fr/image.ashx?id=2668332&use=l&cat=p&typeid=i","cat":284488},{"id":91907,"n":"Assortiment Copains Copines Tubo gélifie acide - 600g","p":3.69,"u":"6,15 €/KG","img":"https://fd1-photos.leclercdrive.fr/image.ashx?id=2417219&use=l&cat=p&typeid=i","cat":304250},{"id":91944,"n":"Vinaigre blanc Saas Melfor Bidon - 5L","p":3.96,"u":"0,79 €/L","img":"https://fd1-photos.leclercdrive.fr/image.ashx?id=1933779&use=l&cat=p&typeid=i","cat":298543},{"id":92027,"n":"Tablette chocolat au lait Lindt Caramel Pointe de sel - 100g","p":2.33,"u":"23,30 €/KG","img":"https://fd1-photos.leclercdrive.fr/image.ashx?id=2750384&use=l&cat=p&typeid=i","cat":284497},{"id":92178,"n":"Pain D'épices Fortwenger Pour Foie Gras Pur Miel - 300g","p":4.2,"u":"14,00 €/KG","img":"https://fd1-photos.leclercdrive.fr/image.ashx?id=2139151&use=l&cat=p&typeid=i","cat":284493},{"id":92180,"n":"Pain D'épices aux Figues Pour Foie Gras Fortwenger 300g","p":5.56,"u":"18,53 €/KG","img":"https://fd1-photos.leclercdrive.fr/image.ashx?id=2176836&use=l&cat=p&typeid=i","cat":284493},{"id":92252,"n":"Tartine craquante Jardin Bio  bio sans gluten, quinoa - 150gr","p":2.58,"u":"17,20 €/KG","img":"https://fd1-photos.leclercdrive.fr/image.ashx?id=2537532&use=l&cat=p&typeid=i","cat":284479},{"id":92255,"n":"Soupe liquide brique Liebig  Courgettes Vache Qui Rit 2x30cl","p":2.83,"u":"4,72 €/L","img":"https://fd1-photos.leclercdrive.fr/image.ashx?id=2175518&use=l&cat=p&typeid=i","cat":284462},{"id":92256,"n":"Gourdes bio bébé Hipp Bio 4 variétés - 8x120g","p":8.78,"u":"9,15 €/KG","img":"https://fd1-photos.leclercdrive.fr/image.ashx?id=2915578&use=l&cat=p&typeid=i","cat":312393},{"id":92267,"n":"Soupe instantanée Royco  Indienne - 3x200ml","p":1.69,"u":"2,82 €/L","img":"https://fd1-photos.leclercdrive.fr/image.ashx?id=2650988&use=l&cat=p&typeid=i","cat":293527},{"id":92342,"n":"AOP Bordeaux vin blanc Mouton Cadet - 75cl","p":5.59,"u":"7,45 €/L","img":"https://fd1-photos.leclercdrive.fr/image.ashx?id=2845985&use=l&cat=p&typeid=i","cat":289557},{"id":92351,"n":"Crème mains Inell Réparatrice - 100ml","p":1.45,"u":"14,50 €/L","img":"https://fd1-photos.leclercdrive.fr/image.ashx?id=2822135&use=l&cat=p&typeid=i","cat":325354},{"id":92356,"n":"Serviettes Hygieniques Vania  Maxi confort super - x16","p":1.78,"u":"0,11 €/P","img":"https://fd1-photos.leclercdrive.fr/image.ashx?id=2908168&use=l&cat=p&typeid=i","cat":284624},{"id":92452,"n":"Tomates cerises bio Bio Village 250g","p":1.59,"u":"6,36 €/KG","img":"https://fd1-photos.leclercdrive.fr/image.ashx?id=2960544&use=l&cat=p&typeid=i","cat":284352},{"id":92454,"n":"Mini bûche Eskiss Fruits rouge x6 - 328g","p":2.29,"u":"6,98 €/KG","img":"https://fd1-photos.leclercdrive.fr/image.ashx?id=2790994&use=l&cat=p&typeid=i","cat":284266},{"id":92464,"n":"Guiches noires grand modèle Extrémités protégées - x60","p":2.78,"u":"0,05 €/P","img":"https://fd1-photos.leclercdrive.fr/image.ashx?id=1971152&use=l&cat=p&typeid=i","cat":284610},{"id":92516,"n":"Poélée Légume Wok Notre Jardin Inde - 1kg","p":3.99,"u":"3,99 €/KG","img":"https://fd1-photos.leclercdrive.fr/image.ashx?id=2803957&use=l&cat=p&typeid=i","cat":319823},{"id":92529,"n":"Échalotes traditionnelles bio  Bio Village - 250g","p":1.99,"u":"7,96 €/KG","img":"https://fd1-photos.leclercdrive.fr/image.ashx?id=2922454&use=l&cat=p&typeid=i","cat":284352},{"id":92530,"n":"Cidre fermier Doux NRT IGP  De Bretagne - 3%vol - 75cl","p":3.34,"u":"4,45 €/L","img":"https://fd1-photos.leclercdrive.fr/image.ashx?id=2791117&use=l&cat=p&typeid=i","cat":334880},{"id":92532,"n":"Céréales Quaker Cruesli Chocolat - 900g","p":4.97,"u":"5,52 €/KG","img":"https://fd1-photos.leclercdrive.fr/image.ashx?id=2212153&use=l&cat=p&typeid=i","cat":309512},{"id":92533,"n":"Céréales Quaker Cruesli Chocolat au lait - 450g","p":2.65,"u":"5,89 €/KG","img":"https://fd1-photos.leclercdrive.fr/image.ashx?id=2212156&use=l&cat=p&typeid=i","cat":309512},{"id":92693,"n":"Gel douche Mixa Bébé  Très Doux Corps Cheveux - 750ml","p":6.64,"u":"8,85 €/L","img":"https://fd1-photos.leclercdrive.fr/image.ashx?id=2316210&use=l&cat=p&typeid=i","cat":284740},{"id":92712,"n":"Adhésif transparent Eco+ 19mmx25m - x5","p":0.42,"u":"0,08 €/P","img":"https://fd1-photos.leclercdrive.fr/image.ashx?id=2943127&use=l&cat=p&typeid=i","cat":334133},{"id":92761,"n":"Sacs poubelle 10L Eco+ Salle de bain - x30","p":1.08,"u":"0,04 €/P","img":"https://fd1-photos.leclercdrive.fr/image.ashx?id=2755052&use=l&cat=p&typeid=i","cat":285168},{"id":92780,"n":"Bière blonde Heineken 6x25cl","p":4.39,"u":"2,93 €/L","img":"https://fd1-photos.leclercdrive.fr/image.ashx?id=3011077&use=l&cat=p&typeid=i","cat":334873},{"id":92782,"n":"Thé glacé Fuze Tea Saveur pêche - 1.25L","p":1.48,"u":"1,18 €/L","img":"https://fd1-photos.leclercdrive.fr/image.ashx?id=2940390&use=l&cat=p&typeid=i","cat":295019},{"id":92816,"n":"Tablette lave-vaisselle Rainett Tout en 1 Citron Vert x30 -600g","p":5.86,"u":"9,77 €/KG","img":"https://fd1-photos.leclercdrive.fr/image.ashx?id=2506483&use=l&cat=p&typeid=i","cat":284656},{"id":92818,"n":"Tablette lave-vaisselle Rainett Tout en 1 Bicarbonate x30 -600g","p":4.96,"u":"8,27 €/KG","img":"https://fd1-photos.leclercdrive.fr/image.ashx?id=2506477&use=l&cat=p&typeid=i","cat":284656},{"id":92834,"n":"Chips extra Vico 6x30g","p":2.02,"u":"11,22 €/KG","img":"https://fd1-photos.leclercdrive.fr/image.ashx?id=2917816&use=l&cat=p&typeid=i","cat":284447},{"id":92836,"n":"Tuiles Chaque jour sans gluten Goût Paprika - 170g","p":2.12,"u":"12,47 €/KG","img":"https://fd1-photos.leclercdrive.fr/image.ashx?id=2824707&use=l&cat=p&typeid=i","cat":318654},{"id":92837,"n":"Tuiles Chaque jour sans gluten Goût salé - 170g","p":2.12,"u":"12,47 €/KG","img":"https://fd1-photos.leclercdrive.fr/image.ashx?id=2463410&use=l&cat=p&typeid=i","cat":318654},{"id":92842,"n":"Mélange 4 huiles Rustica Végétales - 50cl","p":1.79,"u":"3,58 €/L","img":"https://fd1-photos.leclercdrive.fr/image.ashx?id=2508885&use=l&cat=p&typeid=i","cat":284453},{"id":92861,"n":"Crème Visage Jour FPS 15 Nivea Hydratante - 50ml","p":4.08,"u":"81,60 €/L","img":"https://fd1-photos.leclercdrive.fr/image.ashx?id=3015335&use=l&cat=p&typeid=i","cat":325345},{"id":92908,"n":"Raclette Entremont Saveur d'antan - 700g","p":8.98,"u":"12,83 €/KG","img":"https://fd1-photos.leclercdrive.fr/image.ashx?id=2951752&use=l&cat=p&typeid=i","cat":314037},{"id":93022,"n":"Bière blonde Heineken 20x25cl","p":12.54,"u":"2,51 €/L","img":"https://fd1-photos.leclercdrive.fr/image.ashx?id=3011074&use=l&cat=p&typeid=i","cat":334873},{"id":93023,"n":"Bière blonde Heineken 12x25cl","p":7.74,"u":"2,58 €/L","img":"https://fd1-photos.leclercdrive.fr/image.ashx?id=3011080&use=l&cat=p&typeid=i","cat":334873},{"id":93029,"n":"Poireau bio Bio Village 750g","p":3.79,"u":"5,05 €/KG","img":"https://fd1-photos.leclercdrive.fr/image.ashx?id=2322956&use=l&cat=p&typeid=i","cat":284352},{"id":93031,"n":"Raclette nature Les croisés Sans croute - 700g","p":6.79,"u":"9,70 €/KG","img":"https://fd1-photos.leclercdrive.fr/image.ashx?id=2856335&use=l&cat=p&typeid=i","cat":314037},{"id":93036,"n":"Rosette tranchée Cochonou  10 tranches - 93g","p":1.87,"u":"20,11 €/KG","img":"https://fd1-photos.leclercdrive.fr/image.ashx?id=2924107&use=l&cat=p&typeid=i","cat":316007},{"id":93037,"n":"Saucisson sec Tranché Cochonou 30 tranches - 93g","p":1.7,"u":"18,28 €/KG","img":"https://fd1-photos.leclercdrive.fr/image.ashx?id=2924104&use=l&cat=p&typeid=i","cat":316007},{"id":93041,"n":"Fromage Caprice Des Dieux 300g","p":3.59,"u":"11,97 €/KG","img":"https://fd1-photos.leclercdrive.fr/image.ashx?id=2763178&use=l&cat=p&typeid=i","cat":314033},{"id":93070,"n":"Crème dessert Bio Bio village Chocolat - 4x95g","p":1.28,"u":"3,37 €/KG","img":"https://fd1-photos.leclercdrive.fr/image.ashx?id=2992645&use=l&cat=p&typeid=i","cat":285041},{"id":93091,"n":"Bûche glacée Eskiss Vanille Caramel Pécan - 534g","p":3.85,"u":"7,21 €/KG","img":"https://fd1-photos.leclercdrive.fr/image.ashx?id=2974816&use=l&cat=p&typeid=i","cat":284266},{"id":93105,"n":"Skyr danone  nature 0%mg - 2x140g","p":2.22,"u":"7,93 €/KG","img":"https://fd1-photos.leclercdrive.fr/image.ashx?id=2810606&use=l&cat=p&typeid=i","cat":284409},{"id":93108,"n":"Bière Desperados Pack de 12x33cl","p":14.88,"u":"3,76 €/L","img":"https://fd1-photos.leclercdrive.fr/image.ashx?id=2983123&use=l&cat=p&typeid=i","cat":334878},{"id":93109,"n":"Bière Desperados Pack de 6x33cl","p":7.22,"u":"3,65 €/L","img":"https://fd1-photos.leclercdrive.fr/image.ashx?id=2999865&use=l&cat=p&typeid=i","cat":334878},{"id":93111,"n":"Camembert Le Rustique  250g","p":2.38,"u":"9,52 €/KG","img":"https://fd1-photos.leclercdrive.fr/image.ashx?id=2979722&use=l&cat=p&typeid=i","cat":314033},{"id":93181,"n":"Pains Façon Bretzel x6 - 270g","p":2.17,"u":"8,04 €/KG","img":"https://fd1-photos.leclercdrive.fr/image.ashx?id=2867401&use=l&cat=p&typeid=i","cat":325069},{"id":93203,"n":"Lessive concentrée Epsil Pure fraîcheur x28 - 980ml","p":3.29,"u":"3,36 €/L","img":"https://fd1-photos.leclercdrive.fr/image.ashx?id=2450047&use=l&cat=p&typeid=i","cat":284640},{"id":93211,"n":"Suprêmes soufflés brochet x4 - 480g","p":3.69,"u":"7,69 €/KG","img":"https://fd1-photos.leclercdrive.fr/image.ashx?id=2446722&use=l&cat=p&typeid=i","cat":333682},{"id":93212,"n":"Suprêmes soufflés  Emmental de Savoie - 4x120g","p":3.69,"u":"7,69 €/KG","img":"https://fd1-photos.leclercdrive.fr/image.ashx?id=2605565&use=l&cat=p&typeid=i","cat":333682},{"id":93243,"n":"Dissolvant Inell Semi-permanent - 150ml","p":1.42,"u":"9,47 €/L","img":"https://fd1-photos.leclercdrive.fr/image.ashx?id=2691682&use=l&cat=p&typeid=i","cat":325347},{"id":93244,"n":"Sauce bolognaise Panzani 425g","p":1.88,"u":"4,42 €/KG","img":"https://fd1-photos.leclercdrive.fr/image.ashx?id=2989096&use=l&cat=p&typeid=i","cat":287599},{"id":93246,"n":"Assortiment Copains Copines Fraises bananes - 250g","p":1.19,"u":"4,76 €/KG","img":"https://fd1-photos.leclercdrive.fr/image.ashx?id=2934724&use=l&cat=p&typeid=i","cat":304250},{"id":93303,"n":"Arrangé Isautier Café vanille  40% vol - 50cl","p":16.59,"u":"33,18 €/L","img":"https://fd1-photos.leclercdrive.fr/image.ashx?id=2527937&use=l&cat=p&typeid=i","cat":284551},{"id":93310,"n":"Yaourt bifidus Activia vanille - 12x125g","p":4.24,"u":"2,83 €/KG","img":"https://fd1-photos.leclercdrive.fr/image.ashx?id=2999835&use=l&cat=p&typeid=i","cat":315000},{"id":93314,"n":"Sirop Monin Cocktail caramel - 33cl","p":2.98,"u":"9,03 €/L","img":"https://fd1-photos.leclercdrive.fr/image.ashx?id=2301319&use=l&cat=p&typeid=i","cat":295020},{"id":93318,"n":"Vin de France Pinot Noir Bouchard Ainé et Fils - 75cl","p":7.05,"u":"9,40 €/L","img":"https://fd1-photos.leclercdrive.fr/image.ashx?id=2916105&use=l&cat=p&typeid=i","cat":289556},{"id":93333,"n":"Fécule de pomme de terre Bloch 250g","p":1.51,"u":"6,04 €/KG","img":"https://fd1-photos.leclercdrive.fr/image.ashx?id=1863204&use=l&cat=p&typeid=i","cat":288382},{"id":93348,"n":"Assortiment 26%mg Les croisés 3 Variétés ss croûte - 700g","p":8.99,"u":"12,84 €/KG","img":"https://fd1-photos.leclercdrive.fr/image.ashx?id=2793269&use=l&cat=p&typeid=i","cat":314037},{"id":93401,"n":"Bière blonde pression Heineken Fût de 5L","p":17.79,"u":"3,56 €/L","img":"https://fd1-photos.leclercdrive.fr/image.ashx?id=2646194&use=l&cat=p&typeid=i","cat":334879},{"id":93416,"n":"Sucre Beghin Say Vergeoise blonde nature - 500g","p":1.72,"u":"3,44 €/KG","img":"https://fd1-photos.leclercdrive.fr/image.ashx?id=2860184&use=l&cat=p&typeid=i","cat":284502},{"id":93596,"n":"Cidre bouché Envies De Doux - 75cl","p":2.64,"u":"3,52 €/L","img":"https://fd1-photos.leclercdrive.fr/image.ashx?id=2908978&use=l&cat=p&typeid=i","cat":334880},{"id":93599,"n":"Brosse a dent Oral-B Pro2000 - cross action black x1","p":49.79,"img":"https://fd1-photos.leclercdrive.fr/image.ashx?id=2205944&use=l&cat=p&typeid=i","cat":297133},{"id":93600,"n":"Dessert végétal soja Alpro Nature à la coco - 500g","p":1.84,"u":"3,68 €/KG","img":"https://fd1-photos.leclercdrive.fr/image.ashx?id=2976080&use=l&cat=p&typeid=i","cat":316071},{"id":93636,"n":"Fromage RichesMonts Raclette  Caractère 18 Tranches - 420g","p":6.94,"u":"16,52 €/KG","img":"https://fd1-photos.leclercdrive.fr/image.ashx?id=2953812&use=l&cat=p&typeid=i","cat":314037},{"id":93705,"n":"Pulpe de tomates Sacla Bio - 680g","p":2.49,"u":"3,66 €/KG","img":"https://fd1-photos.leclercdrive.fr/image.ashx?id=2507089&use=l&cat=p&typeid=i","cat":288384},{"id":93727,"n":"Liquide de rinçage Rainett Pour Lave-vaisselle - 750ml","p":3.6,"u":"4,80 €/L","img":"https://fd1-photos.leclercdrive.fr/image.ashx?id=2338510&use=l&cat=p&typeid=i","cat":284657},{"id":93728,"n":"Clémentine à déguster bio Bio Village Sachet 750g","p":2.99,"u":"3,99 €/KG","img":"https://fd1-photos.leclercdrive.fr/image.ashx?id=2801058&use=l&cat=p&typeid=i","cat":284356},{"id":93733,"n":"AOP Bordeaux Vin rouge Cuvée Hortense Prestige - 75cl","p":5.49,"u":"7,32 €/L","img":"https://fd1-photos.leclercdrive.fr/image.ashx?id=2292832&use=l&cat=p&typeid=i","cat":289556},{"id":93744,"n":"Joker Bio Pomme 1L","p":2.71,"u":"2,71 €/L","img":"https://fd1-photos.leclercdrive.fr/image.ashx?id=3008143&use=l&cat=p&typeid=i","cat":284522},{"id":93745,"n":"Joker Bio Orange sans pulpe 1L","p":2.88,"u":"2,88 €/L","img":"https://fd1-photos.leclercdrive.fr/image.ashx?id=3008146&use=l&cat=p&typeid=i","cat":284521},{"id":93750,"n":"Ratatouille Cuisinée Cassegrain à la Provençale 380g","p":2.83,"u":"7,45 €/KG","img":"https://fd1-photos.leclercdrive.fr/image.ashx?id=2970831&use=l&cat=p&typeid=i","cat":312612},{"id":93752,"n":"Coton à lustrer TECH9 200g","p":2.5,"u":"12,50 €/KG","img":"https://fd1-photos.leclercdrive.fr/image.ashx?id=2162375&use=l&cat=p&typeid=i","cat":298252},{"id":93776,"n":"Sauce tomate bio Jardin Bio Provençale - 510g","p":3.43,"u":"6,73 €/KG","img":"https://fd1-photos.leclercdrive.fr/image.ashx?id=2977435&use=l&cat=p&typeid=i","cat":287599},{"id":93788,"n":"Escalope Cordon Bleu Père Dodu  Poulet x2 - 200g","p":2.27,"u":"11,35 €/KG","img":"https://fd1-photos.leclercdrive.fr/image.ashx?id=2957170&use=l&cat=p&typeid=i","cat":333683},{"id":93790,"n":"Sauce tomate bio Jardin Bio Basilic - 510g","p":3.4,"u":"6,67 €/KG","img":"https://fd1-photos.leclercdrive.fr/image.ashx?id=2918832&use=l&cat=p&typeid=i","cat":287599},{"id":93794,"n":"Tissus à lustrer TECH9 x10","p":1.75,"u":"0,18 €/P","img":"https://fd1-photos.leclercdrive.fr/image.ashx?id=1543778&use=l&cat=p&typeid=i","cat":298252},{"id":93798,"n":"Dégrippant multi-fonction TECH9 300ml","p":3.45,"u":"11,50 €/L","img":"https://fd1-photos.leclercdrive.fr/image.ashx?id=2162486&use=l&cat=p&typeid=i","cat":298252},{"id":93814,"n":"Nettoyant Plastique TECH9 Brillant Senteur Vanille -400ml","p":3.99,"u":"9,98 €/L","img":"https://fd1-photos.leclercdrive.fr/image.ashx?id=2162435&use=l&cat=p&typeid=i","cat":298252},{"id":93817,"n":"Muesli croustillant 7 fruits  bio Terres et Céréales-1kg","p":6.36,"u":"6,36 €/KG","img":"https://fd1-photos.leclercdrive.fr/image.ashx?id=2802449&use=l&cat=p&typeid=i","cat":309512},{"id":93820,"n":"Nettoyant TECH9 Insectes et fientes - 500ml","p":5.49,"u":"10,98 €/L","img":"https://fd1-photos.leclercdrive.fr/image.ashx?id=2162477&use=l&cat=p&typeid=i","cat":298252},{"id":93822,"n":"Nettoyant Plastique TECH9 Brillant Senteur Agrumes -400ml","p":3.99,"u":"9,98 €/L","img":"https://fd1-photos.leclercdrive.fr/image.ashx?id=2162438&use=l&cat=p&typeid=i","cat":298252},{"id":93842,"n":"Coton rectangle bébé Eco+ x200","p":3.99,"u":"0,02 €/P","img":"https://fd1-photos.leclercdrive.fr/image.ashx?id=2869760&use=l&cat=p&typeid=i","cat":284739},{"id":93851,"n":"Petit Pois Tendres et Fondants Cassegrain 280g","p":1.93,"u":"6,89 €/KG","img":"https://fd1-photos.leclercdrive.fr/image.ashx?id=2955318&use=l&cat=p&typeid=i","cat":312607},{"id":93854,"n":"Aubergines Cuisinées Cassegrain à la Provençale 375g","p":3.01,"u":"8,03 €/KG","img":"https://fd1-photos.leclercdrive.fr/image.ashx?id=2962086&use=l&cat=p&typeid=i","cat":312612},{"id":93855,"n":"Nettoyant plastique TECH9 Mat Senteur Neuf - 400ml","p":3.99,"u":"9,98 €/L","img":"https://fd1-photos.leclercdrive.fr/image.ashx?id=2162429&use=l&cat=p&typeid=i","cat":298252},{"id":93857,"n":"Répare crevaison TECH9 500ml","p":6.9,"u":"13,80 €/L","img":"https://fd1-photos.leclercdrive.fr/image.ashx?id=2162489&use=l&cat=p&typeid=i","cat":298252},{"id":93860,"n":"Viande hachée bio- Bio Village  15%mg - 400g","p":8.15,"u":"20,38 €/KG","img":"https://fd1-photos.leclercdrive.fr/image.ashx?id=2946478&use=l&cat=p&typeid=i","cat":319779},{"id":93867,"n":"Rénovateur joints TECH9 300ml","p":4.99,"u":"16,63 €/L","img":"https://fd1-photos.leclercdrive.fr/image.ashx?id=2162483&use=l&cat=p&typeid=i","cat":298252},{"id":93895,"n":"Drap housse lit Mots d'Enfants Coton Bio blanc/ gris- x1","p":11.95,"img":"https://fd1-photos.leclercdrive.fr/image.ashx?id=1519484&use=l&cat=p&typeid=i","cat":299760},{"id":93936,"n":"Filets de poulet Eco+ Blanc - 1kg","p":9.49,"u":"9,49 €/KG","img":"https://fd1-photos.leclercdrive.fr/image.ashx?id=2858950&use=l&cat=p&typeid=i","cat":284336},{"id":93961,"n":"Huile tronçonneuse Beaux Jours Biodégradable Iso VG150 - 2L","p":10.99,"u":"5,50 €/L","img":"https://fd1-photos.leclercdrive.fr/image.ashx?id=1704383&use=l&cat=p&typeid=i","cat":298253},{"id":94052,"n":"Haricot Vert Cassegrain Extra Fin Ceuillis main 220g","p":2.07,"u":"9,41 €/KG","img":"https://fd1-photos.leclercdrive.fr/image.ashx?id=2955321&use=l&cat=p&typeid=i","cat":312606},{"id":94120,"n":"Confiture fruits des bois Beyer Extra - 370g","p":3.05,"u":"8,24 €/KG","img":"https://fd1-photos.leclercdrive.fr/image.ashx?id=2954235&use=l&cat=p&typeid=i","cat":284480},{"id":94164,"n":"Fromage Crèmeux Saint Albray  200g","p":2.86,"u":"14,30 €/KG","img":"https://fd1-photos.leclercdrive.fr/image.ashx?id=2731825&use=l&cat=p&typeid=i","cat":329558},{"id":94180,"n":"Croquettes chat Ultima Stérilisé sensible - 3kg","p":13.27,"u":"4,42 €/KG","img":"https://fd1-photos.leclercdrive.fr/image.ashx?id=2906580&use=l&cat=p&typeid=i","cat":284680},{"id":94215,"n":"Raclette aux cèpes  Ermitage - 200g","p":2.57,"u":"12,85 €/KG","img":"https://fd1-photos.leclercdrive.fr/image.ashx?id=2544206&use=l&cat=p&typeid=i","cat":314037},{"id":94216,"n":"Raclette à l'italienne Ermitage 200g","p":2.94,"u":"14,70 €/KG","img":"https://fd1-photos.leclercdrive.fr/image.ashx?id=2960819&use=l&cat=p&typeid=i","cat":314037},{"id":94281,"n":"Rhum blanc Bologne 50%vol - 100cl","p":18.89,"u":"18,89 €/L","img":"https://fd1-photos.leclercdrive.fr/image.ashx?id=2876554&use=l&cat=p&typeid=i","cat":284550},{"id":94309,"n":"Croquettes chat stérilisé D’intérieur Ultima - 3kg","p":13.67,"u":"4,56 €/KG","img":"https://fd1-photos.leclercdrive.fr/image.ashx?id=2922230&use=l&cat=p&typeid=i","cat":284680},{"id":94324,"n":"Rôti de porc Fleury Michon -25% de sel sans nitrite x6 - 210g","p":3.91,"u":"18,62 €/KG","img":"https://fd1-photos.leclercdrive.fr/image.ashx?id=2335505&use=l&cat=p&typeid=i","cat":316009},{"id":94383,"n":"Désodorisant Air Wick Fleur de lotus Relaxant - 250ml","p":3.25,"u":"13,00 €/L","img":"https://fd1-photos.leclercdrive.fr/image.ashx?id=2971930&use=l&cat=p&typeid=i","cat":311626},{"id":94489,"n":"Lames Wilkinson Quattro Titanium Sensitive - x4","p":8.96,"u":"2,24 €/P","img":"https://fd1-photos.leclercdrive.fr/image.ashx?id=2451405&use=l&cat=p&typeid=i","cat":284616},{"id":94635,"n":"Brasse végétal nature Andros 4x100g","p":2.71,"u":"6,78 €/KG","img":"https://fd1-photos.leclercdrive.fr/image.ashx?id=2872012&use=l&cat=p&typeid=i","cat":316071},{"id":94643,"n":"Brassé végétal Andros Framboise - 400g","p":2.66,"u":"6,65 €/KG","img":"https://fd1-photos.leclercdrive.fr/image.ashx?id=2879089&use=l&cat=p&typeid=i","cat":316071},{"id":94654,"n":"Yaourt bifidus Activia Vanille - 16x125g","p":5.53,"u":"2,77 €/KG","img":"https://fd1-photos.leclercdrive.fr/image.ashx?id=2741775&use=l&cat=p&typeid=i","cat":315000},{"id":94859,"n":"Yaourt à la grecque YAOS  Stracciatella - 4x125g","p":2.54,"u":"5,08 €/KG","img":"https://fd1-photos.leclercdrive.fr/image.ashx?id=2679506&use=l&cat=p&typeid=i","cat":314999},{"id":94860,"n":"Oeufs frais De Nos Régions Élevées au sol - x6","p":1.49,"u":"0,25 €/P","img":"https://fd1-photos.leclercdrive.fr/image.ashx?id=2969824&use=l&cat=p&typeid=i","cat":284378},{"id":94916,"n":"Matière grasse St Hubert Omega 3 - 52% MG - 750g","p":4.49,"pp":3.14,"u":"4,19 €/KG","img":"https://fd1-photos.leclercdrive.fr/image.ashx?id=2734078&use=l&cat=p&typeid=i","cat":315229},{"id":94936,"n":"AOP Vin blanc Alsace Gewurtraminer - 75cl","p":9.65,"u":"12,87 €/L","img":"https://fd1-photos.leclercdrive.fr/image.ashx?id=2370179&use=l&cat=p&typeid=i","cat":289557},{"id":94937,"n":"AOP Vin blanc Arthur Metz Riesling - 75cl","p":8.54,"u":"11,39 €/L","img":"https://fd1-photos.leclercdrive.fr/image.ashx?id=1564639&use=l&cat=p&typeid=i","cat":289557},{"id":95008,"n":"Mini tablettes chocolat Milka Chocolat au lait - 8x25g","p":3.46,"u":"17,30 €/KG","img":"https://fd1-photos.leclercdrive.fr/image.ashx?id=2832419&use=l&cat=p&typeid=i","cat":284497},{"id":95069,"n":"Patchs purifiants Bioré Au charbon - x6","p":5.18,"u":"0,86 €/P","img":"https://fd1-photos.leclercdrive.fr/image.ashx?id=2986819&use=l&cat=p&typeid=i","cat":325346},{"id":95077,"n":"Gel anti-calcaire Calgon  Hygiène Plus - 750ml","p":4.97,"u":"6,63 €/L","img":"https://fd1-photos.leclercdrive.fr/image.ashx?id=2953767&use=l&cat=p&typeid=i","cat":284653},{"id":95112,"n":"Bière Cervoise des Ancêtres BlondeTriple - 8.5% vol. - 75cl","p":4.47,"u":"5,96 €/L","img":"https://fd1-photos.leclercdrive.fr/image.ashx?id=2021244&use=l&cat=p&typeid=i","cat":334872},{"id":95297,"n":"Crème Bridélice UHT Bio x3 - 20cl","p":4.71,"u":"7,85 €/KG","img":"https://fd1-photos.leclercdrive.fr/image.ashx?id=2859245&use=l&cat=p&typeid=i","cat":284381},{"id":95507,"n":"Risotto au Poulet & Cèpes Fleury Michon 2+1offert - 840g","p":5.47,"u":"6,51 €/KG","img":"https://fd1-photos.leclercdrive.fr/image.ashx?id=2246818&use=l&cat=p&typeid=i","cat":333665},{"id":95524,"n":"Essuie-tout bobine Mimosa 500 feuilles","p":3.69,"img":"https://fd1-photos.leclercdrive.fr/image.ashx?id=1523297&use=l&cat=p&typeid=i","cat":284635},{"id":95534,"n":"Saumon fumé Ronde des Mers Ecosse x4T - 140g","p":4.99,"u":"35,64 €/KG","img":"https://fd1-photos.leclercdrive.fr/image.ashx?id=2450056&use=l&cat=p&typeid=i","cat":285188},{"id":95535,"n":"Saumon fumé ASC Ronde des Mers Norvège x4T - 140g","p":4.99,"u":"35,64 €/KG","img":"https://fd1-photos.leclercdrive.fr/image.ashx?id=2833126&use=l&cat=p&typeid=i","cat":285188},{"id":95545,"n":"Matière grasse St Hubert Omega 3 - 52% MG - 510g","p":3.25,"u":"6,37 €/KG","img":"https://fd1-photos.leclercdrive.fr/image.ashx?id=2734072&use=l&cat=p&typeid=i","cat":315229},{"id":95547,"n":"Matière grasse St Hubert Omega 3 - 52% MG - 510g","p":3.65,"u":"7,16 €/KG","img":"https://fd1-photos.leclercdrive.fr/image.ashx?id=2734075&use=l&cat=p&typeid=i","cat":315229},{"id":95564,"n":"Crème fraîche légère Yoplait Fleurette 15% mg - 38cl","p":1.89,"u":"4,97 €/L","img":"https://fd1-photos.leclercdrive.fr/image.ashx?id=2733664&use=l&cat=p&typeid=i","cat":284381},{"id":95584,"n":"Dentifrice dentavie Bio Gencives sensibles - 75ml","p":3.41,"u":"45,47 €/L","img":"https://fd1-photos.leclercdrive.fr/image.ashx?id=2494764&use=l&cat=p&typeid=i","cat":284612},{"id":95585,"n":"Déodorant bille bio SoBio Etic Peaux sensibles et épilées-50ml","p":5.19,"u":"103,80 €/L","img":"https://fd1-photos.leclercdrive.fr/image.ashx?id=2740124&use=l&cat=p&typeid=i","cat":284595},{"id":95586,"n":"Eau micellaire bio SoBio Etic Peau sensible aloé véra - 500ml","p":5.27,"u":"10,54 €/L","img":"https://fd1-photos.leclercdrive.fr/image.ashx?id=2801905&use=l&cat=p&typeid=i","cat":284603},{"id":95623,"n":"AOP Champagne Brut Demoiselle Vranken - 75cl","p":27.85,"u":"37,13 €/L","img":"https://fd1-photos.leclercdrive.fr/image.ashx?id=2203988&use=l&cat=p&typeid=i","cat":284542},{"id":95739,"n":"Coq'ailes Maître Coq Barbecue - 250g","p":3.23,"u":"12,92 €/KG","img":"https://fd1-photos.leclercdrive.fr/image.ashx?id=2403384&use=l&cat=p&typeid=i","cat":333685},{"id":95811,"n":"Mascara Waterproof L'OréalParis Lash Paradise Noir","p":12.54,"img":"https://fd1-photos.leclercdrive.fr/image.ashx?id=2559589&use=l&cat=p&typeid=i","cat":287029},{"id":95815,"n":"Dessert végétal soja alpro Vanille - 500g","p":1.84,"u":"3,68 €/KG","img":"https://fd1-photos.leclercdrive.fr/image.ashx?id=2977672&use=l&cat=p&typeid=i","cat":316071},{"id":95817,"n":"Dessert végétal soja alpro Nature à l'amande - 500g","p":1.87,"u":"3,74 €/KG","img":"https://fd1-photos.leclercdrive.fr/image.ashx?id=2977684&use=l&cat=p&typeid=i","cat":316071},{"id":95819,"n":"Dessert végétal soja alpro Nature à l'avoine - 500g","p":1.94,"u":"3,88 €/KG","img":"https://fd1-photos.leclercdrive.fr/image.ashx?id=2976083&use=l&cat=p&typeid=i","cat":316071},{"id":95973,"n":"Eau minérale naturelle Evian  6x1,5l","p":3.48,"u":"0,39 €/L","img":"https://fd1-photos.leclercdrive.fr/image.ashx?id=2967717&use=l&cat=p&typeid=i","cat":284535},{"id":95975,"n":"Liquide vaisselle Visior Pomme poire - 750ml","p":1.19,"u":"1,59 €/L","img":"https://fd1-photos.leclercdrive.fr/image.ashx?id=1979269&use=l&cat=p&typeid=i","cat":284655},{"id":95976,"n":"Liquide vaisselle Visior Fruit rouge & Fleur - 750ml","p":1.19,"u":"1,59 €/L","img":"https://fd1-photos.leclercdrive.fr/image.ashx?id=2724586&use=l&cat=p&typeid=i","cat":284655},{"id":95977,"n":"Liquide vaisselle Visior Amande Calendula - 750ml","p":1.26,"u":"1,68 €/L","img":"https://fd1-photos.leclercdrive.fr/image.ashx?id=2872721&use=l&cat=p&typeid=i","cat":284655},{"id":95978,"n":"Liquide vaisselle Visior Pamplemousse vinaigre - 750ml","p":1.3,"u":"1,73 €/L","img":"https://fd1-photos.leclercdrive.fr/image.ashx?id=2898859&use=l&cat=p&typeid=i","cat":284655},{"id":95979,"n":"Gel douche Manava Orchidée Camélia - 250ml","p":1.15,"u":"4,60 €/L","img":"https://fd1-photos.leclercdrive.fr/image.ashx?id=2805033&use=l&cat=p&typeid=i","cat":284594},{"id":96057,"n":"Café grains Méo Espresso - 1kg","p":15.25,"u":"15,25 €/KG","img":"https://fd1-photos.leclercdrive.fr/image.ashx?id=2593977&use=l&cat=p&typeid=i","cat":293237},{"id":96089,"n":"Gel douche Manava Citron basilic - 250ml","p":1.15,"u":"4,60 €/L","img":"https://fd1-photos.leclercdrive.fr/image.ashx?id=2626823&use=l&cat=p&typeid=i","cat":284594},{"id":96091,"n":"Gel douche Manava Concombre aloe vera - 250ml","p":1.18,"u":"4,72 €/L","img":"https://fd1-photos.leclercdrive.fr/image.ashx?id=2626826&use=l&cat=p&typeid=i","cat":284594},{"id":96094,"n":"Gel douche Manava Mangue Acai - 250ml","p":1.15,"u":"4,60 €/L","img":"https://fd1-photos.leclercdrive.fr/image.ashx?id=2805036&use=l&cat=p&typeid=i","cat":284594},{"id":96095,"n":"Gel douche Manava Envolée de pétales - 250ml","p":1.15,"u":"4,60 €/L","img":"https://fd1-photos.leclercdrive.fr/image.ashx?id=1980232&use=l&cat=p&typeid=i","cat":284594},{"id":96096,"n":"Gel douche Manava Crumble fruits rouges - 250ml","p":1.29,"u":"5,16 €/L","img":"https://fd1-photos.leclercdrive.fr/image.ashx?id=2486464&use=l&cat=p&typeid=i","cat":284594},{"id":96097,"n":"Gel douche Manava Noisettes caramel - 250ml","p":1.3,"u":"5,20 €/L","img":"https://fd1-photos.leclercdrive.fr/image.ashx?id=2805039&use=l&cat=p&typeid=i","cat":284594},{"id":96131,"n":"Soda Eco+ Gout orange - 1.5L","p":0.37,"u":"0,25 €/L","img":"https://fd1-photos.leclercdrive.fr/image.ashx?id=2741595&use=l&cat=p&typeid=i","cat":284532},{"id":96284,"n":"Pois chiches - 3x130g","p":1.65,"u":"4,23 €/KG","img":"https://fd1-photos.leclercdrive.fr/image.ashx?id=3002626&use=l&cat=p&typeid=i","cat":312609},{"id":96287,"n":"Café San Marco Grains n°7 - 500g","p":10.98,"u":"21,96 €/KG","img":"https://fd1-photos.leclercdrive.fr/image.ashx?id=2322163&use=l&cat=p&typeid=i","cat":293237},{"id":96289,"n":"Biscuit apéritif ancel Sticks Bretzels Original - 300g","p":1.84,"u":"6,13 €/KG","img":"https://fd1-photos.leclercdrive.fr/image.ashx?id=2841196&use=l&cat=p&typeid=i","cat":297000},{"id":96291,"n":"Mini Brioche Burger x10 - 200g","p":2.13,"u":"10,65 €/KG","img":"https://fd1-photos.leclercdrive.fr/image.ashx?id=2735284&use=l&cat=p&typeid=i","cat":325067},{"id":96398,"n":"Compote Cool pomme banane bio Vitabio - 12x90g","p":8.0,"u":"7,41 €/KG","img":"https://fd1-photos.leclercdrive.fr/image.ashx?id=2621420&use=l&cat=p&typeid=i","cat":284508},{"id":96416,"n":"Sauce soja Kikkoman 250ml","p":4.83,"u":"19,32 €/L","img":"https://fd1-photos.leclercdrive.fr/image.ashx?id=2544952&use=l&cat=p&typeid=i","cat":288992},{"id":96419,"n":"Sauce soja Kikkoman Réduite en sel - 250ml","p":4.24,"u":"16,96 €/L","img":"https://fd1-photos.leclercdrive.fr/image.ashx?id=2843547&use=l&cat=p&typeid=i","cat":288992},{"id":96423,"n":"Sauce Teriyaki Kikkoman Grillade et marinade - 250ml","p":4.79,"u":"19,16 €/L","img":"https://fd1-photos.leclercdrive.fr/image.ashx?id=2857917&use=l&cat=p&typeid=i","cat":288992},{"id":96429,"n":"Plats Bio Poulet Bio Village Olives, boulgour quinoa - 300g","p":4.76,"u":"15,87 €/KG","img":"https://fd1-photos.leclercdrive.fr/image.ashx?id=2817169&use=l&cat=p&typeid=i","cat":284953},{"id":96455,"n":"Soupe nouilles cup Yum Yum Saveur poulet - 70g","p":0.95,"u":"13,57 €/KG","img":"https://fd1-photos.leclercdrive.fr/image.ashx?id=2888563&use=l&cat=p&typeid=i","cat":288992},{"id":96457,"n":"Soupe nouilles cup Yum Yum Saveur crevette - 70g","p":0.95,"u":"13,57 €/KG","img":"https://fd1-photos.leclercdrive.fr/image.ashx?id=2922320&use=l&cat=p&typeid=i","cat":288992},{"id":96563,"n":"Soufflés Monster Munch Barbecue - 2x100g","p":2.27,"u":"11,35 €/KG","img":"https://fd1-photos.leclercdrive.fr/image.ashx?id=2918787&use=l&cat=p&typeid=i","cat":284449},{"id":96770,"n":"Eau minérale gazeuse Quézac  6x50cl","p":2.28,"u":"0,76 €/L","img":"https://fd1-photos.leclercdrive.fr/image.ashx?id=2884618&use=l&cat=p&typeid=i","cat":284536},{"id":96777,"n":"Crème mains Inell Hydratante - 100ml","p":1.35,"u":"13,50 €/L","img":"https://fd1-photos.leclercdrive.fr/image.ashx?id=2515688&use=l&cat=p&typeid=i","cat":325354},{"id":96827,"n":"Coupe-frites +2 grilles amovibles - 1 pièce","p":19.99,"img":"https://fd1-photos.leclercdrive.fr/image.ashx?id=2639723&use=l&cat=p&typeid=i","cat":334135},{"id":96923,"n":"Câbles de démarrage TECH9 35mm2","p":34.95,"img":"https://fd1-photos.leclercdrive.fr/image.ashx?id=2162564&use=l&cat=p&typeid=i","cat":298252},{"id":96934,"n":"Saumon fumé Bio Bio Village Atlantique x2T - 65g","p":3.6,"u":"55,38 €/KG","img":"https://fd1-photos.leclercdrive.fr/image.ashx?id=2839589&use=l&cat=p&typeid=i","cat":285188},{"id":96938,"n":"Saumon fumé Ronde des Mers ASC Norvège x6T - 210g","p":8.5,"u":"40,48 €/KG","img":"https://fd1-photos.leclercdrive.fr/image.ashx?id=2833132&use=l&cat=p&typeid=i","cat":285188},{"id":96939,"n":"Emincés Saumon Bio Bio Village 100g","p":5.55,"u":"55,50 €/KG","img":"https://fd1-photos.leclercdrive.fr/image.ashx?id=2954118&use=l&cat=p&typeid=i","cat":285188},{"id":96946,"n":"Houmous Bio Bio Village 160g","p":2.5,"u":"15,63 €/KG","img":"https://fd1-photos.leclercdrive.fr/image.ashx?id=1921643&use=l&cat=p&typeid=i","cat":315999},{"id":96959,"n":"Pains au chocolat Epi d'Or x6 - 450g","p":2.95,"u":"6,56 €/KG","img":"https://fd1-photos.leclercdrive.fr/image.ashx?id=1983598&use=l&cat=p&typeid=i","cat":284267},{"id":96970,"n":"Feuilletés Epinards Chèvre Côté Table - 2x150g","p":3.09,"u":"10,30 €/KG","img":"https://fd1-photos.leclercdrive.fr/image.ashx?id=2846523&use=l&cat=p&typeid=i","cat":333671},{"id":97033,"n":"Gel Bain douche Manava Fleur de cerisier - 500ml","p":1.88,"u":"3,76 €/L","img":"https://fd1-photos.leclercdrive.fr/image.ashx?id=2618356&use=l&cat=p&typeid=i","cat":284594},{"id":97045,"n":"Thon entier Petit Navire Au naturel - 2x93g","p":3.28,"u":"17,63 €/KG","img":"https://fd1-photos.leclercdrive.fr/image.ashx?id=2961837&use=l&cat=p&typeid=i","cat":303867},{"id":97059,"n":"Poulet au curry bio Bio Village Riz quinoa sarrasin - 300g","p":2.99,"u":"9,97 €/KG","img":"https://fd1-photos.leclercdrive.fr/image.ashx?id=2622028&use=l&cat=p&typeid=i","cat":284953},{"id":97060,"n":"Tagada Haribo Sachet bonbons - 400g","p":1.73,"u":"4,33 €/KG","img":"https://fd1-photos.leclercdrive.fr/image.ashx?id=2801854&use=l&cat=p&typeid=i","cat":304250},{"id":97286,"n":"Crayons de couleurs Esquisse Bicolores - x12","p":1.65,"u":"0,14 €/P","img":"https://fd1-photos.leclercdrive.fr/image.ashx?id=1678787&use=l&cat=p&typeid=i","cat":284696},{"id":97319,"n":"Surligneurs pastel Esquisse x4","p":1.99,"img":"https://fd1-photos.leclercdrive.fr/image.ashx?id=1678790&use=l&cat=p&typeid=i","cat":284696},{"id":97341,"n":"Cartouches d'encre Esquisse Courtes - bleu - x60","p":1.84,"u":"0,03 €/P","img":"https://fd1-photos.leclercdrive.fr/image.ashx?id=1678721&use=l&cat=p&typeid=i","cat":284696},{"id":97348,"n":"Crayons de couleur Eco+ Pochette de 18","p":0.53,"u":"0,03 €/P","img":"https://fd1-photos.leclercdrive.fr/image.ashx?id=1678664&use=l&cat=p&typeid=i","cat":284696},{"id":97360,"n":"Gyoza Ajinomoto Poulet & légumes - 212g","p":4.49,"u":"21,18 €/KG","img":"https://fd1-photos.leclercdrive.fr/image.ashx?id=2590327&use=l&cat=p&typeid=i","cat":319774},{"id":97430,"n":"Sticks et bretzels Boehli Bio 300g","p":2.4,"u":"8,00 €/KG","img":"https://fd1-photos.leclercdrive.fr/image.ashx?id=2054034&use=l&cat=p&typeid=i","cat":297000},{"id":97516,"n":"Feuilles simples perforées Eco+ 17x22cm - x200","p":1.25,"img":"https://fd1-photos.leclercdrive.fr/image.ashx?id=1698502&use=l&cat=p&typeid=i","cat":284697},{"id":97559,"n":"Bûche de chèvre Soignon 300g + 100g offerts","p":3.49,"u":"8,73 €/KG","img":"https://fd1-photos.leclercdrive.fr/image.ashx?id=1781504&use=l&cat=p&typeid=i","cat":314031},{"id":97662,"n":"Thé vert Twinings Menthe x25 - 38g","p":2.49,"u":"65,53 €/KG","img":"https://fd1-photos.leclercdrive.fr/image.ashx?id=2906763&use=l&cat=p&typeid=i","cat":293233},{"id":97667,"n":"Thé russian Twinings Earl grey x20 - 30g","p":2.56,"u":"85,33 €/KG","img":"https://fd1-photos.leclercdrive.fr/image.ashx?id=2878306&use=l&cat=p&typeid=i","cat":293233},{"id":97671,"n":"Thé russian Earl Grey Twinings 150g","p":6.51,"u":"43,40 €/KG","img":"https://fd1-photos.leclercdrive.fr/image.ashx?id=2950729&use=l&cat=p&typeid=i","cat":293233},{"id":97677,"n":"Thé Twinings English breakfast x25 - 40g","p":2.82,"u":"70,50 €/KG","img":"https://fd1-photos.leclercdrive.fr/image.ashx?id=2893027&use=l&cat=p&typeid=i","cat":293233},{"id":97678,"n":"Céréales Jordans Country Crisp 4 Baies - 550g","p":3.23,"u":"5,87 €/KG","img":"https://fd1-photos.leclercdrive.fr/image.ashx?id=2997205&use=l&cat=p&typeid=i","cat":309512},{"id":97713,"n":"Soda Tonic Sprink's 6x33cl","p":2.49,"u":"1,26 €/L","img":"https://fd1-photos.leclercdrive.fr/image.ashx?id=2956768&use=l&cat=p&typeid=i","cat":284531},{"id":97849,"n":"Semelles Gel Soft Femme Talons Quotidiens - 1 paire","p":15.89,"img":"https://fd1-photos.leclercdrive.fr/image.ashx?id=2226289&use=l&cat=p&typeid=i","cat":325354},{"id":98098,"n":"Liquide vaisselle Visior Antiodeur - 500ml","p":0.64,"u":"1,28 €/L","img":"https://fd1-photos.leclercdrive.fr/image.ashx?id=2951122&use=l&cat=p&typeid=i","cat":284655},{"id":98103,"n":"Chèvres chauds Soignon x8 - 200g","p":4.71,"u":"23,55 €/KG","img":"https://fd1-photos.leclercdrive.fr/image.ashx?id=2680710&use=l&cat=p&typeid=i","cat":314027},{"id":98251,"n":"Liquide Vaisselle Brillance  VISIOR - 500ml","p":0.64,"u":"1,28 €/L","img":"https://fd1-photos.leclercdrive.fr/image.ashx?id=2951125&use=l&cat=p&typeid=i","cat":284655},{"id":98252,"n":"Liquide vaisselle Visior Antibactérien - 500ml","p":0.64,"u":"1,28 €/L","img":"https://fd1-photos.leclercdrive.fr/image.ashx?id=2951131&use=l&cat=p&typeid=i","cat":284655},{"id":98253,"n":"Liquide vaisselle Visior Désincrustant sel - 500ml","p":0.64,"u":"1,28 €/L","img":"https://fd1-photos.leclercdrive.fr/image.ashx?id=2951128&use=l&cat=p&typeid=i","cat":284655},{"id":98377,"n":"Diffuseur mèche TECH9 Vanille","p":4.9,"img":"https://fd1-photos.leclercdrive.fr/image.ashx?id=1544925&use=l&cat=p&typeid=i","cat":298252},{"id":98387,"n":"Recharge mèche TECH9 Anti-tabac","p":4.5,"img":"https://fd1-photos.leclercdrive.fr/image.ashx?id=1544985&use=l&cat=p&typeid=i","cat":298252},{"id":98417,"n":"Liquide vaisselle floral Visior 500ml","p":0.64,"u":"1,28 €/L","img":"https://fd1-photos.leclercdrive.fr/image.ashx?id=2951134&use=l&cat=p&typeid=i","cat":284655},{"id":98422,"n":"Pavés de Saumon Bio Bio Village 200g","p":8.59,"u":"42,95 €/KG","img":"https://fd1-photos.leclercdrive.fr/image.ashx?id=2934802&use=l&cat=p&typeid=i","cat":319786},{"id":98429,"n":"Petits pains précuits Epi d'Or 4x75g","p":1.57,"u":"5,23 €/KG","img":"https://fd1-photos.leclercdrive.fr/image.ashx?id=2956966&use=l&cat=p&typeid=i","cat":325069},{"id":98443,"n":"Soda Coca-Cola Original Bouteille - Pack 6x1L","p":10.5,"u":"1,75 €/L","img":"https://fd1-photos.leclercdrive.fr/image.ashx?id=2830897&use=l&cat=p&typeid=i","cat":284530},{"id":98475,"n":"Blé soja haricots Céréal Bio  Façon Chili bio -220g","p":1.96,"u":"8,91 €/KG","img":"https://fd1-photos.leclercdrive.fr/image.ashx?id=2575096&use=l&cat=p&typeid=i","cat":287600},{"id":98499,"n":"Saumon fumé Petit Navire Ecosse - 4 tranches - 120g","p":6.71,"u":"55,92 €/KG","img":"https://fd1-photos.leclercdrive.fr/image.ashx?id=2950474&use=l&cat=p&typeid=i","cat":285188},{"id":98630,"n":"Compotes Douceur du Verger Panachées - x16","p":4.16,"u":"0,26 €/P","img":"https://fd1-photos.leclercdrive.fr/image.ashx?id=1693241&use=l&cat=p&typeid=i","cat":284416},{"id":98681,"n":"Porc au caramel Agis Avec riz thaï - 330g","p":4.15,"u":"12,58 €/KG","img":"https://fd1-photos.leclercdrive.fr/image.ashx?id=3008452&use=l&cat=p&typeid=i","cat":333665},{"id":98693,"n":"Masque Pieds Très Hydratant Huile de noix de coco - 1 paire","p":3.03,"img":"https://fd1-photos.leclercdrive.fr/image.ashx?id=3011011&use=l&cat=p&typeid=i","cat":325354},{"id":98703,"n":"Diffuseur Sense & Spray Glade Sea Minerals Magnolia","p":6.94,"u":"Dont 0,02 € d'éco-part.","img":"https://fd1-photos.leclercdrive.fr/image.ashx?id=1649337&use=l&cat=p&typeid=i","cat":311629},{"id":98746,"n":"Mousse Maronsui's La Laitière Crème de marrons - 4x68,8g","p":1.79,"u":"6,51 €/KG","img":"https://fd1-photos.leclercdrive.fr/image.ashx?id=2729755&use=l&cat=p&typeid=i","cat":284417},{"id":98807,"n":"Purée fruit bébé Blédina 6 mois Pomme cerise vanille - 4x100g","p":1.83,"u":"4,58 €/KG","img":"https://fd1-photos.leclercdrive.fr/image.ashx?id=2983024&use=l&cat=p&typeid=i","cat":312388},{"id":98811,"n":"Comprimé antibactérien Polident x36","p":2.34,"u":"0,07 €/P","img":"https://fd1-photos.leclercdrive.fr/image.ashx?id=2303843&use=l&cat=p&typeid=i","cat":285158},{"id":98813,"n":"Dentifrice Parodontax Soin blancheur - 75ml","p":3.62,"u":"48,27 €/L","img":"https://fd1-photos.leclercdrive.fr/image.ashx?id=2606391&use=l&cat=p&typeid=i","cat":284612},{"id":98814,"n":"Dentifrice Parodontax Soin quotidien - 75ml","p":3.62,"u":"48,27 €/L","img":"https://fd1-photos.leclercdrive.fr/image.ashx?id=2606394&use=l&cat=p&typeid=i","cat":284612},{"id":98822,"n":"Purée fruit bébé Blédina 6 mois Pomme kiwi ananas - 4x100g","p":1.75,"u":"4,38 €/KG","img":"https://fd1-photos.leclercdrive.fr/image.ashx?id=2983030&use=l&cat=p&typeid=i","cat":312388},{"id":98828,"n":"Purée fruit bébé Blédina 6 mois Pomme poire mandarine - 4x100g","p":1.62,"u":"4,05 €/KG","img":"https://fd1-photos.leclercdrive.fr/image.ashx?id=2983033&use=l&cat=p&typeid=i","cat":312388},{"id":98831,"n":"Purée fruit bébé Blédina 6 mois Harmonie de fruits - 4x100g","p":1.78,"u":"4,45 €/KG","img":"https://fd1-photos.leclercdrive.fr/image.ashx?id=2983036&use=l&cat=p&typeid=i","cat":312388},{"id":98834,"n":"Purée fruit bébé Blédina 6 mois Pomme mangue passion - 4x100g","p":1.86,"u":"4,65 €/KG","img":"https://fd1-photos.leclercdrive.fr/image.ashx?id=2983039&use=l&cat=p&typeid=i","cat":312388},{"id":98872,"n":"Boisson Thé Glacé FuzeTea Mangue Camomille - 1,25L","p":1.61,"u":"1,29 €/L","img":"https://fd1-photos.leclercdrive.fr/image.ashx?id=2997220&use=l&cat=p&typeid=i","cat":295019},{"id":98875,"n":"Thé glacé Fuze Tea  Pêche Hibiscus - 1,25L","p":1.52,"u":"1,22 €/L","img":"https://fd1-photos.leclercdrive.fr/image.ashx?id=2940393&use=l&cat=p&typeid=i","cat":295019},{"id":98894,"n":"Haché Happy Family Charal 600g","p":9.78,"u":"16,30 €/KG","img":"https://fd1-photos.leclercdrive.fr/image.ashx?id=1919780&use=l&cat=p&typeid=i","cat":284332},{"id":98899,"n":"Pétillant Cava Revesco brut Espagne - 75cl","p":4.95,"u":"6,60 €/L","img":"https://fd1-photos.leclercdrive.fr/image.ashx?id=2019834&use=l&cat=p&typeid=i","cat":289461},{"id":98911,"n":"IGP Pays d'Oc rouge Roche Mazet Les Accords -75cl","p":4.24,"u":"5,65 €/L","img":"https://fd1-photos.leclercdrive.fr/image.ashx?id=2748284&use=l&cat=p&typeid=i","cat":289556},{"id":98933,"n":"AOP Ecrasé de pdt Florette Beurre - 2x200g","p":2.97,"u":"7,43 €/KG","img":"https://fd1-photos.leclercdrive.fr/image.ashx?id=2767699&use=l&cat=p&typeid=i","cat":333665},{"id":98935,"n":"Dentifrice Blancheur Signal  Nature Elements Coco 2x75ml","p":3.97,"u":"26,47 €/L","img":"https://fd1-photos.leclercdrive.fr/image.ashx?id=2338654&use=l&cat=p&typeid=i","cat":284612},{"id":98937,"n":"Gel douche Monsavon Amande très douce - 2x300ml","p":3.47,"u":"5,78 €/L","img":"https://fd1-photos.leclercdrive.fr/image.ashx?id=2614654&use=l&cat=p&typeid=i","cat":284594},{"id":98971,"n":"Sac Multi Mix 500g","p":5.0,"u":"10,00 €/KG","img":"https://fd1-photos.leclercdrive.fr/image.ashx?id=2569803&use=l&cat=p&typeid=i","cat":304250},{"id":99045,"n":"Ravioli bio au blé complet Rana Épinards, Ricotta - 250g","p":3.41,"u":"13,64 €/KG","img":"https://fd1-photos.leclercdrive.fr/image.ashx?id=2439878&use=l&cat=p&typeid=i","cat":333682},{"id":99192,"n":"Nouilles japonaises Tanoshi Saveur crevette Yosenabe -2x65g","p":2.89,"u":"22,23 €/KG","img":"https://fd1-photos.leclercdrive.fr/image.ashx?id=1627155&use=l&cat=p&typeid=i","cat":288992},{"id":99198,"n":"Nouilles japonaises Tanoshi Saveur porc Tonkotsu - 2x65g","p":2.92,"u":"22,46 €/KG","img":"https://fd1-photos.leclercdrive.fr/image.ashx?id=1627161&use=l&cat=p&typeid=i","cat":288992},{"id":99201,"n":"Nouilles japonaises Tanoshi Saveur Curry épice - 2x65g","p":2.71,"u":"20,85 €/KG","img":"https://fd1-photos.leclercdrive.fr/image.ashx?id=2922995&use=l&cat=p&typeid=i","cat":288992},{"id":99207,"n":"Lentilles vertes Lunor 300g","p":2.66,"u":"8,87 €/KG","img":"https://fd1-photos.leclercdrive.fr/image.ashx?id=2295373&use=l&cat=p&typeid=i","cat":284430},{"id":99216,"n":"Beurre Elle&Vire Condé sur Vire Doux - 82% MG - 250g","p":2.99,"u":"11,96 €/KG","img":"https://fd1-photos.leclercdrive.fr/image.ashx?id=2811131&use=l&cat=p&typeid=i","cat":284379},{"id":99248,"n":"Bouillon Kub Or Maggi 32 cubes - 128g","p":1.25,"u":"9,77 €/KG","img":"https://fd1-photos.leclercdrive.fr/image.ashx?id=2692737&use=l&cat=p&typeid=i","cat":288379},{"id":99416,"n":"Gel corps et cheveux Love&Green Bio - 500ml","p":5.54,"u":"11,08 €/L","img":"https://fd1-photos.leclercdrive.fr/image.ashx?id=2735713&use=l&cat=p&typeid=i","cat":284741},{"id":99417,"n":"Lait nettoyant Love & Green Bio Sans parfum - 500ml","p":6.41,"u":"12,82 €/L","img":"https://fd1-photos.leclercdrive.fr/image.ashx?id=2696016&use=l&cat=p&typeid=i","cat":284741},{"id":99418,"n":"Eau nettoyante Love & Green Bio sans parfum - 500ml","p":6.58,"u":"13,16 €/L","img":"https://fd1-photos.leclercdrive.fr/image.ashx?id=2696019&use=l&cat=p&typeid=i","cat":284741},{"id":99489,"n":"Lingettes Pampers Sensitive x80","p":2.98,"u":"0,04 €/P","img":"https://fd1-photos.leclercdrive.fr/image.ashx?id=2956664&use=l&cat=p&typeid=i","cat":284738},{"id":99545,"n":"Mogettes bio Bio VIllage 215g","p":1.73,"u":"8,05 €/KG","img":"https://fd1-photos.leclercdrive.fr/image.ashx?id=3002680&use=l&cat=p&typeid=i","cat":312606},{"id":99547,"n":"Haricots rouge Bio Village Bio - 205g","p":2.3,"u":"11,22 €/KG","img":"https://fd1-photos.leclercdrive.fr/image.ashx?id=1947761&use=l&cat=p&typeid=i","cat":312606},{"id":99553,"n":"Pois chiche Bio VIllage Bio - 215g","p":2.1,"u":"9,77 €/KG","img":"https://fd1-photos.leclercdrive.fr/image.ashx?id=3002683&use=l&cat=p&typeid=i","cat":312609},{"id":99555,"n":"Lentilles Bio Village Bio - 215g","p":2.04,"u":"9,49 €/KG","img":"https://fd1-photos.leclercdrive.fr/image.ashx?id=1947752&use=l&cat=p&typeid=i","cat":312609},{"id":99562,"n":"Haricots verts Eco  Très fins - 440g","p":1.02,"u":"2,32 €/KG","img":"https://fd1-photos.leclercdrive.fr/image.ashx?id=3003723&use=l&cat=p&typeid=i","cat":312606},{"id":99570,"n":"Ratatouille Eco+ 750g","p":1.08,"u":"1,44 €/KG","img":"https://fd1-photos.leclercdrive.fr/image.ashx?id=2703446&use=l&cat=p&typeid=i","cat":312612},{"id":99574,"n":"Poêlée savoyarde  900g","p":4.04,"u":"4,49 €/KG","img":"https://fd1-photos.leclercdrive.fr/image.ashx?id=2478931&use=l&cat=p&typeid=i","cat":319823},{"id":99700,"n":"Cotons Démaquillants Demak'Up Expert - 6x70 disques","p":6.71,"u":"0,02 €/P","img":"https://fd1-photos.leclercdrive.fr/image.ashx?id=2844415&use=l&cat=p&typeid=i","cat":284636},{"id":99703,"n":"Eau micellaire Diadermine Hydratant - 400ml","p":4.39,"u":"10,98 €/L","img":"https://fd1-photos.leclercdrive.fr/image.ashx?id=2549624&use=l&cat=p&typeid=i","cat":284603},{"id":99732,"n":"Knepfle Horvat 1kg","p":3.29,"u":"3,29 €/KG","img":"https://fd1-photos.leclercdrive.fr/image.ashx?id=1664027&use=l&cat=p&typeid=i","cat":333682},{"id":99737,"n":"Masque Multi-Usages Garnier Cheveu sec à très sec - 390ml","p":4.87,"u":"12,49 €/L","img":"https://fd1-photos.leclercdrive.fr/image.ashx?id=2505666&use=l&cat=p&typeid=i","cat":284608},{"id":99900,"n":"Soin amincissant Linéance Profiler nuit + - 180ml","p":11.4,"u":"63,33 €/L","img":"https://fd1-photos.leclercdrive.fr/image.ashx?id=1748813&use=l&cat=p&typeid=i","cat":325350},{"id":99921,"n":"Shampooing Nateis Cheveux gris ou blancs - 250ml","p":1.39,"u":"5,56 €/L","img":"https://fd1-photos.leclercdrive.fr/image.ashx?id=2395820&use=l&cat=p&typeid=i","cat":284606},{"id":99922,"n":"Lait de douche Manava Framboise - 250ml","p":0.94,"u":"3,76 €/L","img":"https://fd1-photos.leclercdrive.fr/image.ashx?id=2618353&use=l&cat=p&typeid=i","cat":284594},{"id":99965,"n":"Biscuit speculoos Lotus Biscoff 750g (6x125g)","p":3.88,"u":"5,17 €/KG","img":"https://fd1-photos.leclercdrive.fr/image.ashx?id=2693818&use=l&cat=p&typeid=i","cat":284487},{"id":99967,"n":"Pois chiches bio Jardin Bio Au naturel - 420g","p":2.5,"u":"5,95 €/KG","img":"https://fd1-photos.leclercdrive.fr/image.ashx?id=2971215&use=l&cat=p&typeid=i","cat":312609},{"id":99973,"n":"Biscuits petit déjeuner Belvita Moelleux fruits rouges - 250g","p":2.62,"u":"10,48 €/KG","img":"https://fd1-photos.leclercdrive.fr/image.ashx?id=3005329&use=l&cat=p&typeid=i","cat":284491},{"id":99975,"n":"Vodka Zubrowka Bison grass - 37.5%vol - 70cl","p":16.45,"u":"23,50 €/L","img":"https://fd1-photos.leclercdrive.fr/image.ashx?id=2879820&use=l&cat=p&typeid=i","cat":284550},{"id":99976,"n":"Biscuit petit déjeuner Belvita Brut - 600g","p":3.62,"u":"6,03 €/KG","img":"https://fd1-photos.leclercdrive.fr/image.ashx?id=2112935&use=l&cat=p&typeid=i","cat":285281},{"id":100244,"n":"Pain complet muesli Bio - 300g","p":2.55,"u":"8,50 €/KG","img":"https://fd1-photos.leclercdrive.fr/image.ashx?id=2753007&use=l&cat=p&typeid=i","cat":325069},{"id":100250,"n":"Yaourt nature sucré Kit-Kat Billes chocolat - 4x115g","p":3.02,"u":"6,57 €/KG","img":"https://fd1-photos.leclercdrive.fr/image.ashx?id=2875954&use=l&cat=p&typeid=i","cat":284414},{"id":100320,"n":"Brosse adhésive 1 pièce","p":2.29,"img":"https://fd1-photos.leclercdrive.fr/image.ashx?id=2840743&use=l&cat=p&typeid=i","cat":284669},{"id":100334,"n":"Gel bain douche Manava Coton macadamia - 500ml","p":1.88,"u":"3,76 €/L","img":"https://fd1-photos.leclercdrive.fr/image.ashx?id=1644734&use=l&cat=p&typeid=i","cat":284594},{"id":100352,"n":"Poudre fondante L'Oréal Paris Accord Parfait 2R Vanille rosé","p":12.44,"img":"https://fd1-photos.leclercdrive.fr/image.ashx?id=2395547&use=l&cat=p&typeid=i","cat":287029},{"id":100356,"n":"Crayon Yeux Maybelline Effet Tatouage 900 Deep Onyx","p":6.21,"pp":4.1,"img":"https://fd1-photos.leclercdrive.fr/image.ashx?id=2904865&use=l&cat=p&typeid=i","cat":287029},{"id":100539,"n":"petits suisses aux fruits bio les 2 vaches - 6x50g","p":1.99,"u":"6,63 €/KG","img":"https://fd1-photos.leclercdrive.fr/image.ashx?id=2584807&use=l&cat=p&typeid=i","cat":284414},{"id":100590,"n":"Jardinière légume Bio Village Bio - 420g","p":3.98,"u":"9,48 €/KG","img":"https://fd1-photos.leclercdrive.fr/image.ashx?id=2302985&use=l&cat=p&typeid=i","cat":312612},{"id":100594,"n":"Petit pois carotte Bio Village Bio - 215g","p":1.62,"u":"7,53 €/KG","img":"https://fd1-photos.leclercdrive.fr/image.ashx?id=3002692&use=l&cat=p&typeid=i","cat":312607},{"id":100595,"n":"Papier toilette Uni Vert Blanc 3 plis recyclés - x6","p":2.34,"u":"0,39 €/P","img":"https://fd1-photos.leclercdrive.fr/image.ashx?id=2571938&use=l&cat=p&typeid=i","cat":284634},{"id":100596,"n":"Petits pois fins Bio Village Bio - 230g","p":1.81,"u":"7,87 €/KG","img":"https://fd1-photos.leclercdrive.fr/image.ashx?id=3002689&use=l&cat=p&typeid=i","cat":312607},{"id":100604,"n":"Pur jus Bio Village Pomme mangue Bio - 1L","p":3.75,"u":"3,75 €/L","img":"https://fd1-photos.leclercdrive.fr/image.ashx?id=2901551&use=l&cat=p&typeid=i","cat":284917},{"id":100618,"n":"Pur jus Bio Village Bio Pomme poire - 1L","p":4.17,"u":"4,17 €/L","img":"https://fd1-photos.leclercdrive.fr/image.ashx?id=2901554&use=l&cat=p&typeid=i","cat":284522},{"id":100670,"n":"Nectar Cidou Pomme douce - 1.75L","p":2.2,"u":"1,26 €/L","img":"https://fd1-photos.leclercdrive.fr/image.ashx?id=2342505&use=l&cat=p&typeid=i","cat":284522},{"id":100673,"n":"Soda Coca-Cola sans sucres Bouteilles - 6x1L","p":7.8,"u":"1,30 €/L","img":"https://fd1-photos.leclercdrive.fr/image.ashx?id=2178352&use=l&cat=p&typeid=i","cat":284530},{"id":100725,"n":"Pain de mie La Boulangère Toastiligne Aux céréales - 500g","p":1.58,"u":"3,16 €/KG","img":"https://fd1-photos.leclercdrive.fr/image.ashx?id=2912401&use=l&cat=p&typeid=i","cat":284477},{"id":100756,"n":"Nettoyant multi-usages Rainett Ecolabel citron vert - 1L","p":1.92,"u":"1,92 €/L","img":"https://fd1-photos.leclercdrive.fr/image.ashx?id=2312218&use=l&cat=p&typeid=i","cat":284907},{"id":100792,"n":"Wraps Old El Paso de blé complet x6 - 350g","p":2.92,"u":"8,34 €/KG","img":"https://fd1-photos.leclercdrive.fr/image.ashx?id=2940573&use=l&cat=p&typeid=i","cat":288993},{"id":100979,"n":"Chocolat au lait Lindt Création Le Rocher lait - 150g","p":3.08,"u":"20,53 €/KG","img":"https://fd1-photos.leclercdrive.fr/image.ashx?id=2685805&use=l&cat=p&typeid=i","cat":284497},{"id":100981,"n":"Courgettes Cuisinées Cassegrain à la Provençale 375g","p":3.02,"u":"8,05 €/KG","img":"https://fd1-photos.leclercdrive.fr/image.ashx?id=2977951&use=l&cat=p&typeid=i","cat":312612},{"id":100989,"n":"Céréales Trésor de Kellogg's Choco Roulette - 620g","p":4.59,"u":"7,40 €/KG","img":"https://fd1-photos.leclercdrive.fr/image.ashx?id=2598337&use=l&cat=p&typeid=i","cat":309513},{"id":100991,"n":"Céréales Trésor de Kellogg's Chocolat Noisettes - 410g","p":2.91,"u":"7,10 €/KG","img":"https://fd1-photos.leclercdrive.fr/image.ashx?id=2584238&use=l&cat=p&typeid=i","cat":309513},{"id":101047,"n":"Croquettes chat Ultima  Nature Poulet - 1.25kg","p":6.98,"u":"5,58 €/KG","img":"https://fd1-photos.leclercdrive.fr/image.ashx?id=2569959&use=l&cat=p&typeid=i","cat":284680},{"id":101050,"n":"Croquette chat stérilisé Ultima  Nature - Saumon - 1.25kg","p":7.17,"u":"5,74 €/KG","img":"https://fd1-photos.leclercdrive.fr/image.ashx?id=2569962&use=l&cat=p&typeid=i","cat":284680},{"id":101056,"n":"Adoucissant concentré Hyperdou Rosée du matin - 750ml","p":1.99,"u":"2,65 €/L","img":"https://fd1-photos.leclercdrive.fr/image.ashx?id=2602910&use=l&cat=p&typeid=i","cat":284650},{"id":101058,"n":"Adoucissant concentré Hyperdou Passion tropicale - 750ml","p":1.99,"u":"2,65 €/L","img":"https://fd1-photos.leclercdrive.fr/image.ashx?id=2683565&use=l&cat=p&typeid=i","cat":284650},{"id":101080,"n":"Pot crème glacée Ben& Jerry's Cookie/Brownie 4 x 100ml","p":5.83,"u":"14,58 €/L","img":"https://fd1-photos.leclercdrive.fr/image.ashx?id=2657012&use=l&cat=p&typeid=i","cat":284725},{"id":101126,"n":"Bière blonde Grimbergen Pale Ale 5,5° - 6x25cl","p":5.62,"u":"3,75 €/L","img":"https://fd1-photos.leclercdrive.fr/image.ashx?id=2312801&use=l&cat=p&typeid=i","cat":334852},{"id":101231,"n":"Le Gourmand Garden Gourmet Soja, Poivre et Persil 160g","p":2.49,"u":"15,56 €/KG","img":"https://fd1-photos.leclercdrive.fr/image.ashx?id=2988683&use=l&cat=p&typeid=i","cat":316036},{"id":101288,"n":"Mousse végétal Andros Chocolat - 4x55g","p":3.09,"u":"14,05 €/KG","img":"https://fd1-photos.leclercdrive.fr/image.ashx?id=2963433&use=l&cat=p&typeid=i","cat":316071},{"id":101290,"n":"Compotée Bonne Maman Fraise/Famboise/Sureau - 260g","p":2.79,"u":"10,73 €/KG","img":"https://fd1-photos.leclercdrive.fr/image.ashx?id=2874033&use=l&cat=p&typeid=i","cat":284416},{"id":101317,"n":"Assiettes plates kraft Homeside 18cm - x50","p":3.01,"u":"0,06 €/P","img":"https://fd1-photos.leclercdrive.fr/image.ashx?id=1660522&use=l&cat=p&typeid=i","cat":334134},{"id":101324,"n":"Assiettes plates kraft Homeside 23cm - x50","p":3.64,"u":"0,07 €/P","img":"https://fd1-photos.leclercdrive.fr/image.ashx?id=1660519&use=l&cat=p&typeid=i","cat":334134},{"id":101327,"n":"Yaourt à boire actimel nature 0%mg - 12x100g","p":4.7,"u":"3,92 €/KG","img":"https://fd1-photos.leclercdrive.fr/image.ashx?id=2996479&use=l&cat=p&typeid=i","cat":284415},{"id":101348,"n":"Barres Chocolatées KINDER BUENO  Chocolat au Lait x12 - 516g","p":8.6,"u":"16,67 €/KG","img":"https://fd1-photos.leclercdrive.fr/image.ashx?id=2402946&use=l&cat=p&typeid=i","cat":284498},{"id":101349,"n":"Crème dessert Danette Vanille - 6x125g","p":1.95,"u":"2,60 €/KG","img":"https://fd1-photos.leclercdrive.fr/image.ashx?id=2923498&use=l&cat=p&typeid=i","cat":285041},{"id":101350,"n":"liégeois vanille danette - 4x100g","p":1.52,"u":"3,80 €/KG","img":"https://fd1-photos.leclercdrive.fr/image.ashx?id=2907848&use=l&cat=p&typeid=i","cat":285042},{"id":101352,"n":"Crème dessert Danette  Chocolat - 6x125g","p":1.9,"u":"2,53 €/KG","img":"https://fd1-photos.leclercdrive.fr/image.ashx?id=2915395&use=l&cat=p&typeid=i","cat":285041},{"id":101367,"n":"Tomates concassées Alro 400g","p":1.25,"u":"5,21 €/KG","img":"https://fd1-photos.leclercdrive.fr/image.ashx?id=2994536&use=l&cat=p&typeid=i","cat":289010},{"id":101415,"n":"Couteaux en bois Homeside x20","p":1.38,"u":"0,07 €/P","img":"https://fd1-photos.leclercdrive.fr/image.ashx?id=1663736&use=l&cat=p&typeid=i","cat":334134},{"id":101416,"n":"Fourchettes en bois Homeside x20","p":1.38,"u":"0,07 €/P","img":"https://fd1-photos.leclercdrive.fr/image.ashx?id=1663733&use=l&cat=p&typeid=i","cat":334134},{"id":101418,"n":"Cuillères en bois Homeside x20","p":1.38,"u":"0,07 €/P","img":"https://fd1-photos.leclercdrive.fr/image.ashx?id=1663730&use=l&cat=p&typeid=i","cat":334134},{"id":101421,"n":"Coupelle réutilisable Homeside Turquoise - x4","p":0.99,"u":"0,25 €/P","img":"https://fd1-photos.leclercdrive.fr/image.ashx?id=1660501&use=l&cat=p&typeid=i","cat":334134},{"id":101432,"n":"Plateaux dorés 34cm - x2","p":3.42,"u":"1,71 €/P","img":"https://fd1-photos.leclercdrive.fr/image.ashx?id=2940549&use=l&cat=p&typeid=i","cat":334134},{"id":101456,"n":"Barres Chocolatées KINDER Maxi Chocolat au Lait x18 - 378g","p":5.27,"u":"13,94 €/KG","img":"https://fd1-photos.leclercdrive.fr/image.ashx?id=2673854&use=l&cat=p&typeid=i","cat":284498},{"id":101460,"n":"Ménagère réutillisable Homeside rouge - 18 couverts","p":2.9,"u":"0,16 €/P","img":"https://fd1-photos.leclercdrive.fr/image.ashx?id=1660498&use=l&cat=p&typeid=i","cat":334134},{"id":101461,"n":"Pâtes Collezione Barilla Fusilli Bucati Corti - 500g","p":1.48,"u":"2,96 €/KG","img":"https://fd1-photos.leclercdrive.fr/image.ashx?id=2991003&use=l&cat=p&typeid=i","cat":284427},{"id":101473,"n":"Petit Pois, Carotte Cassegrain Tendre et Fondant 265g","p":1.88,"u":"7,09 €/KG","img":"https://fd1-photos.leclercdrive.fr/image.ashx?id=2951692&use=l&cat=p&typeid=i","cat":312607},{"id":101480,"n":"Filets de thon Saupiquet Au citron - 115g","p":2.38,"u":"20,70 €/KG","img":"https://fd1-photos.leclercdrive.fr/image.ashx?id=2846370&use=l&cat=p&typeid=i","cat":303867},{"id":101483,"n":"Tablette chocolat Côte d'Or Chocolat noir 70% - 100g","p":1.84,"u":"18,40 €/KG","img":"https://fd1-photos.leclercdrive.fr/image.ashx?id=2985591&use=l&cat=p&typeid=i","cat":284956},{"id":101502,"n":"Crème dessert Danette Vanille - 4x125g","p":1.56,"u":"3,12 €/KG","img":"https://fd1-photos.leclercdrive.fr/image.ashx?id=2029487&use=l&cat=p&typeid=i","cat":285041},{"id":101505,"n":"Jus de pruneaux Bio Village Bio - 1L","p":3.99,"u":"3,99 €/L","img":"https://fd1-photos.leclercdrive.fr/image.ashx?id=2901560&use=l&cat=p&typeid=i","cat":284915},{"id":101506,"n":"Boisson Cranberry  Bio Village   Bio - 1L","p":3.55,"u":"3,55 €/L","img":"https://fd1-photos.leclercdrive.fr/image.ashx?id=2958774&use=l&cat=p&typeid=i","cat":284915},{"id":101580,"n":"Banane Bio Max Havelaar  Bio Village x5","p":1.99,"u":"0,40 €/P","img":"https://fd1-photos.leclercdrive.fr/image.ashx?id=2323988&use=l&cat=p&typeid=i","cat":284356},{"id":101629,"n":"Pur jus clémentine Bio Village Bio - 1L","p":2.99,"u":"2,99 €/L","img":"https://fd1-photos.leclercdrive.fr/image.ashx?id=2901548&use=l&cat=p&typeid=i","cat":284915},{"id":101666,"n":"Flacon doseur 0,5L","p":1.95,"u":"3,90 €/L","img":"https://fd1-photos.leclercdrive.fr/image.ashx?id=2864885&use=l&cat=p&typeid=i","cat":334135},{"id":101667,"n":"Soupe liquide Bio Liebig  Mouliné de Légumes Verts - 1L","p":2.83,"u":"2,83 €/L","img":"https://fd1-photos.leclercdrive.fr/image.ashx?id=2643686&use=l&cat=p&typeid=i","cat":284462},{"id":101680,"n":"Goûter Bio Village Pépites de Chocolat Bio - 150g","p":2.09,"u":"13,93 €/KG","img":"https://fd1-photos.leclercdrive.fr/image.ashx?id=2783443&use=l&cat=p&typeid=i","cat":284495},{"id":101688,"n":"Gel concentré vaisselle UniVert Citron - 685ml","p":5.13,"u":"7,49 €/L","img":"https://fd1-photos.leclercdrive.fr/image.ashx?id=2903965&use=l&cat=p&typeid=i","cat":284655},{"id":101696,"n":"crème dessert caramel danette - 4x125g","p":1.55,"u":"3,10 €/KG","img":"https://fd1-photos.leclercdrive.fr/image.ashx?id=2926236&use=l&cat=p&typeid=i","cat":285041},{"id":101697,"n":"crème dessert chocolat noisette danette - 4x125g","p":1.63,"u":"3,26 €/KG","img":"https://fd1-photos.leclercdrive.fr/image.ashx?id=2902630&use=l&cat=p&typeid=i","cat":285041},{"id":101699,"n":"crème dessert pistache danette - 4x125g","p":1.69,"u":"3,38 €/KG","img":"https://fd1-photos.leclercdrive.fr/image.ashx?id=1984885&use=l&cat=p&typeid=i","cat":285041},{"id":101701,"n":"crème dessert chocolat caramel vanille danette - 12x115g","p":3.49,"u":"2,53 €/KG","img":"https://fd1-photos.leclercdrive.fr/image.ashx?id=2949844&use=l&cat=p&typeid=i","cat":285041},{"id":101702,"n":"Crème dessert Danette Caramel - 6x125g","p":2.35,"u":"3,13 €/KG","img":"https://fd1-photos.leclercdrive.fr/image.ashx?id=2915398&use=l&cat=p&typeid=i","cat":285041},{"id":101707,"n":"crème dessert chocolat danette - 4x125g","p":1.56,"u":"3,12 €/KG","img":"https://fd1-photos.leclercdrive.fr/image.ashx?id=2927291&use=l&cat=p&typeid=i","cat":285041},{"id":101708,"n":"liégeois chocolat danette - 8x100g","p":3.02,"u":"3,78 €/KG","img":"https://fd1-photos.leclercdrive.fr/image.ashx?id=1984897&use=l&cat=p&typeid=i","cat":285042},{"id":101709,"n":"liégeois chocolat vanille danette - 8x100g","p":2.97,"u":"3,71 €/KG","img":"https://fd1-photos.leclercdrive.fr/image.ashx?id=2926245&use=l&cat=p&typeid=i","cat":285042},{"id":101710,"n":"crème dessert chocolat noir danette - 4x125g","p":1.66,"u":"3,32 €/KG","img":"https://fd1-photos.leclercdrive.fr/image.ashx?id=2927294&use=l&cat=p&typeid=i","cat":285041},{"id":101711,"n":"Crème dessert Danette Chocolat Vanille - 12x115g","p":3.66,"u":"2,65 €/KG","img":"https://fd1-photos.leclercdrive.fr/image.ashx?id=2228528&use=l&cat=p&typeid=i","cat":285041},{"id":101715,"n":"Petit beurre Michel et Augustin Comté poivre noir - 100g","p":2.94,"u":"29,40 €/KG","img":"https://fd1-photos.leclercdrive.fr/image.ashx?id=2108975&use=l&cat=p&typeid=i","cat":297000},{"id":101716,"n":"Petit beurre Michel et Augustin Roquefort graine pavot - 100g","p":2.74,"u":"27,40 €/KG","img":"https://fd1-photos.leclercdrive.fr/image.ashx?id=2108978&use=l&cat=p&typeid=i","cat":297000},{"id":101720,"n":"Sablé Michel et Augustin AOP Brebis tomate piment - 100g","p":2.77,"u":"27,70 €/KG","img":"https://fd1-photos.leclercdrive.fr/image.ashx?id=2108984&use=l&cat=p&typeid=i","cat":297000},{"id":101722,"n":"Sablé cantal Michel et Augustin Noix de muscade - 100g","p":3.02,"u":"30,20 €/KG","img":"https://fd1-photos.leclercdrive.fr/image.ashx?id=2108993&use=l&cat=p&typeid=i","cat":297000},{"id":101723,"n":"Petit beurre Michel et Augustin Chèvre AOP sarriete - 100g","p":2.79,"u":"27,90 €/KG","img":"https://fd1-photos.leclercdrive.fr/image.ashx?id=2108996&use=l&cat=p&typeid=i","cat":297000},{"id":101762,"n":"Noix de St Jacques Eco+ Sans corail - MSC - 300g","p":6.87,"u":"22,90 €/KG","img":"https://fd1-photos.leclercdrive.fr/image.ashx?id=2790868&use=l&cat=p&typeid=i","cat":319787},{"id":101837,"n":"Pastilles anti-calcaire Texil x48","p":4.6,"u":"0,10 €/P","img":"https://fd1-photos.leclercdrive.fr/image.ashx?id=2964583&use=l&cat=p&typeid=i","cat":284653},{"id":101850,"n":"Litière agglomérante Catsan  Active fresh pour chat - 5L","p":6.09,"u":"1,22 €/L","img":"https://fd1-photos.leclercdrive.fr/image.ashx?id=2681928&use=l&cat=p&typeid=i","cat":284683},{"id":101884,"n":"Moule 9 muffins En silicone renforcé x1","p":7.5,"img":"https://fd1-photos.leclercdrive.fr/image.ashx?id=1943295&use=l&cat=p&typeid=i","cat":298490},{"id":101887,"n":"Moule à cake en silicone renforcé - 24cm -x1","p":7.5,"img":"https://fd1-photos.leclercdrive.fr/image.ashx?id=1864536&use=l&cat=p&typeid=i","cat":298490},{"id":102006,"n":"Gel bain douche Manava Pamplemousse raisin blanc-500ml","p":2.37,"u":"4,74 €/L","img":"https://fd1-photos.leclercdrive.fr/image.ashx?id=2652870&use=l&cat=p&typeid=i","cat":284594},{"id":102007,"n":"Gel douche Manava Gommant - 250ml","p":1.3,"u":"5,20 €/L","img":"https://fd1-photos.leclercdrive.fr/image.ashx?id=2805042&use=l&cat=p&typeid=i","cat":284594},{"id":102008,"n":"Gel douche Manava Sans savon - 500ml","p":1.82,"u":"3,64 €/L","img":"https://fd1-photos.leclercdrive.fr/image.ashx?id=2741303&use=l&cat=p&typeid=i","cat":284594},{"id":102012,"n":"Déodorant bille bio So Bio Etic Tous types de peau - 50ml","p":4.53,"u":"90,60 €/L","img":"https://fd1-photos.leclercdrive.fr/image.ashx?id=2986606&use=l&cat=p&typeid=i","cat":284595},{"id":102068,"n":"Poudre détachante - 500g Spéciale textiles - UNI VERT","p":3.99,"u":"7,98 €/KG","img":"https://fd1-photos.leclercdrive.fr/image.ashx?id=2216963&use=l&cat=p&typeid=i","cat":284651},{"id":102077,"n":"Champignons de Paris bruns bio Bio Village - Barquette 200g","p":2.49,"u":"12,45 €/KG","img":"https://fd1-photos.leclercdrive.fr/image.ashx?id=2960559&use=l&cat=p&typeid=i","cat":284352},{"id":102078,"n":"Tagliatelles Côté Table Poulet & champignons - 300g","p":2.79,"u":"9,30 €/KG","img":"https://fd1-photos.leclercdrive.fr/image.ashx?id=2893568&use=l&cat=p&typeid=i","cat":333665},{"id":102079,"n":"Spaghetti Côté Table Bolognaise - 300g","p":3.2,"u":"10,67 €/KG","img":"https://fd1-photos.leclercdrive.fr/image.ashx?id=2846562&use=l&cat=p&typeid=i","cat":333665},{"id":102082,"n":"Poulet et risotto Côté Table Champignons - 280g","p":2.59,"u":"9,25 €/KG","img":"https://fd1-photos.leclercdrive.fr/image.ashx?id=2816145&use=l&cat=p&typeid=i","cat":333665},{"id":102094,"n":"Tablette de chocolat noir Lindt Noir : 78% cacao - 2x100g","p":4.84,"u":"24,20 €/KG","img":"https://fd1-photos.leclercdrive.fr/image.ashx?id=2214744&use=l&cat=p&typeid=i","cat":284956},{"id":102103,"n":"Eau gazeuse St Yorre 6x1,15L","p":2.94,"u":"0,43 €/L","img":"https://fd1-photos.leclercdrive.fr/image.ashx?id=2877730&use=l&cat=p&typeid=i","cat":284536},{"id":102104,"n":"Eau Aromatisée Vittel Aro bio Citron - 1L","p":1.22,"u":"1,22 €/L","img":"https://fd1-photos.leclercdrive.fr/image.ashx?id=2737093&use=l&cat=p&typeid=i","cat":284537},{"id":102139,"n":"Spray vaporisateur 500ml Plastique - 1 pièce","p":1.9,"img":"https://fd1-photos.leclercdrive.fr/image.ashx?id=2884519&use=l&cat=p&typeid=i","cat":334135},{"id":102163,"n":"Fleurs de Miel - Bio 250g Bergamote & Orange Douce","p":7.18,"u":"28,72 €/KG","img":"https://fd1-photos.leclercdrive.fr/image.ashx?id=1667674&use=l&cat=p&typeid=i","cat":287643},{"id":102211,"n":"Boule à thé acier inoxydable Feuille silicone M24","p":2.8,"img":"https://fd1-photos.leclercdrive.fr/image.ashx?id=2022897&use=l&cat=p&typeid=i","cat":334135},{"id":102226,"n":"Classic Fresh Container 1L Set de 3 pièces","p":3.5,"img":"https://fd1-photos.leclercdrive.fr/image.ashx?id=1752760&use=l&cat=p&typeid=i","cat":284710},{"id":102254,"n":"Riz à la provençale Bonduelle Au thon et au basilic - 500g","p":3.18,"u":"6,36 €/KG","img":"https://fd1-photos.leclercdrive.fr/image.ashx?id=2894170&use=l&cat=p&typeid=i","cat":333657},{"id":102327,"n":"Eau gazeuse aromatisée Carola  Mirabelle - 1.25L","p":1.09,"u":"0,87 €/L","img":"https://fd1-photos.leclercdrive.fr/image.ashx?id=2660775&use=l&cat=p&typeid=i","cat":284536},{"id":102328,"n":"Eau gazeuse Carola  Framboise - 1.25L","p":1.09,"u":"0,87 €/L","img":"https://fd1-photos.leclercdrive.fr/image.ashx?id=2660769&use=l&cat=p&typeid=i","cat":284536},{"id":102329,"n":"Eau gazeuse Carola  Pêche blanche - 1.25L","p":1.09,"u":"0,87 €/L","img":"https://fd1-photos.leclercdrive.fr/image.ashx?id=2660772&use=l&cat=p&typeid=i","cat":284536},{"id":102336,"n":"Muesli croustillant chocolat  bio Terres et Céréales - 500g","p":4.04,"u":"8,08 €/KG","img":"https://fd1-photos.leclercdrive.fr/image.ashx?id=2802440&use=l&cat=p&typeid=i","cat":309512},{"id":102374,"n":"Bière sans alcool Tourtel Twist Cerise 0,0° - 6x27,5cl","p":4.62,"u":"2,80 €/L","img":"https://fd1-photos.leclercdrive.fr/image.ashx?id=2688803&use=l&cat=p&typeid=i","cat":334877},{"id":102412,"n":"Kidibul Pomme  75cl","p":2.89,"pp":1.91,"u":"2,55 €/L","img":"https://fd1-photos.leclercdrive.fr/image.ashx?id=2766066&use=l&cat=p&typeid=i","cat":289460},{"id":102413,"n":"Kidibul Pomme Fraise 75cl","p":2.89,"pp":1.91,"u":"2,55 €/L","img":"https://fd1-photos.leclercdrive.fr/image.ashx?id=2769149&use=l&cat=p&typeid=i","cat":289460},{"id":102446,"n":"Chocolat noir Bio Ethiquable Amande - 100g","p":2.99,"u":"29,90 €/KG","img":"https://fd1-photos.leclercdrive.fr/image.ashx?id=2870944&use=l&cat=p&typeid=i","cat":284956},{"id":102452,"n":"Chocolat au lait 50% cacao bio  50% Madagascar - 100g","p":3.15,"u":"31,50 €/KG","img":"https://fd1-photos.leclercdrive.fr/image.ashx?id=2870905&use=l&cat=p&typeid=i","cat":284497},{"id":102480,"n":"Petits Suisses Gervais 9,5%MG - 12x60g","p":2.45,"u":"3,40 €/KG","img":"https://fd1-photos.leclercdrive.fr/image.ashx?id=2230381&use=l&cat=p&typeid=i","cat":284409},{"id":102589,"n":"Chocolat Sensation fruit Lindt Framboise/Cranberry - 160g","p":3.48,"u":"21,75 €/KG","img":"https://fd1-photos.leclercdrive.fr/image.ashx?id=2208954&use=l&cat=p&typeid=i","cat":304238},{"id":102594,"n":"Moules cuisinées marinière Angulas - 900g","p":10.76,"u":"11,96 €/KG","img":"https://fd1-photos.leclercdrive.fr/image.ashx?id=2828943&use=l&cat=p&typeid=i","cat":285340},{"id":102660,"n":"DOC Prosecco blanc Vilaveroni Bio - 75cl","p":9.05,"u":"12,07 €/L","img":"https://fd1-photos.leclercdrive.fr/image.ashx?id=2504236&use=l&cat=p&typeid=i","cat":289461},{"id":102667,"n":"Haricots verts D'Aucy Extra fin - 58cl - 280g","p":2.95,"u":"10,54 €/KG","img":"https://fd1-photos.leclercdrive.fr/image.ashx?id=2110005&use=l&cat=p&typeid=i","cat":312606},{"id":102669,"n":"Capsules café L'Or Espresso Or Rose N°7 x10","p":3.68,"u":"70,77 €/KG","img":"https://fd1-photos.leclercdrive.fr/image.ashx?id=2100290&use=l&cat=p&typeid=i","cat":284749},{"id":102676,"n":"Capsules café L'Or Barista Double Espresso N°7 x10","p":4.96,"u":"47,69 €/KG","img":"https://fd1-photos.leclercdrive.fr/image.ashx?id=1742978&use=l&cat=p&typeid=i","cat":284749},{"id":102686,"n":"Capsules café L'Or Barista Double Espresso N°11 x10","p":5.62,"u":"54,04 €/KG","img":"https://fd1-photos.leclercdrive.fr/image.ashx?id=2857908&use=l&cat=p&typeid=i","cat":284749},{"id":102695,"n":"Friandises chien Pedigree Ranchos original bœuf - 70g","p":2.52,"u":"36,00 €/KG","img":"https://fd1-photos.leclercdrive.fr/image.ashx?id=2897279&use=l&cat=p&typeid=i","cat":294527},{"id":102699,"n":"Billes chocolatées Lindt Crispy céréales soufflées - 140g","p":2.69,"u":"19,21 €/KG","img":"https://fd1-photos.leclercdrive.fr/image.ashx?id=2425083&use=l&cat=p&typeid=i","cat":304238},{"id":102819,"n":"Panaché Falsbourg Grenadine <0,5% - 20x25cl","p":5.99,"u":"1,20 €/L","img":"https://fd1-photos.leclercdrive.fr/image.ashx?id=2637964&use=l&cat=p&typeid=i","cat":334877},{"id":102824,"n":"Filet Copains Copines Pièces d'Or Chocolat - 100g","p":1.59,"u":"15,90 €/KG","img":"https://fd1-photos.leclercdrive.fr/image.ashx?id=2814438&use=l&cat=p&typeid=i","cat":327592},{"id":102829,"n":"Bandeaux Copains Copines Colorés - 200g","p":1.13,"u":"5,65 €/KG","img":"https://fd1-photos.leclercdrive.fr/image.ashx?id=2934745&use=l&cat=p&typeid=i","cat":304250},{"id":102834,"n":"Fils Copains Copines Colorés - 200g","p":1.09,"u":"5,45 €/KG","img":"https://fd1-photos.leclercdrive.fr/image.ashx?id=2934748&use=l&cat=p&typeid=i","cat":304250},{"id":102977,"n":"Bâtonnets Chocolat au lait Chaque jour sans gluten - 125g","p":3.88,"u":"31,04 €/KG","img":"https://fd1-photos.leclercdrive.fr/image.ashx?id=2419885&use=l&cat=p&typeid=i","cat":318654},{"id":102980,"n":"Chips ondulées nature Lay's Sel - 120g","p":1.75,"u":"14,58 €/KG","img":"https://fd1-photos.leclercdrive.fr/image.ashx?id=2788505&use=l&cat=p&typeid=i","cat":284447},{"id":103027,"n":"AOC Bordeaux Supérieur rouge Haussmann Baron Eugène - 75cl","p":5.1,"pp":3.57,"u":"4,76 €/L","img":"https://fd1-photos.leclercdrive.fr/image.ashx?id=1663474&use=l&cat=p&typeid=i","cat":289556},{"id":103032,"n":"Baguette viennoise  La Boulangère - x6 - 510g","p":2.3,"pp":1.61,"u":"3,16 €/KG","img":"https://fd1-photos.leclercdrive.fr/image.ashx?id=2912413&use=l&cat=p&typeid=i","cat":284985},{"id":103036,"n":"Pâte brisée Marie Pur beurre - 230g","p":1.41,"u":"6,13 €/KG","img":"https://fd1-photos.leclercdrive.fr/image.ashx?id=2318540&use=l&cat=p&typeid=i","cat":333681},{"id":103047,"n":"Nutella Biscuit pâte à tartiner Cacao Noisettes - 304g","p":3.02,"u":"9,93 €/KG","img":"https://fd1-photos.leclercdrive.fr/image.ashx?id=2896432&use=l&cat=p&typeid=i","cat":284488},{"id":103063,"n":"Paille Pik Haribo Sachet bonbons acidulés - 180g","p":1.85,"u":"10,28 €/KG","img":"https://fd1-photos.leclercdrive.fr/image.ashx?id=2984922&use=l&cat=p&typeid=i","cat":304250},{"id":103078,"n":"Cocobat Haribo Sachet bonbons réglisse - 300g","p":1.85,"u":"6,17 €/KG","img":"https://fd1-photos.leclercdrive.fr/image.ashx?id=2805231&use=l&cat=p&typeid=i","cat":304250},{"id":103094,"n":"Crème légère semi épaisse  Bridélice 18%mg - 2x25cl","p":2.84,"u":"5,68 €/L","img":"https://fd1-photos.leclercdrive.fr/image.ashx?id=2806156&use=l&cat=p&typeid=i","cat":284381},{"id":103104,"n":"Crème entière 30% Président 2x25cl","p":3.63,"u":"7,26 €/L","img":"https://fd1-photos.leclercdrive.fr/image.ashx?id=2973577&use=l&cat=p&typeid=i","cat":284381},{"id":103131,"n":"Boisson lactée Danao Pêche Abricot - 1.35L","p":3.83,"u":"2,84 €/L","img":"https://fd1-photos.leclercdrive.fr/image.ashx?id=2638319&use=l&cat=p&typeid=i","cat":285435},{"id":103133,"n":"Boisson lactée Danao Orange Mangue - 900ml","p":2.66,"u":"2,96 €/L","img":"https://fd1-photos.leclercdrive.fr/image.ashx?id=2637219&use=l&cat=p&typeid=i","cat":285435},{"id":103134,"n":"Boisson lactée Danao Fraise - 900ml","p":2.62,"u":"2,91 €/L","img":"https://fd1-photos.leclercdrive.fr/image.ashx?id=2108483&use=l&cat=p&typeid=i","cat":285435},{"id":103157,"n":"Rissolées Pom Bistro à la Graisse de Canard - 500g","p":3.6,"u":"7,20 €/KG","img":"https://fd1-photos.leclercdrive.fr/image.ashx?id=2866430&use=l&cat=p&typeid=i","cat":319792},{"id":103158,"n":"Tartine Grilletine de Pasquier Sans sucre ajouté - x18 - 255g","p":2.09,"u":"8,20 €/KG","img":"https://fd1-photos.leclercdrive.fr/image.ashx?id=2333057&use=l&cat=p&typeid=i","cat":284479},{"id":103183,"n":"Bières blonde Desperados Lime - 6x33cl","p":8.57,"u":"4,33 €/L","img":"https://fd1-photos.leclercdrive.fr/image.ashx?id=2638163&use=l&cat=p&typeid=i","cat":334878},{"id":103184,"n":"IGP Cidre doux Val de Rance De Dégustation Bretagne - 75cl","p":2.66,"u":"3,55 €/L","img":"https://fd1-photos.leclercdrive.fr/image.ashx?id=2020722&use=l&cat=p&typeid=i","cat":334880},{"id":103185,"n":"Eau minérale naturelle Volvic fontaine - 8L","p":2.84,"u":"0,36 €/L","img":"https://fd1-photos.leclercdrive.fr/image.ashx?id=2771675&use=l&cat=p&typeid=i","cat":284535},{"id":103189,"n":"IGP Cidre Brut Val de Rance De dégustation Bretagne 75cl","p":2.7,"u":"3,60 €/L","img":"https://fd1-photos.leclercdrive.fr/image.ashx?id=2020719&use=l&cat=p&typeid=i","cat":334880},{"id":103191,"n":"Bière sans alcool Tourtel Twist Pêche 0,0° - 6x27,5cl","p":4.04,"u":"2,45 €/L","img":"https://fd1-photos.leclercdrive.fr/image.ashx?id=2896564&use=l&cat=p&typeid=i","cat":334877},{"id":103196,"n":"Boisson Citronnade Jafaden Citron vert - 1.5L","p":1.56,"u":"1,04 €/L","img":"https://fd1-photos.leclercdrive.fr/image.ashx?id=2664581&use=l&cat=p&typeid=i","cat":295018},{"id":103197,"n":"Boisson thé infusé Fresh Tea Passion - 1L","p":0.99,"u":"0,99 €/L","img":"https://fd1-photos.leclercdrive.fr/image.ashx?id=2622278&use=l&cat=p&typeid=i","cat":295019},{"id":103207,"n":"Noix de Cajou grillées Non salées - 175g","p":4.23,"u":"24,17 €/KG","img":"https://fd1-photos.leclercdrive.fr/image.ashx?id=2298541&use=l&cat=p&typeid=i","cat":316002},{"id":103269,"n":"Gaufres fourrées Lotus Coeur fondant vanille - 310g","p":2.97,"u":"9,58 €/KG","img":"https://fd1-photos.leclercdrive.fr/image.ashx?id=2695890&use=l&cat=p&typeid=i","cat":294777},{"id":103281,"n":"Bière Blonde Jade sans alcool Bio - 6x25cl","p":5.54,"u":"3,69 €/L","img":"https://fd1-photos.leclercdrive.fr/image.ashx?id=2970978&use=l&cat=p&typeid=i","cat":334877},{"id":103283,"n":"IGP Cidre Bio Val de Rance Brut - 75cl","p":2.81,"u":"3,75 €/L","img":"https://fd1-photos.leclercdrive.fr/image.ashx?id=2277143&use=l&cat=p&typeid=i","cat":334880},{"id":103304,"n":"Litière chats Tranquille L'hygiène - 2.7kg","p":5.3,"u":"1,96 €/KG","img":"https://fd1-photos.leclercdrive.fr/image.ashx?id=1849639&use=l&cat=p&typeid=i","cat":284683},{"id":103315,"n":"AOP Côtes de Provence rosé Château Reillanne - 75cl","p":7.54,"u":"10,05 €/L","img":"https://fd1-photos.leclercdrive.fr/image.ashx?id=2669487&use=l&cat=p&typeid=i","cat":289558},{"id":103381,"n":"Whisky Grant's  Triple wood 40%vol - 70cl","p":13.98,"u":"19,97 €/L","img":"https://fd1-photos.leclercdrive.fr/image.ashx?id=2866022&use=l&cat=p&typeid=i","cat":284547},{"id":103384,"n":"IGP Whisky Grant's  Triple wood - 40%vol - 1L","p":17.41,"u":"17,41 €/L","img":"https://fd1-photos.leclercdrive.fr/image.ashx?id=2917531&use=l&cat=p&typeid=i","cat":284547},{"id":103436,"n":"Wrap au blé nature Mission 370g","p":2.95,"u":"7,97 €/KG","img":"https://fd1-photos.leclercdrive.fr/image.ashx?id=2890499&use=l&cat=p&typeid=i","cat":288993},{"id":103437,"n":"Wrap multigrains Mission 370g","p":2.95,"u":"7,97 €/KG","img":"https://fd1-photos.leclercdrive.fr/image.ashx?id=2890505&use=l&cat=p&typeid=i","cat":288993},{"id":103438,"n":"Wrap epeautre/avoine Mission 370g","p":2.95,"u":"7,97 €/KG","img":"https://fd1-photos.leclercdrive.fr/image.ashx?id=2890502&use=l&cat=p&typeid=i","cat":288993},{"id":103439,"n":"Wrap au blé complet 370g","p":2.77,"u":"7,49 €/KG","img":"https://fd1-photos.leclercdrive.fr/image.ashx?id=2890508&use=l&cat=p&typeid=i","cat":288993},{"id":103451,"n":"Lingettes sensitive Pampers 4x52","p":5.62,"u":"0,03 €/P","img":"https://fd1-photos.leclercdrive.fr/image.ashx?id=2849280&use=l&cat=p&typeid=i","cat":284738},{"id":103453,"n":"Panaché Falsbourg Grenadine - <0,5% vol. - 6x25cl","p":2.71,"u":"1,81 €/L","img":"https://fd1-photos.leclercdrive.fr/image.ashx?id=2637961&use=l&cat=p&typeid=i","cat":334877},{"id":103458,"n":"Vinaigre balsamique Maille Offre saisonnière - 75cl","p":4.46,"u":"5,95 €/L","img":"https://fd1-photos.leclercdrive.fr/image.ashx?id=2805678&use=l&cat=p&typeid=i","cat":298543},{"id":103470,"n":"Croquettes chat Purina One Poulet chat adulte - 450g","p":2.68,"u":"5,96 €/KG","img":"https://fd1-photos.leclercdrive.fr/image.ashx?id=2902265&use=l&cat=p&typeid=i","cat":284680},{"id":103500,"n":"Panaché Falsbourg <0.5% vol. - 20x25cl","p":5.95,"u":"1,19 €/L","img":"https://fd1-photos.leclercdrive.fr/image.ashx?id=2637970&use=l&cat=p&typeid=i","cat":334877},{"id":103503,"n":"Capsules Nescafé Dolce Gusto  Espresso Intenso - x16","p":4.56,"u":"40,71 €/KG","img":"https://fd1-photos.leclercdrive.fr/image.ashx?id=3009110&use=l&cat=p&typeid=i","cat":293239},{"id":103505,"n":"Barre de céréales Nature Valley Protéine chocolat x4-160g","p":2.64,"u":"16,50 €/KG","img":"https://fd1-photos.leclercdrive.fr/image.ashx?id=2657000&use=l&cat=p&typeid=i","cat":285869},{"id":103561,"n":"Barre de céréales Nature Valley  Protéine caramel salé x4 - 160","p":2.92,"u":"18,25 €/KG","img":"https://fd1-photos.leclercdrive.fr/image.ashx?id=2657003&use=l&cat=p&typeid=i","cat":285869},{"id":103619,"n":"Crème glacée Häagen-Dazs  Vanille - 400g","p":4.59,"u":"11,48 €/KG","img":"https://fd1-photos.leclercdrive.fr/image.ashx?id=2893429&use=l&cat=p&typeid=i","cat":284725},{"id":103621,"n":"Crème glacée Häagen-Dazs  Vanille pécan - 400g","p":4.59,"u":"11,48 €/KG","img":"https://fd1-photos.leclercdrive.fr/image.ashx?id=2893438&use=l&cat=p&typeid=i","cat":284725},{"id":103657,"n":"Crème glacée Häagen-Dazs  Vanille noix macadamia - 400g","p":4.64,"u":"11,60 €/KG","img":"https://fd1-photos.leclercdrive.fr/image.ashx?id=2893444&use=l&cat=p&typeid=i","cat":284725},{"id":103661,"n":"Crème glacée Häagen-Dazs  Vanille caramel brownie - 386g","p":4.01,"u":"10,39 €/KG","img":"https://fd1-photos.leclercdrive.fr/image.ashx?id=2893468&use=l&cat=p&typeid=i","cat":284725},{"id":103665,"n":"Mini pots Häagen-Dazs  Caramel attraction x4 - 318g","p":4.98,"u":"15,51 €/KG","img":"https://fd1-photos.leclercdrive.fr/image.ashx?id=2992852&use=l&cat=p&typeid=i","cat":284725},{"id":103680,"n":"Mini pots Häagen-Dazs Vanille  noix de macadamia x4 - 324g","p":4.98,"u":"15,37 €/KG","img":"https://fd1-photos.leclercdrive.fr/image.ashx?id=3000162&use=l&cat=p&typeid=i","cat":284725},{"id":103692,"n":"Crème glacée Häagen-Dazs  Beurre de cacahuètes - 400g","p":4.27,"u":"10,68 €/KG","img":"https://fd1-photos.leclercdrive.fr/image.ashx?id=2893507&use=l&cat=p&typeid=i","cat":284725},{"id":103697,"n":"Dentifrice Integral 8 Signal Nature Elements Charbon 75ml","p":1.72,"u":"22,93 €/L","img":"https://fd1-photos.leclercdrive.fr/image.ashx?id=2974662&use=l&cat=p&typeid=i","cat":284612},{"id":103726,"n":"Masque Violet Démêlant Elsève Color-Vive - 150ml","p":5.44,"u":"36,27 €/L","img":"https://fd1-photos.leclercdrive.fr/image.ashx?id=2439281&use=l&cat=p&typeid=i","cat":284608},{"id":103728,"n":"Shampoing Violet Elsève Color-Vive Déjaunisseur - 200ml","p":2.97,"u":"14,85 €/L","img":"https://fd1-photos.leclercdrive.fr/image.ashx?id=2278121&use=l&cat=p&typeid=i","cat":284606},{"id":103780,"n":"Pâte feuilletée Marie Pur beurre - 230g","p":1.39,"u":"6,04 €/KG","img":"https://fd1-photos.leclercdrive.fr/image.ashx?id=2318543&use=l&cat=p&typeid=i","cat":333681},{"id":103800,"n":"Bière blonde Leffe  6,6% - 12x25cl","p":9.25,"u":"3,08 €/L","img":"https://fd1-photos.leclercdrive.fr/image.ashx?id=2995424&use=l&cat=p&typeid=i","cat":334852},{"id":103806,"n":"Sac poubelle 30L Alfapac Ultra résistant Poignées - x15","p":2.8,"u":"0,19 €/P","img":"https://fd1-photos.leclercdrive.fr/image.ashx?id=2526887&use=l&cat=p&typeid=i","cat":285168},{"id":103826,"n":"Cône Extrême Vanille praline - x6 -426g","p":3.72,"u":"8,73 €/KG","img":"https://fd1-photos.leclercdrive.fr/image.ashx?id=2838422&use=l&cat=p&typeid=i","cat":284264},{"id":103915,"n":"Mimolette jeune Les Croisés 350g","p":3.23,"u":"9,23 €/KG","img":"https://fd1-photos.leclercdrive.fr/image.ashx?id=2046499&use=l&cat=p&typeid=i","cat":314028},{"id":103945,"n":"Escalope de dinde Le Gaulois Oui C'est Bon x2 - 240g","p":3.85,"u":"16,04 €/KG","img":"https://fd1-photos.leclercdrive.fr/image.ashx?id=2605580&use=l&cat=p&typeid=i","cat":284337},{"id":103949,"n":"Nettoyant universel anti-traces 750ml","p":2.93,"u":"3,91 €/L","img":"https://fd1-photos.leclercdrive.fr/image.ashx?id=3000731&use=l&cat=p&typeid=i","cat":325357},{"id":103969,"n":"Escalope de dinde Le Gaulois Fine - Oui C'est Bon x2 - 240g","p":4.5,"u":"18,75 €/KG","img":"https://fd1-photos.leclercdrive.fr/image.ashx?id=2605574&use=l&cat=p&typeid=i","cat":284337},{"id":103993,"n":"IGP Méditerranée rosé St Sagnol - 75cl","p":3.59,"u":"4,79 €/L","img":"https://fd1-photos.leclercdrive.fr/image.ashx?id=2923768&use=l&cat=p&typeid=i","cat":289558},{"id":104008,"n":"Jus innocent tutti frutti 900ml","p":2.89,"u":"3,21 €/L","img":"https://fd1-photos.leclercdrive.fr/image.ashx?id=2861737&use=l&cat=p&typeid=i","cat":285435},{"id":104034,"n":"Jus innocent plus  zest défense 750ml","p":2.98,"u":"3,97 €/L","img":"https://fd1-photos.leclercdrive.fr/image.ashx?id=2736574&use=l&cat=p&typeid=i","cat":285435},{"id":104036,"n":"Jus innocent plus  énergie chérie 750ml","p":2.98,"u":"3,97 €/L","img":"https://fd1-photos.leclercdrive.fr/image.ashx?id=2901082&use=l&cat=p&typeid=i","cat":284354},{"id":104062,"n":"Brioches Doowap Harrys X8 -320g Pépites choco sans additif","p":2.39,"u":"7,47 €/KG","img":"https://fd1-photos.leclercdrive.fr/image.ashx?id=2502998&use=l&cat=p&typeid=i","cat":293505},{"id":104069,"n":"Fruits au sirop St Mamet Ananas Mandarine - 4x80g","p":4.29,"u":"13,41 €/KG","img":"https://fd1-photos.leclercdrive.fr/image.ashx?id=2429227&use=l&cat=p&typeid=i","cat":284507},{"id":104072,"n":"AOC Vin rosé bearn Carte d'Or - 75cl","p":4.85,"u":"6,47 €/L","img":"https://fd1-photos.leclercdrive.fr/image.ashx?id=2842672&use=l&cat=p&typeid=i","cat":289558},{"id":104073,"n":"100% Pur Jus Jafaden Pamplemousse- 1L","p":1.99,"u":"1,99 €/L","img":"https://fd1-photos.leclercdrive.fr/image.ashx?id=2956771&use=l&cat=p&typeid=i","cat":284914},{"id":104087,"n":"IGP Méditerranée vin rosé Terres Ocrées - 75cl","p":2.75,"u":"3,67 €/L","img":"https://fd1-photos.leclercdrive.fr/image.ashx?id=2894743&use=l&cat=p&typeid=i","cat":289558},{"id":104091,"n":"Bouillon Bio Cube Maggi Légumes - 80g","p":1.85,"u":"23,13 €/KG","img":"https://fd1-photos.leclercdrive.fr/image.ashx?id=2737786&use=l&cat=p&typeid=i","cat":288379},{"id":104092,"n":"Tagada Zip Fraîcheur Haribo Sachet bonbons - 220g","p":1.36,"u":"6,18 €/KG","img":"https://fd1-photos.leclercdrive.fr/image.ashx?id=2802359&use=l&cat=p&typeid=i","cat":304250},{"id":104097,"n":"Fruits au sirop St Mamet Pêche douceur - 4x65g","p":3.41,"u":"13,12 €/KG","img":"https://fd1-photos.leclercdrive.fr/image.ashx?id=2429224&use=l&cat=p&typeid=i","cat":284507},{"id":104109,"n":"Les Timbales Gourmet Gold Boeuf plet saumon - 12x85g","p":6.91,"u":"6,77 €/KG","img":"https://fd1-photos.leclercdrive.fr/image.ashx?id=2861764&use=l&cat=p&typeid=i","cat":285286},{"id":104110,"n":"Fruits au sirop St Mamet Cocktail de fruits - 4x65g","p":3.19,"u":"12,27 €/KG","img":"https://fd1-photos.leclercdrive.fr/image.ashx?id=2429230&use=l&cat=p&typeid=i","cat":284507},{"id":104113,"n":"Brioches Doowap Harrys X12-480g Pépites choco sans additif","p":3.78,"u":"7,88 €/KG","img":"https://fd1-photos.leclercdrive.fr/image.ashx?id=2503001&use=l&cat=p&typeid=i","cat":293505},{"id":104114,"n":"Brioches Doowap Harrys X8 -320g Pépites choco lait sans additif","p":2.36,"u":"7,38 €/KG","img":"https://fd1-photos.leclercdrive.fr/image.ashx?id=2503004&use=l&cat=p&typeid=i","cat":293505},{"id":104115,"n":"Brioches Doowap Harrys X12-480g Pépites choco lait sans additif","p":3.79,"u":"7,90 €/KG","img":"https://fd1-photos.leclercdrive.fr/image.ashx?id=2503007&use=l&cat=p&typeid=i","cat":293505},{"id":104121,"n":"Noix de cajou Benenuts Grillées à sec -165g","p":4.75,"u":"28,79 €/KG","img":"https://fd1-photos.leclercdrive.fr/image.ashx?id=2391786&use=l&cat=p&typeid=i","cat":284448},{"id":104133,"n":"Pépites chocolat au lait Vahiné 200g","p":4.33,"u":"21,65 €/KG","img":"https://fd1-photos.leclercdrive.fr/image.ashx?id=2559784&use=l&cat=p&typeid=i","cat":284504},{"id":104188,"n":"Chips Tyrrell's Légèrement salées - 150g","p":2.19,"u":"14,60 €/KG","img":"https://fd1-photos.leclercdrive.fr/image.ashx?id=2924731&use=l&cat=p&typeid=i","cat":284447},{"id":104193,"n":"Coton-tiges Inell Recharge Tiges papier - x160","p":0.41,"img":"https://fd1-photos.leclercdrive.fr/image.ashx?id=2440775&use=l&cat=p&typeid=i","cat":284636},{"id":104194,"n":"Coton-tige Lotus Bio - x160 bâtonnets","p":0.79,"img":"https://fd1-photos.leclercdrive.fr/image.ashx?id=2506840&use=l&cat=p&typeid=i","cat":284636},{"id":104290,"n":"Pain de mie Schär - Vital Sans gluten - 350g","p":3.65,"u":"10,43 €/KG","img":"https://fd1-photos.leclercdrive.fr/image.ashx?id=2674890&use=l&cat=p&typeid=i","cat":318654},{"id":104291,"n":"Pignons de pins Sainte-Lucie Parasol - Sachet 50g","p":3.85,"u":"77,00 €/KG","img":"https://fd1-photos.leclercdrive.fr/image.ashx?id=2774334&use=l&cat=p&typeid=i","cat":284504},{"id":104293,"n":"Pépites chunks Vahine 3 chocolats - 100g","p":2.81,"u":"28,10 €/KG","img":"https://fd1-photos.leclercdrive.fr/image.ashx?id=2559871&use=l&cat=p&typeid=i","cat":284504},{"id":104296,"n":"Mon 1er biscuit bio Hipp Bio Dès 6 mois - 180g","p":2.86,"u":"15,89 €/KG","img":"https://fd1-photos.leclercdrive.fr/image.ashx?id=2788823&use=l&cat=p&typeid=i","cat":312227},{"id":104324,"n":"Pâtes de Fruits GERBLE   -  6 sachets 162g","p":2.77,"u":"17,10 €/KG","img":"https://fd1-photos.leclercdrive.fr/image.ashx?id=2664082&use=l&cat=p&typeid=i","cat":318652},{"id":104348,"n":"AOC Crémant d'Alsace brut Henri Ehrhart - 75cl","p":7.7,"pp":5.78,"u":"7,71 €/L","img":"https://fd1-photos.leclercdrive.fr/image.ashx?id=2180076&use=l&cat=p&typeid=i","cat":284545},{"id":104349,"n":"AOP Cabernet d'Anjou rosé Plessis-Duval - 3L","p":15.99,"u":"5,33 €/L","img":"https://fd1-photos.leclercdrive.fr/image.ashx?id=2941038&use=l&cat=p&typeid=i","cat":289558},{"id":104365,"n":"Nouilles Ramen Tanoshi Poulet Teriyaki - 360g","p":3.07,"u":"8,53 €/KG","img":"https://fd1-photos.leclercdrive.fr/image.ashx?id=2912062&use=l&cat=p&typeid=i","cat":288992},{"id":104412,"n":"Le paté Henaff Bio - 76g","p":1.7,"u":"22,37 €/KG","img":"https://fd1-photos.leclercdrive.fr/image.ashx?id=2432770&use=l&cat=p&typeid=i","cat":305149},{"id":104417,"n":"Wraps quinoa et chia Mission 370g","p":2.95,"u":"7,97 €/KG","img":"https://fd1-photos.leclercdrive.fr/image.ashx?id=2890514&use=l&cat=p&typeid=i","cat":288993},{"id":104418,"n":"Wraps blé nature grillé X6 - 370g","p":2.95,"u":"7,97 €/KG","img":"https://fd1-photos.leclercdrive.fr/image.ashx?id=2890511&use=l&cat=p&typeid=i","cat":288993},{"id":104468,"n":"Fromage apéritif Apéricube Long drink 48 cubes","p":4.17,"u":"16,68 €/KG","img":"https://fd1-photos.leclercdrive.fr/image.ashx?id=2882674&use=l&cat=p&typeid=i","cat":314027},{"id":104471,"n":"Fromage apéritif Apericube  Cocktail 48 cubes","p":4.17,"u":"16,68 €/KG","img":"https://fd1-photos.leclercdrive.fr/image.ashx?id=2882680&use=l&cat=p&typeid=i","cat":314027},{"id":104484,"n":"Tropicana Jus d'orange Avec Pulpe - 90cl","p":2.75,"u":"3,06 €/L","img":"https://fd1-photos.leclercdrive.fr/image.ashx?id=3011140&use=l&cat=p&typeid=i","cat":285435},{"id":104485,"n":"Tropicana Jus d'orange Sans pulpe - 90cl","p":2.81,"u":"3,12 €/L","img":"https://fd1-photos.leclercdrive.fr/image.ashx?id=2524266&use=l&cat=p&typeid=i","cat":285435},{"id":104534,"n":"Dentifrice Sensodyne Blancheur - x2","p":7.27,"u":"3,64 €/P","img":"https://fd1-photos.leclercdrive.fr/image.ashx?id=2833288&use=l&cat=p&typeid=i","cat":284612},{"id":104603,"n":"Lamelles kebab Maître Coq 1kg","p":12.41,"u":"12,41 €/KG","img":"https://fd1-photos.leclercdrive.fr/image.ashx?id=2101441&use=l&cat=p&typeid=i","cat":319780},{"id":104609,"n":"Thon entier Petit Navire Au naturel - MSC - 2x56g","p":2.63,"u":"23,48 €/KG","img":"https://fd1-photos.leclercdrive.fr/image.ashx?id=2909977&use=l&cat=p&typeid=i","cat":303867},{"id":104669,"n":"Bière blonde Bud 5% - 20x25cl","p":13.82,"u":"2,76 €/L","img":"https://fd1-photos.leclercdrive.fr/image.ashx?id=3009047&use=l&cat=p&typeid=i","cat":334873},{"id":104674,"n":"Eau gazeuse aromatisée Badoit Citron fraise - 1L","p":1.35,"u":"1,35 €/L","img":"https://fd1-photos.leclercdrive.fr/image.ashx?id=2730664&use=l&cat=p&typeid=i","cat":284536},{"id":104720,"n":"Papier toilette humide Fess'net Peaux normales Vert Ylang - x50","p":1.86,"u":"0,04 €/P","img":"https://fd1-photos.leclercdrive.fr/image.ashx?id=2990934&use=l&cat=p&typeid=i","cat":284634},{"id":104722,"n":"Papier toilette humide Fess'net Peaux fragiles Sensitive - x50","p":1.54,"u":"0,03 €/P","img":"https://fd1-photos.leclercdrive.fr/image.ashx?id=2990931&use=l&cat=p&typeid=i","cat":284634},{"id":104726,"n":"Pomme de terre entières sans peau - 370g","p":2.27,"u":"6,14 €/KG","img":"https://fd1-photos.leclercdrive.fr/image.ashx?id=2295370&use=l&cat=p&typeid=i","cat":284352},{"id":104863,"n":"Céréales Bio Lion de Nestlé Caramel / Chocolat - 400g","p":3.44,"u":"8,60 €/KG","img":"https://fd1-photos.leclercdrive.fr/image.ashx?id=2792939&use=l&cat=p&typeid=i","cat":309513},{"id":104880,"n":"Barres Céréales Extra Kellogg's Chocolat au lait - 4x32g","p":2.85,"u":"22,27 €/KG","img":"https://fd1-photos.leclercdrive.fr/image.ashx?id=2736610&use=l&cat=p&typeid=i","cat":285869},{"id":105032,"n":"Boisson base vodka Eristoff Ginger 18° - 70cl","p":11.1,"u":"15,86 €/L","img":"https://fd1-photos.leclercdrive.fr/image.ashx?id=1676837&use=l&cat=p&typeid=i","cat":284551},{"id":105070,"n":"Gel douche Bio N.A.E Apaisant - 200ml","p":3.33,"u":"16,65 €/L","img":"https://fd1-photos.leclercdrive.fr/image.ashx?id=1740464&use=l&cat=p&typeid=i","cat":284594},{"id":105072,"n":"Bonbon Dracula Trolli Le sachet de 200g","p":1.58,"u":"7,90 €/KG","img":"https://fd1-photos.leclercdrive.fr/image.ashx?id=2684719&use=l&cat=p&typeid=i","cat":304250},{"id":105136,"n":"Jambon supérieur Tradilège S/nitrite Découenne - x6 - 210g","p":2.79,"u":"13,29 €/KG","img":"https://fd1-photos.leclercdrive.fr/image.ashx?id=2991524&use=l&cat=p&typeid=i","cat":316009},{"id":105137,"n":"Jambon supérieur Tradilège Sans nitrite x4 - 140g","p":1.85,"u":"13,21 €/KG","img":"https://fd1-photos.leclercdrive.fr/image.ashx?id=2994381&use=l&cat=p&typeid=i","cat":316009},{"id":105185,"n":"Compote Charles & Alice Pommes Myrtilles - 4x97g","p":1.88,"u":"4,85 €/KG","img":"https://fd1-photos.leclercdrive.fr/image.ashx?id=2900899&use=l&cat=p&typeid=i","cat":284416},{"id":105186,"n":"Compote Charles & Alice Pommes Cerises - 4x97g","p":1.78,"u":"4,59 €/KG","img":"https://fd1-photos.leclercdrive.fr/image.ashx?id=2757686&use=l&cat=p&typeid=i","cat":284416},{"id":105200,"n":"Aiguillettes de boeuf Charal 200g","p":5.64,"u":"28,20 €/KG","img":"https://fd1-photos.leclercdrive.fr/image.ashx?id=2972448&use=l&cat=p&typeid=i","cat":284328},{"id":105214,"n":"Boulettes Garden Gourmet légumes 200g","p":2.53,"u":"12,65 €/KG","img":"https://fd1-photos.leclercdrive.fr/image.ashx?id=2986903&use=l&cat=p&typeid=i","cat":316036},{"id":105223,"n":"Glaces cônes Eco+ Vanille - x8 - 556g","p":1.95,"u":"3,51 €/KG","img":"https://fd1-photos.leclercdrive.fr/image.ashx?id=2742682&use=l&cat=p&typeid=i","cat":284264},{"id":105224,"n":"Gnocchi à poêler Lustucru Extra Mozzarella Tomate - 280g","p":2.7,"u":"9,64 €/KG","img":"https://fd1-photos.leclercdrive.fr/image.ashx?id=2999994&use=l&cat=p&typeid=i","cat":333682},{"id":105320,"n":"Croustillants chèvre Président 6 pièces - 150g","p":3.49,"u":"23,27 €/KG","img":"https://fd1-photos.leclercdrive.fr/image.ashx?id=2856082&use=l&cat=p&typeid=i","cat":314027},{"id":105399,"n":"Lait demi-écrémé GrandLait Ferme sélectionnée - 1L","p":1.36,"u":"1,36 €/L","img":"https://fd1-photos.leclercdrive.fr/image.ashx?id=2916177&use=l&cat=p&typeid=i","cat":285609},{"id":105689,"n":"Edamame  Lunor Fèves de soja - 210g","p":2.45,"u":"11,67 €/KG","img":"https://fd1-photos.leclercdrive.fr/image.ashx?id=2296473&use=l&cat=p&typeid=i","cat":284352},{"id":105782,"n":"Chaussée aux Moines 230g","p":2.89,"u":"12,57 €/KG","img":"https://fd1-photos.leclercdrive.fr/image.ashx?id=2771756&use=l&cat=p&typeid=i","cat":329184},{"id":105783,"n":"Nectar Bio Cidou  Orange Banane - 1L","p":2.22,"u":"2,22 €/L","img":"https://fd1-photos.leclercdrive.fr/image.ashx?id=1682263&use=l&cat=p&typeid=i","cat":284915},{"id":105788,"n":"Nectar Cidou Fruits Des Tropique - Bio - 1L","p":2.06,"u":"2,06 €/L","img":"https://fd1-photos.leclercdrive.fr/image.ashx?id=2010623&use=l&cat=p&typeid=i","cat":284916},{"id":105810,"n":"Coulis de tomate 680g","p":2.19,"u":"3,22 €/KG","img":"https://fd1-photos.leclercdrive.fr/image.ashx?id=2994539&use=l&cat=p&typeid=i","cat":289010},{"id":105867,"n":"AOC Bourgogne Chardonnay Blanc Bouchard Ainé & Fils - 75cl","p":6.09,"u":"8,12 €/L","img":"https://fd1-photos.leclercdrive.fr/image.ashx?id=2917825&use=l&cat=p&typeid=i","cat":289557},{"id":106265,"n":"Edulcorant Pure Via Stick x40 - 60g","p":2.9,"u":"48,33 €/KG","img":"https://fd1-photos.leclercdrive.fr/image.ashx?id=2590598&use=l&cat=p&typeid=i","cat":324846},{"id":106269,"n":"Edulcorant Pure Via Boite de 65 morceaux - 130g","p":5.15,"u":"39,62 €/KG","img":"https://fd1-photos.leclercdrive.fr/image.ashx?id=2417291&use=l&cat=p&typeid=i","cat":324846},{"id":106271,"n":"Sucre Doypack Pure Via Poudre cristalisée - 250g","p":5.61,"u":"22,44 €/KG","img":"https://fd1-photos.leclercdrive.fr/image.ashx?id=2805381&use=l&cat=p&typeid=i","cat":324846},{"id":106471,"n":"Plat bébé soir Blédichef 15mois Poireau pomme de terre - 250g","p":1.8,"u":"7,20 €/KG","img":"https://fd1-photos.leclercdrive.fr/image.ashx?id=2143681&use=l&cat=p&typeid=i","cat":312239},{"id":106473,"n":"Repas bébé Blédichef 15 mois Patate légumes poulet - 250g","p":1.89,"u":"7,56 €/KG","img":"https://fd1-photos.leclercdrive.fr/image.ashx?id=2877703&use=l&cat=p&typeid=i","cat":312238},{"id":106474,"n":"Repas bébé Blédichef 15 mois Pdt champignon poulet - 250g","p":1.79,"u":"7,16 €/KG","img":"https://fd1-photos.leclercdrive.fr/image.ashx?id=2479685&use=l&cat=p&typeid=i","cat":312238},{"id":106475,"n":"Repas bébé Blédichef 15 mois Légumes cabillaud - 250g","p":1.78,"u":"7,12 €/KG","img":"https://fd1-photos.leclercdrive.fr/image.ashx?id=1681186&use=l&cat=p&typeid=i","cat":312238},{"id":106477,"n":"Repas bébé Blédichef 18 mois  Blanquette de volaille - 250g","p":1.83,"u":"7,32 €/KG","img":"https://fd1-photos.leclercdrive.fr/image.ashx?id=2558861&use=l&cat=p&typeid=i","cat":312238},{"id":106478,"n":"Repas bébé Blédichef 18 mois  Fondue de légumes lieu - 250g","p":1.84,"u":"7,36 €/KG","img":"https://fd1-photos.leclercdrive.fr/image.ashx?id=2877706&use=l&cat=p&typeid=i","cat":312238},{"id":106481,"n":"Repas bébé Blédichef 24 mois  Riz légumes poulet curry - 250g","p":1.89,"u":"7,56 €/KG","img":"https://fd1-photos.leclercdrive.fr/image.ashx?id=2951590&use=l&cat=p&typeid=i","cat":312238},{"id":106568,"n":"Tropicana Jus multifruits 90 cl","p":2.94,"u":"3,27 €/L","img":"https://fd1-photos.leclercdrive.fr/image.ashx?id=2529276&use=l&cat=p&typeid=i","cat":285435},{"id":106601,"n":"Lait frais Grandlait Bouteille - 1L","p":1.61,"u":"1,61 €/L","img":"https://fd1-photos.leclercdrive.fr/image.ashx?id=2916183&use=l&cat=p&typeid=i","cat":285609},{"id":106605,"n":"Ravioli Lustucru Selection  Jambon fromage 300g","p":2.6,"u":"8,67 €/KG","img":"https://fd1-photos.leclercdrive.fr/image.ashx?id=2962527&use=l&cat=p&typeid=i","cat":333682},{"id":106614,"n":"Rosette Justin Bridou  19 Tranches - 170g","p":2.75,"u":"16,18 €/KG","img":"https://fd1-photos.leclercdrive.fr/image.ashx?id=2948932&use=l&cat=p&typeid=i","cat":316007},{"id":106639,"n":"Culotte écologiq Mots d'Enfants T5 : 12/18kg - x20","p":8.7,"u":"0,44 €/P","img":"https://fd1-photos.leclercdrive.fr/image.ashx?id=2907243&use=l&cat=p&typeid=i","cat":290633},{"id":106641,"n":"Culotte écologiq Mots d'Enfants T6 : +16kg - x18","p":7.9,"u":"0,44 €/P","img":"https://fd1-photos.leclercdrive.fr/image.ashx?id=2907246&use=l&cat=p&typeid=i","cat":290633},{"id":106690,"n":"Gel douche Bionaïa Abricot bio - 250ml","p":1.43,"u":"5,72 €/L","img":"https://fd1-photos.leclercdrive.fr/image.ashx?id=2512478&use=l&cat=p&typeid=i","cat":284594},{"id":106725,"n":"Gants Confort Pro Mapa Latex naturel Taille L - x100","p":14.48,"u":"0,14 €/P","img":"https://fd1-photos.leclercdrive.fr/image.ashx?id=2732446&use=l&cat=p&typeid=i","cat":284668},{"id":106732,"n":"Sirop La Maison Guiot Citron jaune de Sicile - 70cl","p":3.17,"u":"4,53 €/L","img":"https://fd1-photos.leclercdrive.fr/image.ashx?id=2857138&use=l&cat=p&typeid=i","cat":295020},{"id":106743,"n":"Disques à démaquiller Bocoton Bio - x80","p":1.61,"u":"0,02 €/P","img":"https://fd1-photos.leclercdrive.fr/image.ashx?id=2480713&use=l&cat=p&typeid=i","cat":284636},{"id":106768,"n":"Shampooing bio So Bio Etic Coco & Acide Hyaluronique-250ml","p":3.93,"u":"15,72 €/L","img":"https://fd1-photos.leclercdrive.fr/image.ashx?id=2788727&use=l&cat=p&typeid=i","cat":284606},{"id":106886,"n":"Petit suisse nature Gervais 9,5% MG - 6x60g","p":1.9,"u":"5,28 €/KG","img":"https://fd1-photos.leclercdrive.fr/image.ashx?id=2230384&use=l&cat=p&typeid=i","cat":284409},{"id":106985,"n":"Mini pots Häagen-Dazs  Vanille Collection x4 - 321g","p":4.49,"u":"13,99 €/KG","img":"https://fd1-photos.leclercdrive.fr/image.ashx?id=2992858&use=l&cat=p&typeid=i","cat":284725},{"id":106986,"n":"Crème glacée Häagen-Dazs  Vanille pralines - 400g","p":5.51,"u":"13,78 €/KG","img":"https://fd1-photos.leclercdrive.fr/image.ashx?id=2893453&use=l&cat=p&typeid=i","cat":284725},{"id":106987,"n":"Mini pots Häagen-Dazs Caramel  Beurre salé x4 - 324g","p":4.77,"u":"14,72 €/KG","img":"https://fd1-photos.leclercdrive.fr/image.ashx?id=2992849&use=l&cat=p&typeid=i","cat":284725},{"id":107140,"n":"Sablés Michel et Augustin Beaufort poivre blanc - 100g","p":2.44,"u":"24,40 €/KG","img":"https://fd1-photos.leclercdrive.fr/image.ashx?id=2108981&use=l&cat=p&typeid=i","cat":297000},{"id":107211,"n":"Jus innocent myrtille cassis 900ml","p":2.98,"u":"3,31 €/L","img":"https://fd1-photos.leclercdrive.fr/image.ashx?id=2891235&use=l&cat=p&typeid=i","cat":285435},{"id":107212,"n":"Jus innocent pomme fruits rouges 900ml","p":2.99,"u":"3,32 €/L","img":"https://fd1-photos.leclercdrive.fr/image.ashx?id=2184735&use=l&cat=p&typeid=i","cat":285435},{"id":107384,"n":"Bacon Justin Bridou  16 Tranches - 160g","p":2.81,"u":"17,56 €/KG","img":"https://fd1-photos.leclercdrive.fr/image.ashx?id=2924110&use=l&cat=p&typeid=i","cat":316007},{"id":107645,"n":"Aluminium Albal 20m","p":3.39,"img":"https://fd1-photos.leclercdrive.fr/image.ashx?id=2551444&use=l&cat=p&typeid=i","cat":334134},{"id":107653,"n":"Lait de coco bio Jardin Bio Bio - 225ml","p":1.9,"u":"8,44 €/L","img":"https://fd1-photos.leclercdrive.fr/image.ashx?id=2875471&use=l&cat=p&typeid=i","cat":288992},{"id":107783,"n":"Huile d'Olive Vierge Extra BIO  Delicato 75cl","p":12.36,"u":"16,48 €/L","img":"https://fd1-photos.leclercdrive.fr/image.ashx?id=2737444&use=l&cat=p&typeid=i","cat":284453},{"id":107841,"n":"Bac gourmand Eskiss Crème brulée - 500g","p":4.36,"u":"8,72 €/KG","img":"https://fd1-photos.leclercdrive.fr/image.ashx?id=2982643&use=l&cat=p&typeid=i","cat":284263},{"id":107863,"n":"Dentifrice soin bio Dentavie Blancheur bicarbonate - 75ml","p":3.5,"u":"46,67 €/L","img":"https://fd1-photos.leclercdrive.fr/image.ashx?id=2494776&use=l&cat=p&typeid=i","cat":284612},{"id":107870,"n":"Bac gourmand Eskiss Vanille fruits rouge - 500g","p":3.49,"u":"6,98 €/KG","img":"https://fd1-photos.leclercdrive.fr/image.ashx?id=2982661&use=l&cat=p&typeid=i","cat":284263},{"id":108007,"n":"Haut de cuisse de poulet blanc 1kg","p":4.48,"u":"4,48 €/KG","img":"https://fd1-photos.leclercdrive.fr/image.ashx?id=2870497&use=l&cat=p&typeid=i","cat":284336},{"id":108146,"n":"Boisson aux fruits Oasis Tropical - 2L","p":2.37,"u":"1,19 €/L","img":"https://fd1-photos.leclercdrive.fr/image.ashx?id=2996569&use=l&cat=p&typeid=i","cat":295018},{"id":108180,"n":"Compotes Pom'Potes Gourdes BIO  Multivariétés - 12x90g","p":6.97,"u":"6,45 €/KG","img":"https://fd1-photos.leclercdrive.fr/image.ashx?id=2926212&use=l&cat=p&typeid=i","cat":284508},{"id":108181,"n":"Tube de colle Uhu stic 2x21g","p":3.75,"img":"https://fd1-photos.leclercdrive.fr/image.ashx?id=1684914&use=l&cat=p&typeid=i","cat":334133},{"id":108224,"n":"Brassé végétal Bio Good Goût Banane avoine fraise - 90g","p":1.4,"u":"15,56 €/KG","img":"https://fd1-photos.leclercdrive.fr/image.ashx?id=2736100&use=l&cat=p&typeid=i","cat":312392},{"id":108421,"n":"Matière grasse Primevere 63%MG - oméga 3 - 480g","p":5.34,"u":"11,13 €/KG","img":"https://fd1-photos.leclercdrive.fr/image.ashx?id=2936041&use=l&cat=p&typeid=i","cat":315229},{"id":108443,"n":"Dentifrice Sanogyl Soin essentiel blancheur - 75ml","p":3.63,"u":"48,40 €/L","img":"https://fd1-photos.leclercdrive.fr/image.ashx?id=2453484&use=l&cat=p&typeid=i","cat":284612},{"id":108449,"n":"Déodorant spray Monsavon Fleur Lotus-200ml","p":2.0,"u":"10,00 €/L","img":"https://fd1-photos.leclercdrive.fr/image.ashx?id=2643914&use=l&cat=p&typeid=i","cat":284595},{"id":108668,"n":"Bière blonde La Goudale 7.2% vol. - 50cl","p":1.61,"u":"3,22 €/L","img":"https://fd1-photos.leclercdrive.fr/image.ashx?id=2513658&use=l&cat=p&typeid=i","cat":334852},{"id":108695,"n":"Beurre de cacahuètes Menguy's Creamy - 454g","p":4.28,"u":"9,43 €/KG","img":"https://fd1-photos.leclercdrive.fr/image.ashx?id=2844082&use=l&cat=p&typeid=i","cat":284481},{"id":108707,"n":"Filtres à café Uni vert Bruns n°4 - x80","p":1.33,"u":"0,02 €/P","img":"https://fd1-photos.leclercdrive.fr/image.ashx?id=2634878&use=l&cat=p&typeid=i","cat":284751},{"id":108710,"n":"Gel douche Fa Island Vibes Bali Kiss - 250ml","p":1.54,"u":"6,16 €/L","img":"https://fd1-photos.leclercdrive.fr/image.ashx?id=2104861&use=l&cat=p&typeid=i","cat":284594},{"id":108711,"n":"Gel Douche Fa Crème Cacao coco flacon - 250ml","p":1.49,"u":"5,96 €/L","img":"https://fd1-photos.leclercdrive.fr/image.ashx?id=2995097&use=l&cat=p&typeid=i","cat":284594},{"id":108712,"n":"Gel douche Fa Caribbean Wave flacon - 250ml","p":1.54,"u":"6,16 €/L","img":"https://fd1-photos.leclercdrive.fr/image.ashx?id=2110236&use=l&cat=p&typeid=i","cat":284594},{"id":108724,"n":"Thé glacé Bio Village Bio Pêche - 1L","p":1.36,"u":"1,36 €/L","img":"https://fd1-photos.leclercdrive.fr/image.ashx?id=2670392&use=l&cat=p&typeid=i","cat":295019},{"id":108797,"n":"Limande Meunière MSC - 200g","p":4.16,"u":"20,80 €/KG","img":"https://fd1-photos.leclercdrive.fr/image.ashx?id=2417363&use=l&cat=p&typeid=i","cat":284344},{"id":108804,"n":"Compotes Pom'Potes Gourdes  Pomme Nature - 4x90g","p":1.79,"u":"4,97 €/KG","img":"https://fd1-photos.leclercdrive.fr/image.ashx?id=2968079&use=l&cat=p&typeid=i","cat":284508},{"id":108821,"n":"Fuet espagnol Argal 160g","p":3.05,"u":"19,06 €/KG","img":"https://fd1-photos.leclercdrive.fr/image.ashx?id=2955857&use=l&cat=p&typeid=i","cat":316006},{"id":108841,"n":"Foie morue nature Nautilus MSC - 25% sel - 120g","p":1.98,"u":"16,50 €/KG","img":"https://fd1-photos.leclercdrive.fr/image.ashx?id=2733610&use=l&cat=p&typeid=i","cat":305147},{"id":108844,"n":"Plat bébé soir Blédichef 12mois Spaghetti crème légumes -2x230g","p":3.24,"u":"7,04 €/KG","img":"https://fd1-photos.leclercdrive.fr/image.ashx?id=2643494&use=l&cat=p&typeid=i","cat":312239},{"id":108935,"n":"Crème entière fluide Bridelice 30% MG - 2x25cl","p":3.85,"u":"7,70 €/L","img":"https://fd1-photos.leclercdrive.fr/image.ashx?id=2911954&use=l&cat=p&typeid=i","cat":284381},{"id":108981,"n":"Bâtonnets Oasis Citron/orange - x10 - 400g","p":2.63,"u":"6,58 €/KG","img":"https://fd1-photos.leclercdrive.fr/image.ashx?id=2877832&use=l&cat=p&typeid=i","cat":284265},{"id":108997,"n":"Crème dessert Danette vanille chocolat -16x115g","p":4.99,"u":"2,71 €/KG","img":"https://fd1-photos.leclercdrive.fr/image.ashx?id=2949850&use=l&cat=p&typeid=i","cat":285041},{"id":109073,"n":"Piles lithium Foxter CR2016 - 3v - 5 Pièces","p":4.19,"u":"0,84 €/P","img":"https://fd1-photos.leclercdrive.fr/image.ashx?id=2162594&use=l&cat=p&typeid=i","cat":300572},{"id":109118,"n":"Pur jus de fruits Bio Village Bio - 1L","p":3.64,"u":"3,64 €/L","img":"https://fd1-photos.leclercdrive.fr/image.ashx?id=2901563&use=l&cat=p&typeid=i","cat":284917},{"id":109136,"n":"Bol carotte riz bio Bio Village Potimarron Dès 6 mois - 2x200g","p":2.19,"u":"5,48 €/KG","img":"https://fd1-photos.leclercdrive.fr/image.ashx?id=2704762&use=l&cat=p&typeid=i","cat":312239},{"id":109138,"n":"Smoothie innocent  énergie zeste 750ml","p":3.69,"u":"4,92 €/L","img":"https://fd1-photos.leclercdrive.fr/image.ashx?id=2892223&use=l&cat=p&typeid=i","cat":285435},{"id":109274,"n":"Yaourt Enfant Petits Filous Aromatisé à la Fraise - 6x100g","p":2.88,"u":"4,80 €/KG","img":"https://fd1-photos.leclercdrive.fr/image.ashx?id=2748434&use=l&cat=p&typeid=i","cat":284415},{"id":109309,"n":"Bol semoule 8 mois Bio Village Bio Patate douce lait - 2x200g","p":2.49,"u":"6,23 €/KG","img":"https://fd1-photos.leclercdrive.fr/image.ashx?id=2704807&use=l&cat=p&typeid=i","cat":312239},{"id":109310,"n":"Bol Bio Village 6 mois bio Petits pois Riz Maïs - 2x200g","p":2.21,"u":"5,53 €/KG","img":"https://fd1-photos.leclercdrive.fr/image.ashx?id=2704819&use=l&cat=p&typeid=i","cat":312239},{"id":109317,"n":"Bol Bio village 6 mois Bio Ratatouille Quinoa - 2x200g","p":2.45,"u":"6,13 €/KG","img":"https://fd1-photos.leclercdrive.fr/image.ashx?id=2704822&use=l&cat=p&typeid=i","cat":312239},{"id":109322,"n":"Bol legume vert riz Bio Village Saumon bio - 6 mois - 2x200g","p":2.55,"u":"6,38 €/KG","img":"https://fd1-photos.leclercdrive.fr/image.ashx?id=2704792&use=l&cat=p&typeid=i","cat":312235},{"id":109348,"n":"Panaché Falsbourg <0.5% vol. Canettes - 6x33cl","p":3.19,"u":"1,61 €/L","img":"https://fd1-photos.leclercdrive.fr/image.ashx?id=2637958&use=l&cat=p&typeid=i","cat":334853},{"id":109369,"n":"Panaché Falsbourg  <0.5% vol. - 10X25cl","p":2.99,"u":"1,20 €/L","img":"https://fd1-photos.leclercdrive.fr/image.ashx?id=2637967&use=l&cat=p&typeid=i","cat":334877},{"id":109384,"n":"Pur Jus de fruits Tropicana Sanguinello - 90cl","p":3.98,"u":"4,42 €/L","img":"https://fd1-photos.leclercdrive.fr/image.ashx?id=2533535&use=l&cat=p&typeid=i","cat":285435},{"id":109387,"n":"Pur jus Tropicana Réveil des Tropiques 90cl","p":2.98,"u":"3,31 €/L","img":"https://fd1-photos.leclercdrive.fr/image.ashx?id=2529279&use=l&cat=p&typeid=i","cat":285435},{"id":109398,"n":"Filet de poulet  La Nouvelle Agriculture x2 260g","p":4.74,"u":"18,23 €/KG","img":"https://fd1-photos.leclercdrive.fr/image.ashx?id=2629079&use=l&cat=p&typeid=i","cat":284336},{"id":109399,"n":"Fine escalope de dinde noire La Nouvelle Agriculture- 100g","p":2.22,"u":"22,20 €/KG","img":"https://fd1-photos.leclercdrive.fr/image.ashx?id=2364282&use=l&cat=p&typeid=i","cat":284337},{"id":109418,"n":"Rillettes de Thon MSC Ronde des Mers - 125g","p":1.69,"u":"13,52 €/KG","img":"https://fd1-photos.leclercdrive.fr/image.ashx?id=2436696&use=l&cat=p&typeid=i","cat":303867},{"id":109437,"n":"Repas bébé Blédichef 12 mois  Couscous - 2x230g","p":3.68,"u":"8,00 €/KG","img":"https://fd1-photos.leclercdrive.fr/image.ashx?id=2479706&use=l&cat=p&typeid=i","cat":312237},{"id":109441,"n":"Thon entier MSC Pêche Océan Naturel - 140g","p":2.15,"u":"15,36 €/KG","img":"https://fd1-photos.leclercdrive.fr/image.ashx?id=2942211&use=l&cat=p&typeid=i","cat":303867},{"id":109444,"n":"Bol brocolis Bio Village Pomme de terre bio 4mois 2x120g","p":1.45,"u":"6,04 €/KG","img":"https://fd1-photos.leclercdrive.fr/image.ashx?id=2704756&use=l&cat=p&typeid=i","cat":312234},{"id":109449,"n":"Jus innocent ananas 900ml","p":3.35,"u":"3,72 €/L","img":"https://fd1-photos.leclercdrive.fr/image.ashx?id=2184732&use=l&cat=p&typeid=i","cat":285435},{"id":109450,"n":"Bol haricots verts bio Bio Village - 4 mois - 2x120g","p":1.29,"u":"5,38 €/KG","img":"https://fd1-photos.leclercdrive.fr/image.ashx?id=2704777&use=l&cat=p&typeid=i","cat":312239},{"id":109451,"n":"Boisson lactée Danao Multivitaminé - 900ml","p":2.72,"u":"3,02 €/L","img":"https://fd1-photos.leclercdrive.fr/image.ashx?id=2637216&use=l&cat=p&typeid=i","cat":285435},{"id":109452,"n":"Bol potiron courge bio Bio Village - 4 mois - 2x120g","p":1.45,"u":"6,04 €/KG","img":"https://fd1-photos.leclercdrive.fr/image.ashx?id=2704816&use=l&cat=p&typeid=i","cat":312234},{"id":109455,"n":"Boisson lactée Danao Orange Banane Fraise - 900ml","p":2.86,"u":"3,18 €/L","img":"https://fd1-photos.leclercdrive.fr/image.ashx?id=2609908&use=l&cat=p&typeid=i","cat":285435},{"id":109457,"n":"Boisson lactée Danao Pêche Abricot - 900ml","p":2.83,"u":"3,14 €/L","img":"https://fd1-photos.leclercdrive.fr/image.ashx?id=2606367&use=l&cat=p&typeid=i","cat":285435},{"id":109509,"n":"crème dessert café danette - 4x125g","p":1.68,"u":"3,36 €/KG","img":"https://fd1-photos.leclercdrive.fr/image.ashx?id=2961867&use=l&cat=p&typeid=i","cat":285041},{"id":109545,"n":"Pain de mie Beau & Bon Harrys Céréales & graines - 320g","p":1.98,"u":"6,19 €/KG","img":"https://fd1-photos.leclercdrive.fr/image.ashx?id=2517480&use=l&cat=p&typeid=i","cat":284477},{"id":109548,"n":"Olives vertes bio Bio Village - 160g","p":2.79,"u":"17,44 €/KG","img":"https://fd1-photos.leclercdrive.fr/image.ashx?id=2552448&use=l&cat=p&typeid=i","cat":284450},{"id":109565,"n":"Thon entier MSC Pêche Océan Naturel - 93g","p":1.99,"u":"21,40 €/KG","img":"https://fd1-photos.leclercdrive.fr/image.ashx?id=2942217&use=l&cat=p&typeid=i","cat":303867},{"id":109567,"n":"AdBlue Diframa avec flexible 5L","p":7.9,"u":"1,58 €/L","img":"https://fd1-photos.leclercdrive.fr/image.ashx?id=1867723&use=l&cat=p&typeid=i","cat":298253},{"id":109577,"n":"Recharge Électrique Glade Fleur de Vanille 20ml","p":4.34,"img":"https://fd1-photos.leclercdrive.fr/image.ashx?id=2600776&use=l&cat=p&typeid=i","cat":311629},{"id":109578,"n":"Mouchoirs Ultra Soft Kleenex® Etuis mini x10","p":1.99,"u":"0,20 €/P","img":"https://fd1-photos.leclercdrive.fr/image.ashx?id=2840307&use=l&cat=p&typeid=i","cat":284638},{"id":109579,"n":"Pain de mie 100% Mie Harrys Nature sans sucre ajouté - 500g","p":2.54,"u":"5,08 €/KG","img":"https://fd1-photos.leclercdrive.fr/image.ashx?id=2517477&use=l&cat=p&typeid=i","cat":284477},{"id":109587,"n":"Diffuseur électrique Glade + Recharge Bois de Santal 20ml","p":5.98,"img":"https://fd1-photos.leclercdrive.fr/image.ashx?id=2864152&use=l&cat=p&typeid=i","cat":311629},{"id":109607,"n":"Skyr Danone nature 0%mg - 480g","p":3.46,"u":"7,21 €/KG","img":"https://fd1-photos.leclercdrive.fr/image.ashx?id=2810615&use=l&cat=p&typeid=i","cat":284409},{"id":109608,"n":"skyr 0%mg light&free nature - 480g","p":3.23,"u":"6,73 €/KG","img":"https://fd1-photos.leclercdrive.fr/image.ashx?id=2167781&use=l&cat=p&typeid=i","cat":315000},{"id":109609,"n":"Petit suisse nature Gervais 3,9% MG - 12x60g","p":2.74,"u":"3,81 €/KG","img":"https://fd1-photos.leclercdrive.fr/image.ashx?id=2256757&use=l&cat=p&typeid=i","cat":284409},{"id":109627,"n":"Crème dessert Danette vanille lit de chocolat -4x125g","p":1.7,"u":"3,40 €/KG","img":"https://fd1-photos.leclercdrive.fr/image.ashx?id=2939187&use=l&cat=p&typeid=i","cat":285041},{"id":109664,"n":"Tomato Ketchup Allégé Heinz 50% sucre/sel en moins - 625g","p":3.66,"u":"5,86 €/KG","img":"https://fd1-photos.leclercdrive.fr/image.ashx?id=2927717&use=l&cat=p&typeid=i","cat":284455},{"id":109666,"n":"Café en grains L'OR Sélection 100% Arabica N° 6 1kg","p":18.61,"u":"18,61 €/KG","img":"https://fd1-photos.leclercdrive.fr/image.ashx?id=3000483&use=l&cat=p&typeid=i","cat":293237},{"id":109670,"n":"Compotes Pom'Potes Gourdes  Mix de Pommes - 20x90g","p":7.38,"u":"4,10 €/KG","img":"https://fd1-photos.leclercdrive.fr/image.ashx?id=2563349&use=l&cat=p&typeid=i","cat":284508},{"id":109742,"n":"Jus pour bébé NATURNES BIO Poire Abricot 6M+ - 20cl","p":0.99,"u":"4,95 €/L","img":"https://fd1-photos.leclercdrive.fr/image.ashx?id=2532258&use=l&cat=p&typeid=i","cat":312388},{"id":109747,"n":"Mouchoirs Essential Kleenex® Etuis mini x6","p":1.02,"u":"0,17 €/P","img":"https://fd1-photos.leclercdrive.fr/image.ashx?id=2840310&use=l&cat=p&typeid=i","cat":284638},{"id":109749,"n":"Liquide de rinçage Uni Vert Lave-vaisselle Ecologique-750ml","p":1.99,"u":"2,65 €/L","img":"https://fd1-photos.leclercdrive.fr/image.ashx?id=2184134&use=l&cat=p&typeid=i","cat":284657},{"id":109753,"n":"Sauce crudité Amora Nature - 380ml","p":1.89,"u":"4,97 €/KG","img":"https://fd1-photos.leclercdrive.fr/image.ashx?id=2644995&use=l&cat=p&typeid=i","cat":284456},{"id":109756,"n":"Sauce gourmet Amora Poivre - 188g","p":1.74,"u":"9,26 €/KG","img":"https://fd1-photos.leclercdrive.fr/image.ashx?id=2181056&use=l&cat=p&typeid=i","cat":318430},{"id":109842,"n":"Wings party Maître Coq Barbecue - 400g","p":4.74,"u":"11,85 €/KG","img":"https://fd1-photos.leclercdrive.fr/image.ashx?id=2095620&use=l&cat=p&typeid=i","cat":333685},{"id":109856,"n":"AOP Vin d'Alsace Pinot blanc vin blanc Rebmann - 75 cl","p":4.99,"u":"6,65 €/L","img":"https://fd1-photos.leclercdrive.fr/image.ashx?id=2702333&use=l&cat=p&typeid=i","cat":289557},{"id":109873,"n":"Pur jus de pomme Jafaden Douceur - 1L","p":1.5,"u":"1,50 €/L","img":"https://fd1-photos.leclercdrive.fr/image.ashx?id=2863178&use=l&cat=p&typeid=i","cat":284522},{"id":109892,"n":"Soda Coca-Cola Cherry Bouteille - 1,25L","p":1.77,"u":"1,42 €/L","img":"https://fd1-photos.leclercdrive.fr/image.ashx?id=2678161&use=l&cat=p&typeid=i","cat":284530},{"id":109893,"n":"Soda Coca-Cola Vanille Bouteille - 1,25L","p":1.77,"u":"1,42 €/L","img":"https://fd1-photos.leclercdrive.fr/image.ashx?id=2678164&use=l&cat=p&typeid=i","cat":284530},{"id":109948,"n":"Boisson à base de vin Very Vin blanc - Pêche - 3L","p":9.45,"u":"3,15 €/L","img":"https://fd1-photos.leclercdrive.fr/image.ashx?id=1882151&use=l&cat=p&typeid=i","cat":304569},{"id":110000,"n":"Cornichons fins AMORA Bocal - 540g","p":3.78,"u":"7,00 €/KG","img":"https://fd1-photos.leclercdrive.fr/image.ashx?id=2672710&use=l&cat=p&typeid=i","cat":284458},{"id":110005,"n":"Repas bébé Blédichef 12 mois  Riz légumes poulet - 2x230g","p":3.99,"u":"8,67 €/KG","img":"https://fd1-photos.leclercdrive.fr/image.ashx?id=2361843&use=l&cat=p&typeid=i","cat":312237},{"id":110007,"n":"Tam Tam l'Original Saint-Michel - 275g","p":2.03,"u":"7,38 €/KG","img":"https://fd1-photos.leclercdrive.fr/image.ashx?id=2936239&use=l&cat=p&typeid=i","cat":284495},{"id":110009,"n":"Boisson végétale Bio Village Epeautre bio - 1l","p":1.9,"u":"1,90 €/L","img":"https://fd1-photos.leclercdrive.fr/image.ashx?id=2384935&use=l&cat=p&typeid=i","cat":316067},{"id":110022,"n":"Chien Medium/maxi Adulte One  Contrôle de poids - dinde 2.5kg","p":8.25,"u":"3,30 €/KG","img":"https://fd1-photos.leclercdrive.fr/image.ashx?id=2434494&use=l&cat=p&typeid=i","cat":284672},{"id":110039,"n":"Boisson amande Nat & Vie Sans sucre - 1L","p":1.36,"u":"1,36 €/L","img":"https://fd1-photos.leclercdrive.fr/image.ashx?id=2882340&use=l&cat=p&typeid=i","cat":316067},{"id":110048,"n":"Tendres effilés Chats Felix Encore plus de sauce 12x85g","p":4.98,"u":"4,88 €/KG","img":"https://fd1-photos.leclercdrive.fr/image.ashx?id=2957662&use=l&cat=p&typeid=i","cat":285286},{"id":110086,"n":"Joker Le Fruit Jus d'orange Et d'agrumes - 1L","p":2.55,"u":"2,55 €/L","img":"https://fd1-photos.leclercdrive.fr/image.ashx?id=2678960&use=l&cat=p&typeid=i","cat":284521},{"id":110089,"n":"Croquettes chat  One Nature stérilisé boeuf - 1.4kg","p":7.77,"u":"5,55 €/KG","img":"https://fd1-photos.leclercdrive.fr/image.ashx?id=2383907&use=l&cat=p&typeid=i","cat":284680},{"id":110097,"n":"Café en grains Plantation  Noir - 500g","p":7.88,"u":"15,76 €/KG","img":"https://fd1-photos.leclercdrive.fr/image.ashx?id=2922950&use=l&cat=p&typeid=i","cat":293237},{"id":110101,"n":"Huile d'olive vierge extra 1.5L","p":12.9,"u":"8,60 €/L","img":"https://fd1-photos.leclercdrive.fr/image.ashx?id=2898035&use=l&cat=p&typeid=i","cat":284453},{"id":110103,"n":"Huile d'olive vierge extra 25cl","p":2.89,"u":"11,56 €/L","img":"https://fd1-photos.leclercdrive.fr/image.ashx?id=2892349&use=l&cat=p&typeid=i","cat":284453},{"id":110107,"n":"Chipolatas & Merguez Bigard Label Rouge -  330g","p":4.47,"u":"13,55 €/KG","img":"https://fd1-photos.leclercdrive.fr/image.ashx?id=2208324&use=l&cat=p&typeid=i","cat":284334},{"id":110108,"n":"Merguez Bigard Label Rouge - 330g","p":6.38,"u":"19,33 €/KG","img":"https://fd1-photos.leclercdrive.fr/image.ashx?id=2208327&use=l&cat=p&typeid=i","cat":284334},{"id":110121,"n":"Whisky Aberlour 10 ans Forest Single Malt Scotch 40% vol 70cl","p":25.82,"u":"36,89 €/L","img":"https://fd1-photos.leclercdrive.fr/image.ashx?id=3014871&use=l&cat=p&typeid=i","cat":284547},{"id":110130,"n":"Dessert lacté Bio Village Bio - Abricot 6-9 mois 4x100g","p":2.04,"u":"5,10 €/KG","img":"https://fd1-photos.leclercdrive.fr/image.ashx?id=2709752&use=l&cat=p&typeid=i","cat":312392},{"id":110139,"n":"Dessert lacté bio Bio Village Brassé nature sucré - 4x100g","p":2.12,"u":"5,30 €/KG","img":"https://fd1-photos.leclercdrive.fr/image.ashx?id=2709761&use=l&cat=p&typeid=i","cat":312392},{"id":110143,"n":"Bol carotte bio Bio Village Pomme de terre saumon 2x200g","p":2.65,"u":"6,63 €/KG","img":"https://fd1-photos.leclercdrive.fr/image.ashx?id=2704765&use=l&cat=p&typeid=i","cat":312236},{"id":110145,"n":"Bol courgette Bio Village Riz veau bio - 12 mois - 200g","p":2.69,"u":"6,73 €/KG","img":"https://fd1-photos.leclercdrive.fr/image.ashx?id=2704774&use=l&cat=p&typeid=i","cat":312237},{"id":110146,"n":"Matière grasse Rustica Tournesol -60%MG -1/2 sel -500G","p":1.75,"u":"3,50 €/KG","img":"https://fd1-photos.leclercdrive.fr/image.ashx?id=2949421&use=l&cat=p&typeid=i","cat":315229},{"id":110150,"n":"Bol légumes  Bio Village Bio Poulet - 8mois - 2x200g","p":2.48,"u":"6,20 €/KG","img":"https://fd1-photos.leclercdrive.fr/image.ashx?id=2704780&use=l&cat=p&typeid=i","cat":312236},{"id":110159,"n":"Bol légumes saumon Bio Village Bio - 12 mois - 2x200g","p":2.69,"u":"6,73 €/KG","img":"https://fd1-photos.leclercdrive.fr/image.ashx?id=2704783&use=l&cat=p&typeid=i","cat":312237},{"id":110164,"n":"Bol légumes vert Bio Village Pâtes dinde bio 8 mois - 2x200g","p":2.59,"u":"6,48 €/KG","img":"https://fd1-photos.leclercdrive.fr/image.ashx?id=2704789&use=l&cat=p&typeid=i","cat":312236},{"id":110165,"n":"Repas bébé bio Bio Village Légumes à la provençale 2x120g","p":1.45,"u":"6,04 €/KG","img":"https://fd1-photos.leclercdrive.fr/image.ashx?id=2704786&use=l&cat=p&typeid=i","cat":312239},{"id":110168,"n":"Jus De Pomme Sous le Pommier 1L","p":2.59,"u":"2,59 €/L","img":"https://fd1-photos.leclercdrive.fr/image.ashx?id=2768957&use=l&cat=p&typeid=i","cat":284522},{"id":110170,"n":"Bol panais carotte Bio Village Poulet bio - 12 mois - 2x200g","p":2.69,"u":"6,73 €/KG","img":"https://fd1-photos.leclercdrive.fr/image.ashx?id=2704801&use=l&cat=p&typeid=i","cat":312237},{"id":110177,"n":"Bol Bio Village Pot au feu bio 8 mois - 2x200g","p":2.57,"u":"6,43 €/KG","img":"https://fd1-photos.leclercdrive.fr/image.ashx?id=2704813&use=l&cat=p&typeid=i","cat":312236},{"id":110178,"n":"Radis ronds  Panier du Primeur - 250g","p":0.99,"u":"3,96 €/KG","img":"https://fd1-photos.leclercdrive.fr/image.ashx?id=3015117&use=l&cat=p&typeid=i","cat":284352},{"id":110179,"n":"Bol risotto Tomate Bio Village Aubergine bio - 2x200g","p":2.55,"u":"6,38 €/KG","img":"https://fd1-photos.leclercdrive.fr/image.ashx?id=2704825&use=l&cat=p&typeid=i","cat":312237},{"id":110182,"n":"Bol Spaghetti Bio Village 8mois Bio Bolognaise - 2x200g","p":2.59,"u":"6,48 €/KG","img":"https://fd1-photos.leclercdrive.fr/image.ashx?id=2704828&use=l&cat=p&typeid=i","cat":312236},{"id":110186,"n":"Bol légume soleil Bio Village Pâtes bio - 12 mois 2x200g","p":2.55,"u":"6,38 €/KG","img":"https://fd1-photos.leclercdrive.fr/image.ashx?id=2704831&use=l&cat=p&typeid=i","cat":312239},{"id":110327,"n":"IGP île de Beauté rosé BIB 3L","p":16.85,"u":"5,62 €/L","img":"https://fd1-photos.leclercdrive.fr/image.ashx?id=2549708&use=l&cat=p&typeid=i","cat":289560},{"id":110440,"n":"Viande hachée tradition Charal Prêt à cuisiner 5%mg - 500g","p":9.11,"u":"18,22 €/KG","img":"https://fd1-photos.leclercdrive.fr/image.ashx?id=2014385&use=l&cat=p&typeid=i","cat":284332},{"id":110490,"n":"Crevette d'équateur Escal King Size - ASC - 250g","p":7.49,"pp":4.94,"u":"19,76 €/KG","img":"https://fd1-photos.leclercdrive.fr/image.ashx?id=2407223&use=l&cat=p&typeid=i","cat":319787},{"id":110491,"n":"Crevettes cocktail Escal Cuites - ASC - 330 g","p":7.49,"pp":4.94,"u":"14,97 €/KG","img":"https://fd1-photos.leclercdrive.fr/image.ashx?id=1706421&use=l&cat=p&typeid=i","cat":319787},{"id":110509,"n":"boisson végétale lait d'amande non grillée sans sucre alpro-1l","p":2.37,"u":"2,37 €/L","img":"https://fd1-photos.leclercdrive.fr/image.ashx?id=2980085&use=l&cat=p&typeid=i","cat":316067},{"id":110556,"n":"Jus innocent plus  infatigableu 750ml","p":2.94,"u":"3,92 €/L","img":"https://fd1-photos.leclercdrive.fr/image.ashx?id=2862874&use=l&cat=p&typeid=i","cat":285435},{"id":110566,"n":"Crème dépilatoire Veet Men Corps Peaux Sensibles 200ml","p":4.4,"u":"22,00 €/L","img":"https://fd1-photos.leclercdrive.fr/image.ashx?id=2965689&use=l&cat=p&typeid=i","cat":284617},{"id":110568,"n":"Gel Lubrifiant Intime Durex Naturel Confort Base Eau 100ml","p":7.64,"u":"76,40 €/L","img":"https://fd1-photos.leclercdrive.fr/image.ashx?id=2960687&use=l&cat=p&typeid=i","cat":285160},{"id":110575,"n":"Dentifrice Bionaïa Coco Aloe Vera bio - 75ml","p":1.99,"u":"26,53 €/L","img":"https://fd1-photos.leclercdrive.fr/image.ashx?id=2529549&use=l&cat=p&typeid=i","cat":284612},{"id":110577,"n":"Serviette incontinence Chorys Normal - x16","p":2.62,"u":"0,16 €/P","img":"https://fd1-photos.leclercdrive.fr/image.ashx?id=2393899&use=l&cat=p&typeid=i","cat":284628},{"id":110586,"n":"Diffuseur Sense & Spray Glade Bois de Santal & Jasmin 18ml","p":6.93,"u":"Dont 0,02 € d'éco-part.","img":"https://fd1-photos.leclercdrive.fr/image.ashx?id=1704085&use=l&cat=p&typeid=i","cat":311629},{"id":110587,"n":"Diffuseur Touch & Fresh Glade Marine 10ml","p":4.13,"img":"https://fd1-photos.leclercdrive.fr/image.ashx?id=2117633&use=l&cat=p&typeid=i","cat":311629},{"id":110590,"n":"Recharge Électrique Glade Bois de Santal & Jasmin 20ml","p":3.92,"img":"https://fd1-photos.leclercdrive.fr/image.ashx?id=2600773&use=l&cat=p&typeid=i","cat":311629},{"id":110595,"n":"Gel Lave-Vaisselle Sun Tout-en-1 Expert Plus 52 Lavage","p":7.9,"u":"8,78 €/L","img":"https://fd1-photos.leclercdrive.fr/image.ashx?id=2835580&use=l&cat=p&typeid=i","cat":284656},{"id":110596,"n":"Poudre Lave Vaisselle Sun Classique 90 Lavages","p":9.04,"u":"3,17 €/KG","img":"https://fd1-photos.leclercdrive.fr/image.ashx?id=2866172&use=l&cat=p&typeid=i","cat":284656},{"id":110645,"n":"Assiette plate Ardence 25cm - 1 pièce","p":1.99,"img":"https://fd1-photos.leclercdrive.fr/image.ashx?id=1704179&use=l&cat=p&typeid=i","cat":334134},{"id":110648,"n":"Assiette dessert Ardence 20cm - 1 pièce","p":1.29,"img":"https://fd1-photos.leclercdrive.fr/image.ashx?id=1704311&use=l&cat=p&typeid=i","cat":334134},{"id":110649,"n":"Assiette creuse Ardence Forme coupe - 1 pièce","p":1.99,"img":"https://fd1-photos.leclercdrive.fr/image.ashx?id=1704314&use=l&cat=p&typeid=i","cat":334134},{"id":110664,"n":"Bol parisien Eco+ Transparent 51cl - 1 pièce","p":1.08,"img":"https://fd1-photos.leclercdrive.fr/image.ashx?id=1704284&use=l&cat=p&typeid=i","cat":334134},{"id":110676,"n":"Riz cuisine Bio Village Fluide bio - 3x20cl","p":2.49,"u":"4,15 €/KG","img":"https://fd1-photos.leclercdrive.fr/image.ashx?id=2717260&use=l&cat=p&typeid=i","cat":288381},{"id":110677,"n":"Couteau Le Couteau du chef De cuisine 17cm - 1 pièce","p":7.25,"img":"https://fd1-photos.leclercdrive.fr/image.ashx?id=1889893&use=l&cat=p&typeid=i","cat":334135},{"id":110678,"n":"Bouillon cube Bio Village Volaille Bio - x8 - 80g","p":1.43,"u":"17,88 €/KG","img":"https://fd1-photos.leclercdrive.fr/image.ashx?id=2140950&use=l&cat=p&typeid=i","cat":288379},{"id":110681,"n":"Mayonaise Bio Bio Village Dijon - 238g","p":2.35,"u":"9,87 €/KG","img":"https://fd1-photos.leclercdrive.fr/image.ashx?id=2664869&use=l&cat=p&typeid=i","cat":298295},{"id":110707,"n":"Beurre gastronomique Les Croisé Doux - 82% MG - 250g","p":2.49,"u":"9,96 €/KG","img":"https://fd1-photos.leclercdrive.fr/image.ashx?id=2833005&use=l&cat=p&typeid=i","cat":284379},{"id":110712,"n":"Boisson lacté Délisse Vanille - 6x20cl","p":2.19,"u":"1,83 €/L","img":"https://fd1-photos.leclercdrive.fr/image.ashx?id=2994821&use=l&cat=p&typeid=i","cat":295246},{"id":110741,"n":"Sel gros réduit Cerebos Sodium 33% - 700g","p":3.81,"u":"5,44 €/KG","img":"https://fd1-photos.leclercdrive.fr/image.ashx?id=2580937&use=l&cat=p&typeid=i","cat":284457},{"id":110767,"n":"Tasse Ardence 9cl - 1 pièce","p":0.9,"img":"https://fd1-photos.leclercdrive.fr/image.ashx?id=1704508&use=l&cat=p&typeid=i","cat":334134},{"id":110813,"n":"Coupelle Ardence 1 pièce","p":1.2,"img":"https://fd1-photos.leclercdrive.fr/image.ashx?id=1705093&use=l&cat=p&typeid=i","cat":334134},{"id":110827,"n":"Jus pour bébé Naturnes Bio Pomme mangue 6M+ 20cl","p":0.78,"u":"3,90 €/L","img":"https://fd1-photos.leclercdrive.fr/image.ashx?id=2406235&use=l&cat=p&typeid=i","cat":312388},{"id":110845,"n":"Huile végétale So'Bio Etic Amande douce bio - 50ml","p":4.84,"u":"96,80 €/L","img":"https://fd1-photos.leclercdrive.fr/image.ashx?id=2827956&use=l&cat=p&typeid=i","cat":325349},{"id":110846,"n":"Huile végétale So'Bio Etic de ricin bio - 50ml","p":5.09,"u":"101,80 €/L","img":"https://fd1-photos.leclercdrive.fr/image.ashx?id=2752465&use=l&cat=p&typeid=i","cat":325349},{"id":110847,"n":"Huile végétale So'Bio Etic Coco bio - 50ml","p":5.21,"u":"104,20 €/L","img":"https://fd1-photos.leclercdrive.fr/image.ashx?id=2827959&use=l&cat=p&typeid=i","cat":325349},{"id":110849,"n":"Dentifrice Bionaïa Charbon bio - 75ml","p":1.99,"u":"26,53 €/L","img":"https://fd1-photos.leclercdrive.fr/image.ashx?id=2529546&use=l&cat=p&typeid=i","cat":284612},{"id":110854,"n":"Fido Purina Bacon twist - 120g","p":2.0,"u":"16,67 €/KG","img":"https://fd1-photos.leclercdrive.fr/image.ashx?id=2447163&use=l&cat=p&typeid=i","cat":294527},{"id":110856,"n":"Pack bières blondes 8.6 8.6%vol - 4x50cl","p":5.52,"u":"2,76 €/L","img":"https://fd1-photos.leclercdrive.fr/image.ashx?id=2841601&use=l&cat=p&typeid=i","cat":334853},{"id":110857,"n":"Boisson effervescente base vin Désalcoolisé Diane D’Arria 75cl","p":2.79,"u":"3,72 €/L","img":"https://fd1-photos.leclercdrive.fr/image.ashx?id=2149728&use=l&cat=p&typeid=i","cat":289460},{"id":110858,"n":"Jus pour bébé Naturnes 6 mois Poire Banane Bio - 200ml","p":0.97,"u":"4,85 €/L","img":"https://fd1-photos.leclercdrive.fr/image.ashx?id=2406238&use=l&cat=p&typeid=i","cat":312388},{"id":110882,"n":"Compote bébé Babybio  6mois Bio Pomme Banane Lait  Coco 260g","p":2.15,"u":"8,27 €/KG","img":"https://fd1-photos.leclercdrive.fr/image.ashx?id=2827515&use=l&cat=p&typeid=i","cat":312388},{"id":110884,"n":"Viande hachée Bio Yooji Dinde - 6 mois et   - 120g","p":4.57,"u":"38,08 €/KG","img":"https://fd1-photos.leclercdrive.fr/image.ashx?id=2575738&use=l&cat=p&typeid=i","cat":290631},{"id":110913,"n":"Sirop sport Grenadine - 60cl","p":2.29,"u":"3,82 €/L","img":"https://fd1-photos.leclercdrive.fr/image.ashx?id=1892348&use=l&cat=p&typeid=i","cat":295020},{"id":110926,"n":"Crème cerises Giffard 16%vol - 50cl","p":5.5,"pp":4.95,"u":"9,90 €/L","img":"https://fd1-photos.leclercdrive.fr/image.ashx?id=2219666&use=l&cat=p&typeid=i","cat":286032},{"id":110927,"n":"Crème fraise des bois Giffard 16%vol - 50cl","p":5.5,"pp":4.95,"u":"9,90 €/L","img":"https://fd1-photos.leclercdrive.fr/image.ashx?id=2219663&use=l&cat=p&typeid=i","cat":286032},{"id":111207,"n":"Jenlain ambrée 75cl","p":2.69,"u":"3,59 €/L","img":"https://fd1-photos.leclercdrive.fr/image.ashx?id=2732848&use=l&cat=p&typeid=i","cat":334852},{"id":111211,"n":"Pain de mie La Boulangère Seigle graines - 500g","p":1.97,"u":"3,94 €/KG","img":"https://fd1-photos.leclercdrive.fr/image.ashx?id=2912425&use=l&cat=p&typeid=i","cat":284477},{"id":111354,"n":"Crevettes nature Assiette Bleue Décortiquées - 200g","p":6.49,"u":"32,45 €/KG","img":"https://fd1-photos.leclercdrive.fr/image.ashx?id=2399661&use=l&cat=p&typeid=i","cat":284343},{"id":111369,"n":"Allumettes Eco+ Fumées - 2x100g","p":1.18,"u":"5,90 €/KG","img":"https://fd1-photos.leclercdrive.fr/image.ashx?id=2688258&use=l&cat=p&typeid=i","cat":316011},{"id":111385,"n":"Croquette chat stérilisé Ultima Boeuf - 1.5kg","p":6.92,"u":"4,61 €/KG","img":"https://fd1-photos.leclercdrive.fr/image.ashx?id=2921903&use=l&cat=p&typeid=i","cat":284680},{"id":111414,"n":"Repas bébé Blédichef 12 mois  Spaghetti bolognaise - 230g","p":1.74,"u":"7,57 €/KG","img":"https://fd1-photos.leclercdrive.fr/image.ashx?id=2643491&use=l&cat=p&typeid=i","cat":312237},{"id":111415,"n":"Repas bébé Blédichef 12 mois Purée épinards saumon - 230g","p":1.74,"u":"6,96 €/KG","img":"https://fd1-photos.leclercdrive.fr/image.ashx?id=1710731&use=l&cat=p&typeid=i","cat":312237},{"id":111418,"n":"Repas bébé Blédichef 15 mois Risotto courgette saumon - 250g","p":1.96,"u":"7,84 €/KG","img":"https://fd1-photos.leclercdrive.fr/image.ashx?id=2643488&use=l&cat=p&typeid=i","cat":312238},{"id":111419,"n":"Repas bébé Blédichef 24 mois  Macaroni carotte boeuf - 250g","p":1.77,"u":"7,08 €/KG","img":"https://fd1-photos.leclercdrive.fr/image.ashx?id=2951593&use=l&cat=p&typeid=i","cat":312238},{"id":111422,"n":"Compotes Pom'Potes Gourdes  Pomm P. Frais P. Framb - 32x90g","p":12.39,"u":"4,30 €/KG","img":"https://fd1-photos.leclercdrive.fr/image.ashx?id=2870182&use=l&cat=p&typeid=i","cat":284508},{"id":111424,"n":"Repas bébé Blédichef 12 mois  Hachis parmentier - 230g","p":1.68,"u":"7,30 €/KG","img":"https://fd1-photos.leclercdrive.fr/image.ashx?id=2478571&use=l&cat=p&typeid=i","cat":312237},{"id":111425,"n":"Chips lentilles Vico Fines herbes - 85g","p":1.56,"u":"18,35 €/KG","img":"https://fd1-photos.leclercdrive.fr/image.ashx?id=3000096&use=l&cat=p&typeid=i","cat":284447},{"id":111426,"n":"Chips lentille Vico Tomate mozzarella - 85g","p":1.94,"u":"22,82 €/KG","img":"https://fd1-photos.leclercdrive.fr/image.ashx?id=2989255&use=l&cat=p&typeid=i","cat":284447},{"id":111428,"n":"Thé vert citron vert Twinings Gingembre - 20 sachets - 32g","p":2.88,"u":"90,00 €/KG","img":"https://fd1-photos.leclercdrive.fr/image.ashx?id=2893042&use=l&cat=p&typeid=i","cat":293233},{"id":111432,"n":"Plat bébé soir Blédichef 15mois Pomme de terre chou fleur -250g","p":1.92,"u":"7,68 €/KG","img":"https://fd1-photos.leclercdrive.fr/image.ashx?id=2479018&use=l&cat=p&typeid=i","cat":312239},{"id":111433,"n":"Repas bébé Blédichef 18 mois  Paëlla - 250g","p":1.83,"u":"7,32 €/KG","img":"https://fd1-photos.leclercdrive.fr/image.ashx?id=2951587&use=l&cat=p&typeid=i","cat":312238},{"id":111435,"n":"Repas bébé Blédichef 18 mois  Ratatouille poulet - 250g","p":1.83,"u":"7,32 €/KG","img":"https://fd1-photos.leclercdrive.fr/image.ashx?id=2951596&use=l&cat=p&typeid=i","cat":312238},{"id":111448,"n":"Snack Bio Village Lentilles bio - 60g","p":2.04,"u":"34,00 €/KG","img":"https://fd1-photos.leclercdrive.fr/image.ashx?id=1709361&use=l&cat=p&typeid=i","cat":284449},{"id":111449,"n":"Snack Bio Village Pois chiches bio - 60g","p":2.04,"u":"34,00 €/KG","img":"https://fd1-photos.leclercdrive.fr/image.ashx?id=1709364&use=l&cat=p&typeid=i","cat":284449},{"id":111455,"n":"Pot bébé truite 6-9mois Babybio Carotte potimarron bio - 2x200g","p":3.44,"u":"8,60 €/KG","img":"https://fd1-photos.leclercdrive.fr/image.ashx?id=2857344&use=l&cat=p&typeid=i","cat":312236},{"id":111462,"n":"Thé vert Sencha Bio Pages 20 sachets - 36g","p":2.52,"u":"70,00 €/KG","img":"https://fd1-photos.leclercdrive.fr/image.ashx?id=2751093&use=l&cat=p&typeid=i","cat":293233},{"id":111587,"n":"Café dosettes Tassimo L'Or XL Classique x16","p":4.76,"u":"35,00 €/KG","img":"https://fd1-photos.leclercdrive.fr/image.ashx?id=2100308&use=l&cat=p&typeid=i","cat":293240},{"id":111590,"n":"Capsules café L'Or Espresso Lungo Mattinata N°5 x10","p":3.46,"u":"66,54 €/KG","img":"https://fd1-photos.leclercdrive.fr/image.ashx?id=3002309&use=l&cat=p&typeid=i","cat":284749},{"id":111605,"n":"Capsules de café Illy Espresso Classic - x10 - 57g","p":4.87,"u":"85,44 €/KG","img":"https://fd1-photos.leclercdrive.fr/image.ashx?id=1754911&use=l&cat=p&typeid=i","cat":284749},{"id":111607,"n":"Café capsules Illy Espresso Intense - x10 - 57g","p":4.99,"u":"87,54 €/KG","img":"https://fd1-photos.leclercdrive.fr/image.ashx?id=1754920&use=l&cat=p&typeid=i","cat":284749},{"id":111608,"n":"Café capsules Illy Espresso Forte - x10 - 57g","p":4.66,"u":"81,75 €/KG","img":"https://fd1-photos.leclercdrive.fr/image.ashx?id=1754914&use=l&cat=p&typeid=i","cat":284749},{"id":111695,"n":"Boisson lactée  Bio Candy'UP Chocolat - 4x20cl","p":2.34,"u":"2,93 €/L","img":"https://fd1-photos.leclercdrive.fr/image.ashx?id=1984945&use=l&cat=p&typeid=i","cat":295246},{"id":111749,"n":"Dés de fromage aux noix Petit Marché - 120g","p":2.39,"u":"19,92 €/KG","img":"https://fd1-photos.leclercdrive.fr/image.ashx?id=2511558&use=l&cat=p&typeid=i","cat":314027},{"id":111785,"n":"Soda Pepsi Cola cerise sans sucres - 1.5L","p":1.69,"u":"1,13 €/L","img":"https://fd1-photos.leclercdrive.fr/image.ashx?id=2734924&use=l&cat=p&typeid=i","cat":284530},{"id":111893,"n":"Crème anti-crevasses Primoplast Talons - 60ml","p":2.89,"u":"48,17 €/L","img":"https://fd1-photos.leclercdrive.fr/image.ashx?id=2856567&use=l&cat=p&typeid=i","cat":325354},{"id":111894,"n":"Coloration Perfect Mousse  Schwarzkopf - 668 noisette","p":7.23,"img":"https://fd1-photos.leclercdrive.fr/image.ashx?id=2856709&use=l&cat=p&typeid=i","cat":288899},{"id":111895,"n":"Coloration Perfect Mousse Schwarzkopf - 500 châtain","p":6.65,"img":"https://fd1-photos.leclercdrive.fr/image.ashx?id=2970882&use=l&cat=p&typeid=i","cat":288899},{"id":111896,"n":"Coloration Perfect Mousse Schwarzkopf - 200 noir","p":6.49,"img":"https://fd1-photos.leclercdrive.fr/image.ashx?id=2970885&use=l&cat=p&typeid=i","cat":288899},{"id":111899,"n":"Coloration Perfect Mousse Schwarzkopf - 465 châtain choco","p":6.64,"img":"https://fd1-photos.leclercdrive.fr/image.ashx?id=2921555&use=l&cat=p&typeid=i","cat":288899},{"id":111900,"n":"Coloration Permanente Olia 4.0 Chatain Pur sans ammoniaque","p":8.69,"img":"https://fd1-photos.leclercdrive.fr/image.ashx?id=2471319&use=l&cat=p&typeid=i","cat":288899},{"id":111901,"n":"Coloration Permanente Olia 4.15 Marron Glacé","p":8.39,"img":"https://fd1-photos.leclercdrive.fr/image.ashx?id=2471322&use=l&cat=p&typeid=i","cat":288899},{"id":111903,"n":"Coloration Permanente Olia 5.3 Chatain Clair Doré","p":8.68,"img":"https://fd1-photos.leclercdrive.fr/image.ashx?id=2520494&use=l&cat=p&typeid=i","cat":288899},{"id":111906,"n":"Déodorant compressé Ushuaïa Grenade - 100ml","p":3.08,"u":"30,80 €/L","img":"https://fd1-photos.leclercdrive.fr/image.ashx?id=2474608&use=l&cat=p&typeid=i","cat":284595},{"id":111907,"n":"Déodorant compressé Ushuaïa Fleur d'Oranger - 100ml","p":3.17,"u":"31,70 €/L","img":"https://fd1-photos.leclercdrive.fr/image.ashx?id=2474614&use=l&cat=p&typeid=i","cat":284595},{"id":111908,"n":"Huile d'amande douce Primoplast 100ml","p":3.25,"u":"32,50 €/L","img":"https://fd1-photos.leclercdrive.fr/image.ashx?id=2856576&use=l&cat=p&typeid=i","cat":284630},{"id":111910,"n":"Gommage tube Manava 150ml","p":1.99,"u":"13,27 €/L","img":"https://fd1-photos.leclercdrive.fr/image.ashx?id=2515691&use=l&cat=p&typeid=i","cat":284594},{"id":111911,"n":"Crème anti-rides Bionaïa Bio - 50ml","p":5.59,"u":"111,80 €/L","img":"https://fd1-photos.leclercdrive.fr/image.ashx?id=2436702&use=l&cat=p&typeid=i","cat":325345},{"id":111912,"n":"AOP Côtes du Rhône rouge - 14% Cellier des Dauphins - 75 cl","p":6.61,"u":"8,81 €/L","img":"https://fd1-photos.leclercdrive.fr/image.ashx?id=1954469&use=l&cat=p&typeid=i","cat":289556},{"id":111914,"n":"Bière ambrée Grimbergen 6,5° - 12x25cl","p":10.38,"u":"3,46 €/L","img":"https://fd1-photos.leclercdrive.fr/image.ashx?id=2294378&use=l&cat=p&typeid=i","cat":334852},{"id":111916,"n":"Shampooing Nat&Nove Bio Cheveux gras - 250ml","p":4.38,"u":"17,52 €/L","img":"https://fd1-photos.leclercdrive.fr/image.ashx?id=2520389&use=l&cat=p&typeid=i","cat":284606},{"id":111938,"n":"Bière blonde Affligem  Sans alcool - 6x25cl","p":5.02,"u":"3,35 €/L","img":"https://fd1-photos.leclercdrive.fr/image.ashx?id=2979695&use=l&cat=p&typeid=i","cat":334877},{"id":111972,"n":"Serviettes Discreet Tena Lady Extra Plus - x16","p":6.09,"u":"0,38 €/P","img":"https://fd1-photos.leclercdrive.fr/image.ashx?id=2597250&use=l&cat=p&typeid=i","cat":284628},{"id":111987,"n":"Repas bébé Blédichef 18 mois  Pâtes boeuf bourguignon - 250g","p":1.95,"u":"7,80 €/KG","img":"https://fd1-photos.leclercdrive.fr/image.ashx?id=2643746&use=l&cat=p&typeid=i","cat":312238},{"id":111988,"n":"Plat bébé soir Blédichef 18mois Pâtes carotte - 250g","p":1.8,"u":"7,20 €/KG","img":"https://fd1-photos.leclercdrive.fr/image.ashx?id=2479024&use=l&cat=p&typeid=i","cat":312239},{"id":111989,"n":"Plat bébé soir Blédichef 12mois Semoule carotte - 230g","p":1.72,"u":"7,48 €/KG","img":"https://fd1-photos.leclercdrive.fr/image.ashx?id=2852363&use=l&cat=p&typeid=i","cat":312239},{"id":111990,"n":"Plat bébé soir Blédichef 18mois Pâtes épinards carotte - 250g","p":2.0,"u":"8,00 €/KG","img":"https://fd1-photos.leclercdrive.fr/image.ashx?id=2479027&use=l&cat=p&typeid=i","cat":312239},{"id":111991,"n":"Repas bébé Blédichef 18 mois  Légumes volaille basquaise-250g","p":1.77,"u":"7,08 €/KG","img":"https://fd1-photos.leclercdrive.fr/image.ashx?id=2852369&use=l&cat=p&typeid=i","cat":312238},{"id":112125,"n":"Crème nutritive nuit So'bio Précieux Argan bio  - 50ml","p":11.63,"u":"232,60 €/L","img":"https://fd1-photos.leclercdrive.fr/image.ashx?id=2990715&use=l&cat=p&typeid=i","cat":325345},{"id":112126,"n":"Crème rose jour So'Bio Etic Précieux Argan bio - 50ml","p":11.06,"u":"221,20 €/L","img":"https://fd1-photos.leclercdrive.fr/image.ashx?id=2792687&use=l&cat=p&typeid=i","cat":325345},{"id":112143,"n":"Oignon rouge Panier du Primeur x4","p":1.79,"u":"0,45 €/P","img":"https://fd1-photos.leclercdrive.fr/image.ashx?id=2966490&use=l&cat=p&typeid=i","cat":284352},{"id":112150,"n":"Graisse à Frire Vegétaline 100% végétale - 1kg","p":7.09,"u":"7,09 €/KG","img":"https://fd1-photos.leclercdrive.fr/image.ashx?id=1928297&use=l&cat=p&typeid=i","cat":315229},{"id":112153,"n":"Planta Fin Cuisson 79%MG - 500ml","p":2.61,"u":"5,22 €/L","img":"https://fd1-photos.leclercdrive.fr/image.ashx?id=2793083&use=l&cat=p&typeid=i","cat":315229},{"id":112210,"n":"Bière blonde Affligem 6x25cl","p":5.29,"u":"3,53 €/L","img":"https://fd1-photos.leclercdrive.fr/image.ashx?id=2530323&use=l&cat=p&typeid=i","cat":334852},{"id":112211,"n":"Bière blonde Affligem Cuvée légère 4.6° - 6x25cl","p":4.9,"u":"3,27 €/L","img":"https://fd1-photos.leclercdrive.fr/image.ashx?id=2672017&use=l&cat=p&typeid=i","cat":334852},{"id":112284,"n":"Terreau Beaux Jours Rempotage - 20L","p":5.49,"u":"0,27 €/L","img":"https://fd1-photos.leclercdrive.fr/image.ashx?id=1723036&use=l&cat=p&typeid=i","cat":335919},{"id":112285,"n":"Terreau Beaux Jours Universel - 20L","p":2.99,"u":"0,15 €/L","img":"https://fd1-photos.leclercdrive.fr/image.ashx?id=1723039&use=l&cat=p&typeid=i","cat":335919},{"id":112286,"n":"Terreau Beaux Jours Universel - 40L","p":4.79,"u":"0,12 €/L","img":"https://fd1-photos.leclercdrive.fr/image.ashx?id=1723042&use=l&cat=p&typeid=i","cat":335919},{"id":112288,"n":"Coton Bocoton bio Maxi ovales - x40","p":1.98,"u":"0,05 €/P","img":"https://fd1-photos.leclercdrive.fr/image.ashx?id=2480307&use=l&cat=p&typeid=i","cat":284636},{"id":112291,"n":"Yaourt protéiné Hipro Myrtille 0%mg - 2x160g","p":2.11,"u":"6,59 €/KG","img":"https://fd1-photos.leclercdrive.fr/image.ashx?id=2800285&use=l&cat=p&typeid=i","cat":315000},{"id":112292,"n":"Yaourt protéiné Hipro Citron 0%mg - 2x160g","p":2.19,"u":"6,84 €/KG","img":"https://fd1-photos.leclercdrive.fr/image.ashx?id=2945415&use=l&cat=p&typeid=i","cat":315000},{"id":112293,"n":"Yaourt à boire protéiné Hipro Vanille cookie 0%mg - 300g","p":2.14,"u":"7,13 €/KG","img":"https://fd1-photos.leclercdrive.fr/image.ashx?id=2329753&use=l&cat=p&typeid=i","cat":315000},{"id":112294,"n":"Yaourt à boire protéiné Hipro Fraise framboise 0%mg - 300g","p":2.1,"u":"7,00 €/KG","img":"https://fd1-photos.leclercdrive.fr/image.ashx?id=2806060&use=l&cat=p&typeid=i","cat":315000},{"id":112330,"n":"Sauce soja sucre Kikkoman Carafe - 150ml","p":4.5,"u":"30,00 €/L","img":"https://fd1-photos.leclercdrive.fr/image.ashx?id=2536293&use=l&cat=p&typeid=i","cat":288992},{"id":112335,"n":"Sauce soja carafe Kikkoman 150ml","p":4.48,"u":"29,87 €/L","img":"https://fd1-photos.leclercdrive.fr/image.ashx?id=2536290&use=l&cat=p&typeid=i","cat":288992},{"id":112381,"n":"Attache sucette Nuk Rose - 1 pièce","p":4.2,"img":"https://fd1-photos.leclercdrive.fr/image.ashx?id=1733221&use=l&cat=p&typeid=i","cat":284743},{"id":112471,"n":"Mousse Danette  Chocolat - 4x60g","p":1.74,"u":"7,25 €/KG","img":"https://fd1-photos.leclercdrive.fr/image.ashx?id=2964923&use=l&cat=p&typeid=i","cat":284417},{"id":112475,"n":"Sucette Smart Night Tigex Silicone Panda phospho 6-18mois","p":4.9,"img":"https://fd1-photos.leclercdrive.fr/image.ashx?id=2091482&use=l&cat=p&typeid=i","cat":284743},{"id":112503,"n":"Baume de nuit La Provençale Bio Anti-Âge regénérant - 50ml","p":7.72,"u":"154,40 €/L","img":"https://fd1-photos.leclercdrive.fr/image.ashx?id=2950360&use=l&cat=p&typeid=i","cat":325345},{"id":112550,"n":"Feuille de chêne 125g","p":1.46,"u":"11,68 €/KG","img":"https://fd1-photos.leclercdrive.fr/image.ashx?id=2656384&use=l&cat=p&typeid=i","cat":284353},{"id":112557,"n":"Gnocchi à poêler Lustucru Fromage - 2x300g+ 300g offerts","p":3.08,"u":"3,42 €/KG","img":"https://fd1-photos.leclercdrive.fr/image.ashx?id=2192398&use=l&cat=p&typeid=i","cat":333682},{"id":112583,"n":"Biscuits Milka Chocolat au lait - 150g","p":2.05,"u":"13,67 €/KG","img":"https://fd1-photos.leclercdrive.fr/image.ashx?id=2347326&use=l&cat=p&typeid=i","cat":284488},{"id":112599,"n":"Sachets Chats Ultima Nature Poissons - 12x85g","p":8.22,"u":"8,06 €/KG","img":"https://fd1-photos.leclercdrive.fr/image.ashx?id=2338648&use=l&cat=p&typeid=i","cat":285286},{"id":112621,"n":"Riz au lait La Laitière Vanille - 4x115g","p":1.61,"u":"3,50 €/KG","img":"https://fd1-photos.leclercdrive.fr/image.ashx?id=2661151&use=l&cat=p&typeid=i","cat":284418},{"id":112624,"n":"Semoule au lait La Laitière Vanille - 4x115g","p":1.7,"u":"3,70 €/KG","img":"https://fd1-photos.leclercdrive.fr/image.ashx?id=2654578&use=l&cat=p&typeid=i","cat":284418},{"id":112662,"n":"Vin mousseux Charles Volner Soirée blanche - 75cl","p":4.9,"pp":3.23,"u":"4,31 €/L","img":"https://fd1-photos.leclercdrive.fr/image.ashx?id=1727814&use=l&cat=p&typeid=i","cat":284544},{"id":112694,"n":"Foie gras canard IGP Sud-Ouest Label Rouge Lobe NRT - 200g","p":19.84,"u":"99,20 €/KG","img":"https://fd1-photos.leclercdrive.fr/image.ashx?id=2743906&use=l&cat=p&typeid=i","cat":316008},{"id":112695,"n":"Gianduiotti chocolat Novi 160g","p":4.75,"u":"29,69 €/KG","img":"https://fd1-photos.leclercdrive.fr/image.ashx?id=2615155&use=l&cat=p&typeid=i","cat":327595},{"id":112699,"n":"yaourt bifidus activia muesli framboise chia - 170g","p":1.99,"u":"11,71 €/KG","img":"https://fd1-photos.leclercdrive.fr/image.ashx?id=2965888&use=l&cat=p&typeid=i","cat":315000},{"id":112761,"n":"Kid Smile McCain 850g","p":2.71,"u":"3,19 €/KG","img":"https://fd1-photos.leclercdrive.fr/image.ashx?id=2745802&use=l&cat=p&typeid=i","cat":319792},{"id":112764,"n":"Potatoes aux herbes McCain Country Potatoes - 780g","p":2.69,"u":"3,45 €/KG","img":"https://fd1-photos.leclercdrive.fr/image.ashx?id=2973342&use=l&cat=p&typeid=i","cat":319791},{"id":112807,"n":"Soupe liquide Liebig  Légumes et vermicelles - 2x30cl","p":1.96,"u":"3,27 €/L","img":"https://fd1-photos.leclercdrive.fr/image.ashx?id=2164075&use=l&cat=p&typeid=i","cat":284462},{"id":112808,"n":"Soupe liquide Liebig légumes Et vermicelles - Brique 1L","p":2.16,"u":"2,16 €/L","img":"https://fd1-photos.leclercdrive.fr/image.ashx?id=2892142&use=l&cat=p&typeid=i","cat":284462},{"id":112811,"n":"Gel Lave-Vaisselle Sun Tout-en-1 Citron 52 Lavages","p":7.9,"u":"8,78 €/L","img":"https://fd1-photos.leclercdrive.fr/image.ashx?id=2356268&use=l&cat=p&typeid=i","cat":284656},{"id":112845,"n":"Boisson lactée Danao Mangue - 900ml","p":2.85,"u":"3,17 €/L","img":"https://fd1-photos.leclercdrive.fr/image.ashx?id=2284682&use=l&cat=p&typeid=i","cat":295246},{"id":112947,"n":"Tablette de Chocolat Côte d'Or Praliné lait cajou amande 200g","p":3.77,"u":"18,85 €/KG","img":"https://fd1-photos.leclercdrive.fr/image.ashx?id=2957773&use=l&cat=p&typeid=i","cat":284497},{"id":112971,"n":"Purée de pommes Charles & Alice Pomme Cerises - 6x97g","p":1.57,"u":"2,70 €/KG","img":"https://fd1-photos.leclercdrive.fr/image.ashx?id=2187514&use=l&cat=p&typeid=i","cat":284508},{"id":113020,"n":"Cerises noires au sirop Beyer 350g","p":3.78,"u":"10,80 €/KG","img":"https://fd1-photos.leclercdrive.fr/image.ashx?id=2761492&use=l&cat=p&typeid=i","cat":284507},{"id":113052,"n":"Confiture Bonne Maman Cerise intense - 335g","p":2.55,"u":"7,61 €/KG","img":"https://fd1-photos.leclercdrive.fr/image.ashx?id=2341023&use=l&cat=p&typeid=i","cat":284480},{"id":113108,"n":"Tartine Grilletine de Pasquier Froment - x18 - 242g","p":1.65,"u":"6,82 €/KG","img":"https://fd1-photos.leclercdrive.fr/image.ashx?id=2333060&use=l&cat=p&typeid=i","cat":284479},{"id":113110,"n":"Tartine Grilletine de Pasquier Blé complet - x18 - 242g","p":1.61,"u":"6,65 €/KG","img":"https://fd1-photos.leclercdrive.fr/image.ashx?id=2333063&use=l&cat=p&typeid=i","cat":284479},{"id":113127,"n":"Groseilles Panier du Primeur 125g","p":2.89,"u":"23,12 €/KG","img":"https://fd1-photos.leclercdrive.fr/image.ashx?id=2365487&use=l&cat=p&typeid=i","cat":284356},{"id":113128,"n":"Mûre Panier du Primeur 125g","p":3.49,"u":"27,92 €/KG","img":"https://fd1-photos.leclercdrive.fr/image.ashx?id=2365490&use=l&cat=p&typeid=i","cat":284356},{"id":113130,"n":"Citrons verts Panier du Primeur 500g","p":1.99,"u":"3,98 €/KG","img":"https://fd1-photos.leclercdrive.fr/image.ashx?id=2373018&use=l&cat=p&typeid=i","cat":284356},{"id":113233,"n":"Fromage Mont d'Or Badoz AOP Moyen 1 pièce","p":14.95,"img":"https://fd1-photos.leclercdrive.fr/image.ashx?id=2397959&use=l&cat=p&typeid=i","cat":314037},{"id":113287,"n":"Bière Ambree Jenlain 6x25cl","p":5.74,"u":"3,83 €/L","img":"https://fd1-photos.leclercdrive.fr/image.ashx?id=2504677&use=l&cat=p&typeid=i","cat":334852},{"id":113292,"n":"Boisson énergisante Monster Energy Punch Pipeline - 50CL","p":1.59,"u":"3,18 €/L","img":"https://fd1-photos.leclercdrive.fr/image.ashx?id=2207436&use=l&cat=p&typeid=i","cat":284533},{"id":113352,"n":"Serviettes Discreet Tena Lady Megapack - Normal - x30","p":6.94,"u":"0,23 €/P","img":"https://fd1-photos.leclercdrive.fr/image.ashx?id=2975440&use=l&cat=p&typeid=i","cat":284628},{"id":113470,"n":"AOP Pinot Gris Vin blanc Wolfberger Vieilles Vignes-75cl","p":9.67,"u":"12,89 €/L","img":"https://fd1-photos.leclercdrive.fr/image.ashx?id=2831846&use=l&cat=p&typeid=i","cat":289557},{"id":113628,"n":"Cabillaud à l'oseille Marie 400g","p":5.51,"u":"13,78 €/KG","img":"https://fd1-photos.leclercdrive.fr/image.ashx?id=2996743&use=l&cat=p&typeid=i","cat":319786},{"id":113654,"n":"Xtrem Box Sodebo Radiatori Bœuf Poivre - 400g","p":3.61,"u":"9,03 €/KG","img":"https://fd1-photos.leclercdrive.fr/image.ashx?id=2643998&use=l&cat=p&typeid=i","cat":334983},{"id":113680,"n":"Brioche tressée Nature Harrys Sucre perlé sans additif - 500g","p":2.88,"u":"5,76 €/KG","img":"https://fd1-photos.leclercdrive.fr/image.ashx?id=2503013&use=l&cat=p&typeid=i","cat":284478},{"id":113711,"n":"Filets de cabillaud Findus MSC - 600g","p":14.74,"u":"24,57 €/KG","img":"https://fd1-photos.leclercdrive.fr/image.ashx?id=2735350&use=l&cat=p&typeid=i","cat":319786},{"id":113747,"n":"Fromage raclette Les Croisés Aux Herbes de provence - 250g","p":4.34,"u":"17,36 €/KG","img":"https://fd1-photos.leclercdrive.fr/image.ashx?id=2793296&use=l&cat=p&typeid=i","cat":314037},{"id":113754,"n":"Crème fraîche Yoplait Légère -12% matière grasse 450g","p":1.45,"u":"3,22 €/KG","img":"https://fd1-photos.leclercdrive.fr/image.ashx?id=2811032&use=l&cat=p&typeid=i","cat":284381},{"id":113756,"n":"Fromage blanc Calin Nature - 3,2%MG - 1kg","p":2.86,"u":"2,86 €/KG","img":"https://fd1-photos.leclercdrive.fr/image.ashx?id=2973727&use=l&cat=p&typeid=i","cat":284409},{"id":113773,"n":"Tagliatelle Gayelord Hauser Sans rinçage, Konjac - 160g","p":1.95,"u":"12,19 €/KG","img":"https://fd1-photos.leclercdrive.fr/image.ashx?id=2827086&use=l&cat=p&typeid=i","cat":318652},{"id":113774,"n":"Assiette riz Bio Village Bio Légumes vert  12 mois 230g","p":1.45,"u":"6,30 €/KG","img":"https://fd1-photos.leclercdrive.fr/image.ashx?id=2900205&use=l&cat=p&typeid=i","cat":312237},{"id":113775,"n":"Assiette bio Bio Village Panais carotte riz 12 mois 230g","p":1.45,"u":"6,30 €/KG","img":"https://fd1-photos.leclercdrive.fr/image.ashx?id=2900208&use=l&cat=p&typeid=i","cat":312237},{"id":113777,"n":"Assiette Bio Village Carotte pâtes 18 mois bio 260g","p":1.85,"u":"7,12 €/KG","img":"https://fd1-photos.leclercdrive.fr/image.ashx?id=2900214&use=l&cat=p&typeid=i","cat":312238},{"id":113779,"n":"Assiette bio Bio Village Haricot vert dinde 12 mois 230g","p":1.45,"u":"6,30 €/KG","img":"https://fd1-photos.leclercdrive.fr/image.ashx?id=2900217&use=l&cat=p&typeid=i","cat":312237},{"id":113783,"n":"Assiette bio Bio Village Hachis parmentier 12 mois 230g","p":1.45,"u":"6,30 €/KG","img":"https://fd1-photos.leclercdrive.fr/image.ashx?id=2900220&use=l&cat=p&typeid=i","cat":312237},{"id":113786,"n":"Assiette Tajine Bio Village Bio  15 mois 250g","p":1.85,"u":"7,40 €/KG","img":"https://fd1-photos.leclercdrive.fr/image.ashx?id=2878756&use=l&cat=p&typeid=i","cat":312238},{"id":113787,"n":"Assiette pâtes bio Bio Village Légumes saumon 18 mois 260g","p":1.95,"u":"7,50 €/KG","img":"https://fd1-photos.leclercdrive.fr/image.ashx?id=2900232&use=l&cat=p&typeid=i","cat":312238},{"id":113789,"n":"Assiette bio Bio Village Pot au feu - 18 mois - 260g","p":1.89,"u":"7,27 €/KG","img":"https://fd1-photos.leclercdrive.fr/image.ashx?id=2900235&use=l&cat=p&typeid=i","cat":312238},{"id":113790,"n":"Assiette 12 mois Bio Village Spaghetti bolognaise bio - 230g","p":1.59,"u":"6,91 €/KG","img":"https://fd1-photos.leclercdrive.fr/image.ashx?id=2900238&use=l&cat=p&typeid=i","cat":312237},{"id":113792,"n":"Assiette bio 15mois Bio Village Legumes volaille basquaise 250g","p":1.79,"u":"7,16 €/KG","img":"https://fd1-photos.leclercdrive.fr/image.ashx?id=2900244&use=l&cat=p&typeid=i","cat":312238},{"id":113793,"n":"Assiette bio Bio Village Carotte boeuf pdt 15mois 250g","p":1.85,"u":"7,40 €/KG","img":"https://fd1-photos.leclercdrive.fr/image.ashx?id=2900241&use=l&cat=p&typeid=i","cat":312238},{"id":113794,"n":"Assiette bio Bio Village Tomate aubergine 18 mois 260g","p":1.85,"u":"7,12 €/KG","img":"https://fd1-photos.leclercdrive.fr/image.ashx?id=2900247&use=l&cat=p&typeid=i","cat":312238},{"id":113796,"n":"Bol lentille corail Bio Village Dès 8 mois bio - 2x200g","p":2.49,"u":"6,23 €/KG","img":"https://fd1-photos.leclercdrive.fr/image.ashx?id=2704795&use=l&cat=p&typeid=i","cat":312239},{"id":113808,"n":"Crème dessert La Laitière Pot de crème vanille - 4x100g","p":2.33,"u":"5,83 €/KG","img":"https://fd1-photos.leclercdrive.fr/image.ashx?id=2875969&use=l&cat=p&typeid=i","cat":285041},{"id":113811,"n":"Crème dessert La Laitière Pot de crème chocolat - 4x100g","p":2.3,"u":"5,75 €/KG","img":"https://fd1-photos.leclercdrive.fr/image.ashx?id=2875966&use=l&cat=p&typeid=i","cat":285041},{"id":113838,"n":"AOC vin blanc Gewurztraminer Alsace Bio Rebmann - 75cl","p":7.75,"u":"10,33 €/L","img":"https://fd1-photos.leclercdrive.fr/image.ashx?id=2771142&use=l&cat=p&typeid=i","cat":289557},{"id":113842,"n":"Allumettes cuisine Silex 3x240","p":1.2,"img":"https://fd1-photos.leclercdrive.fr/image.ashx?id=1733406&use=l&cat=p&typeid=i","cat":300578},{"id":113851,"n":"100% pur Jus bio Bio Village Petit-déjeuner  - 1L","p":2.87,"u":"2,87 €/L","img":"https://fd1-photos.leclercdrive.fr/image.ashx?id=2901566&use=l&cat=p&typeid=i","cat":284521},{"id":113855,"n":"Boisson thé Fresh Tea Pêche abricot - 1.5L","p":1.82,"u":"1,21 €/L","img":"https://fd1-photos.leclercdrive.fr/image.ashx?id=2622281&use=l&cat=p&typeid=i","cat":295019},{"id":113858,"n":"Yaourt à la grecque YAOS Nature - 8x125g","p":3.41,"u":"3,41 €/KG","img":"https://fd1-photos.leclercdrive.fr/image.ashx?id=2418462&use=l&cat=p&typeid=i","cat":314999},{"id":113973,"n":"Biscuits Baiocchi Mulino Bianco Chocolat noisette - 260g","p":2.55,"u":"9,81 €/KG","img":"https://fd1-photos.leclercdrive.fr/image.ashx?id=2787968&use=l&cat=p&typeid=i","cat":284488},{"id":113980,"n":"Café dosettes Tassimo Grand-mère - Expresso x16","p":4.29,"u":"41,25 €/KG","img":"https://fd1-photos.leclercdrive.fr/image.ashx?id=1749617&use=l&cat=p&typeid=i","cat":293240},{"id":113998,"n":"Girasoli Lustucru Selection  Ricotta Epinard - 250g","p":2.64,"u":"10,56 €/KG","img":"https://fd1-photos.leclercdrive.fr/image.ashx?id=2974351&use=l&cat=p&typeid=i","cat":333682},{"id":114017,"n":"Bière blonde Heineken 5%vol - 12x33cl","p":9.38,"u":"2,37 €/L","img":"https://fd1-photos.leclercdrive.fr/image.ashx?id=3008125&use=l&cat=p&typeid=i","cat":334853},{"id":114020,"n":"Bière aromatisée  Desperados 5.9%vol - Boite 50cl","p":1.75,"u":"3,50 €/L","img":"https://fd1-photos.leclercdrive.fr/image.ashx?id=2977303&use=l&cat=p&typeid=i","cat":334853},{"id":114023,"n":"Thon au naturel Petit Navire Démarche Responsable - 280g","p":4.64,"u":"16,57 €/KG","img":"https://fd1-photos.leclercdrive.fr/image.ashx?id=2909974&use=l&cat=p&typeid=i","cat":303867},{"id":114047,"n":"Plat bébé soir Blédichef 12mois Macaroni courgette - 2x230g","p":3.16,"u":"6,87 €/KG","img":"https://fd1-photos.leclercdrive.fr/image.ashx?id=2560690&use=l&cat=p&typeid=i","cat":312239},{"id":114092,"n":"Brosse à dents bambou Dentamyl Médium - 1 pièce","p":1.95,"img":"https://fd1-photos.leclercdrive.fr/image.ashx?id=2783495&use=l&cat=p&typeid=i","cat":284614},{"id":114094,"n":"Shampooing douche Petit Manava Pêche abricot - 500ml","p":2.19,"u":"4,38 €/L","img":"https://fd1-photos.leclercdrive.fr/image.ashx?id=2410636&use=l&cat=p&typeid=i","cat":284606},{"id":114095,"n":"Mouchoirs blancs 3 plis Caresse Boîte - x150","p":1.65,"u":"0,01 €/P","img":"https://fd1-photos.leclercdrive.fr/image.ashx?id=2779298&use=l&cat=p&typeid=i","cat":284638},{"id":114096,"n":"Culotte Chorys Taille XL - x10","p":10.31,"u":"1,03 €/P","img":"https://fd1-photos.leclercdrive.fr/image.ashx?id=2623016&use=l&cat=p&typeid=i","cat":284628},{"id":114098,"n":"Lingettes Pampers Freshclean - 3x52","p":6.47,"u":"0,04 €/P","img":"https://fd1-photos.leclercdrive.fr/image.ashx?id=2964066&use=l&cat=p&typeid=i","cat":284738},{"id":114101,"n":"Culottes Mots d'enfants T4 : 8/15kg - x42","p":9.75,"u":"0,23 €/P","img":"https://fd1-photos.leclercdrive.fr/image.ashx?id=2907234&use=l&cat=p&typeid=i","cat":290633},{"id":114102,"n":"Change culottes Mots d'enfants T5 : 12/18kg - x40","p":9.75,"u":"0,24 €/P","img":"https://fd1-photos.leclercdrive.fr/image.ashx?id=2907237&use=l&cat=p&typeid=i","cat":290633},{"id":114103,"n":"Change culottes Mots d'enfants T6 : +16kg - x36","p":9.75,"u":"0,27 €/P","img":"https://fd1-photos.leclercdrive.fr/image.ashx?id=2907240&use=l&cat=p&typeid=i","cat":290633},{"id":114152,"n":"Pâtes bio Jardin Bio Bon tuyaux semi-complets - 500g","p":2.14,"u":"4,28 €/KG","img":"https://fd1-photos.leclercdrive.fr/image.ashx?id=2963190&use=l&cat=p&typeid=i","cat":284427},{"id":114156,"n":"Huile vierge coco Jardin Bio  Bio - 460g","p":8.14,"u":"17,70 €/KG","img":"https://fd1-photos.leclercdrive.fr/image.ashx?id=2790036&use=l&cat=p&typeid=i","cat":284453},{"id":114170,"n":"Père Noël Milka Noisettes - 95g","p":4.07,"u":"42,84 €/KG","img":"https://fd1-photos.leclercdrive.fr/image.ashx?id=2881503&use=l&cat=p&typeid=i","cat":327592},{"id":114172,"n":"Bonbons de Noël Milka Lait - 86g","p":2.34,"u":"27,21 €/KG","img":"https://fd1-photos.leclercdrive.fr/image.ashx?id=2937995&use=l&cat=p&typeid=i","cat":327592},{"id":114175,"n":"Bonbons de Noël Milka Oréo - 86g","p":3.08,"u":"35,81 €/KG","img":"https://fd1-photos.leclercdrive.fr/image.ashx?id=2834005&use=l&cat=p&typeid=i","cat":327592},{"id":114187,"n":"Barres amandes Toblerone 360g","p":8.78,"u":"24,39 €/KG","img":"https://fd1-photos.leclercdrive.fr/image.ashx?id=2912650&use=l&cat=p&typeid=i","cat":327595},{"id":114375,"n":"AOP Clairette de Die Jaillance Brut - Esprit de Terroir - 75cl","p":5.95,"u":"7,93 €/L","img":"https://fd1-photos.leclercdrive.fr/image.ashx?id=2656781&use=l&cat=p&typeid=i","cat":284544},{"id":114400,"n":"Thon entier MSC Pêche Océan A l'huile - 104g","p":1.73,"u":"16,63 €/KG","img":"https://fd1-photos.leclercdrive.fr/image.ashx?id=2942208&use=l&cat=p&typeid=i","cat":303867},{"id":114406,"n":"Taboulé Pierre Martinet Oriental à l'huile d'olive 310g","p":1.49,"u":"4,81 €/KG","img":"https://fd1-photos.leclercdrive.fr/image.ashx?id=2432241&use=l&cat=p&typeid=i","cat":333657},{"id":114522,"n":"Bière blonde Leffe Triple 8,5% - 12x25cl","p":10.04,"u":"3,35 €/L","img":"https://fd1-photos.leclercdrive.fr/image.ashx?id=2548294&use=l&cat=p&typeid=i","cat":334852},{"id":114652,"n":"Mouchoirs blanc 2 plis Caresse Boîte mouchoirs papier - x180","p":1.69,"u":"0,01 €/P","img":"https://fd1-photos.leclercdrive.fr/image.ashx?id=2752640&use=l&cat=p&typeid=i","cat":284638},{"id":114706,"n":"Infusion des marmottes Les 2 Marmottes x30 - 46g","p":4.97,"u":"108,04 €/KG","img":"https://fd1-photos.leclercdrive.fr/image.ashx?id=2833552&use=l&cat=p&typeid=i","cat":293234},{"id":114774,"n":"Infusion les 2 marmottes Menthe-tilleul-verveine - 42g","p":5.3,"u":"126,19 €/KG","img":"https://fd1-photos.leclercdrive.fr/image.ashx?id=2833570&use=l&cat=p&typeid=i","cat":293234},{"id":114784,"n":"Comté fromage bloc Les Croisés 350g","p":4.75,"u":"13,57 €/KG","img":"https://fd1-photos.leclercdrive.fr/image.ashx?id=1749677&use=l&cat=p&typeid=i","cat":314034},{"id":114805,"n":"Coeur Coulant Bonne Maman Chocolat - 2x80g","p":2.9,"u":"18,13 €/KG","img":"https://fd1-photos.leclercdrive.fr/image.ashx?id=2912326&use=l&cat=p&typeid=i","cat":284419},{"id":114825,"n":"Mini Fondentenero Novi 160g","p":3.95,"u":"24,69 €/KG","img":"https://fd1-photos.leclercdrive.fr/image.ashx?id=2615149&use=l&cat=p&typeid=i","cat":327595},{"id":114890,"n":"Fromage Comté NRT AOP 15 mois 200g","p":4.44,"u":"22,20 €/KG","img":"https://fd1-photos.leclercdrive.fr/image.ashx?id=2272030&use=l&cat=p&typeid=i","cat":314034},{"id":114901,"n":"Plat bébé Blédina 12 mois  Artichaut dinde - 2x200g","p":2.64,"u":"6,60 €/KG","img":"https://fd1-photos.leclercdrive.fr/image.ashx?id=2975089&use=l&cat=p&typeid=i","cat":312237},{"id":114934,"n":"Pizza del gusto chorizo Mix - 380g","p":5.82,"u":"15,32 €/KG","img":"https://fd1-photos.leclercdrive.fr/image.ashx?id=2579056&use=l&cat=p&typeid=i","cat":333679},{"id":114970,"n":"Beurrier tendre Président Doux - 82% MG - 125g","p":2.12,"u":"16,96 €/KG","img":"https://fd1-photos.leclercdrive.fr/image.ashx?id=2917435&use=l&cat=p&typeid=i","cat":284379},{"id":115011,"n":"Lingettes bébé Mots d'enfants à l'eau - x60","p":1.66,"u":"0,03 €/P","img":"https://fd1-photos.leclercdrive.fr/image.ashx?id=3014293&use=l&cat=p&typeid=i","cat":284738},{"id":115013,"n":"Liquide vaisselle Uni Vert Ecologique citron - 750ml","p":1.59,"u":"2,12 €/L","img":"https://fd1-photos.leclercdrive.fr/image.ashx?id=2999517&use=l&cat=p&typeid=i","cat":284655},{"id":115016,"n":"Protège slip Chorys Ultra mini discret - x28","p":1.57,"u":"0,06 €/P","img":"https://fd1-photos.leclercdrive.fr/image.ashx?id=2003029&use=l&cat=p&typeid=i","cat":284625},{"id":115057,"n":"Pain de mie complet Harrys Graines de lin & tournesol 320g","p":1.78,"u":"5,56 €/KG","img":"https://fd1-photos.leclercdrive.fr/image.ashx?id=2543130&use=l&cat=p&typeid=i","cat":325068},{"id":115093,"n":"Mozzarella vache Casa Azzurra Râpée - 150g","p":2.37,"u":"15,80 €/KG","img":"https://fd1-photos.leclercdrive.fr/image.ashx?id=1757239&use=l&cat=p&typeid=i","cat":314035},{"id":115113,"n":"Tirlibibi Haribo Boîte bonbons - 750g","p":4.5,"u":"6,00 €/KG","img":"https://fd1-photos.leclercdrive.fr/image.ashx?id=2806922&use=l&cat=p&typeid=i","cat":304250},{"id":115114,"n":"Polka Haribo Sachet bonbons - 300g","p":1.39,"u":"4,63 €/KG","img":"https://fd1-photos.leclercdrive.fr/image.ashx?id=2982414&use=l&cat=p&typeid=i","cat":304250},{"id":115115,"n":"Les Schtroumpfs Haribo Sachet bonbons - 300g","p":1.45,"u":"4,83 €/KG","img":"https://fd1-photos.leclercdrive.fr/image.ashx?id=2788475&use=l&cat=p&typeid=i","cat":304250},{"id":115127,"n":"Pain burger Epi d'Or Brioché x4 - 300g","p":1.37,"u":"4,57 €/KG","img":"https://fd1-photos.leclercdrive.fr/image.ashx?id=1958880&use=l&cat=p&typeid=i","cat":325067},{"id":115137,"n":"Amandes blanchies Seeberger - 200g","p":6.16,"u":"30,80 €/KG","img":"https://fd1-photos.leclercdrive.fr/image.ashx?id=2185439&use=l&cat=p&typeid=i","cat":284448},{"id":115152,"n":"Eau florale Bio Naïa Rose bio - 200ml","p":3.95,"u":"19,75 €/L","img":"https://fd1-photos.leclercdrive.fr/image.ashx?id=2610253&use=l&cat=p&typeid=i","cat":325345},{"id":115155,"n":"Gommage visage Bio Naïa Bio - 75ml","p":2.49,"u":"33,20 €/L","img":"https://fd1-photos.leclercdrive.fr/image.ashx?id=2436690&use=l&cat=p&typeid=i","cat":325346},{"id":115156,"n":"Stick lèvres Bio Naïa Bio - 1 pièce","p":1.85,"img":"https://fd1-photos.leclercdrive.fr/image.ashx?id=2518837&use=l&cat=p&typeid=i","cat":285485},{"id":115158,"n":"Gelée bio Bio Naïa A l'aloe vera bio - 200ml","p":3.99,"u":"19,95 €/L","img":"https://fd1-photos.leclercdrive.fr/image.ashx?id=2436699&use=l&cat=p&typeid=i","cat":325350},{"id":115161,"n":"Infusion Bio La Tisanière Nuit Oranger - x20 Sachets","p":2.81,"u":"93,67 €/KG","img":"https://fd1-photos.leclercdrive.fr/image.ashx?id=2477061&use=l&cat=p&typeid=i","cat":293234},{"id":115163,"n":"Infusion Twinings Ayurveda gingembre miel et citron x20","p":2.9,"u":"90,63 €/KG","img":"https://fd1-photos.leclercdrive.fr/image.ashx?id=2893036&use=l&cat=p&typeid=i","cat":293234},{"id":115165,"n":"Infusion Twinings Ayurveda poire miel et cannelle x20","p":2.99,"u":"83,06 €/KG","img":"https://fd1-photos.leclercdrive.fr/image.ashx?id=2893033&use=l&cat=p&typeid=i","cat":293234},{"id":115251,"n":"Déodorant compressé Ushuaïa Vanille - 100ml","p":3.07,"u":"30,70 €/L","img":"https://fd1-photos.leclercdrive.fr/image.ashx?id=2555715&use=l&cat=p&typeid=i","cat":284595},{"id":115274,"n":"Masque tissu Inell Coup d'éclat - 1 pièce","p":1.82,"img":"https://fd1-photos.leclercdrive.fr/image.ashx?id=2691691&use=l&cat=p&typeid=i","cat":325346},{"id":115278,"n":"Gressins traditionnels Artesani 300g","p":2.23,"u":"7,43 €/KG","img":"https://fd1-photos.leclercdrive.fr/image.ashx?id=2475852&use=l&cat=p&typeid=i","cat":289010},{"id":115280,"n":"Gressins Florelli Au Sésame Artesani - 300g","p":2.29,"u":"7,63 €/KG","img":"https://fd1-photos.leclercdrive.fr/image.ashx?id=2475858&use=l&cat=p&typeid=i","cat":289010},{"id":115284,"n":"Crème hydratante bio N.A.E. Jour - 50ml","p":9.38,"u":"187,60 €/L","img":"https://fd1-photos.leclercdrive.fr/image.ashx?id=1882109&use=l&cat=p&typeid=i","cat":325345},{"id":115287,"n":"Crème anti-âge bio N.A.E. Jour - 50ml","p":11.0,"u":"220,00 €/L","img":"https://fd1-photos.leclercdrive.fr/image.ashx?id=2546422&use=l&cat=p&typeid=i","cat":325345},{"id":115308,"n":"choco snack Milka 4x32g","p":2.07,"u":"16,17 €/KG","img":"https://fd1-photos.leclercdrive.fr/image.ashx?id=2189217&use=l&cat=p&typeid=i","cat":284420},{"id":115320,"n":"Capsules café Plantation Equilibré n°6 - x10 - 52g","p":2.19,"u":"42,12 €/KG","img":"https://fd1-photos.leclercdrive.fr/image.ashx?id=2891785&use=l&cat=p&typeid=i","cat":284749},{"id":115321,"n":"Capsules café Plantation Intense n°10 - x10 - 52g","p":2.19,"u":"42,12 €/KG","img":"https://fd1-photos.leclercdrive.fr/image.ashx?id=2908855&use=l&cat=p&typeid=i","cat":284749},{"id":115323,"n":"Capsules café Plantation Subtil n°5 - x10 - 52g","p":2.25,"u":"43,27 €/KG","img":"https://fd1-photos.leclercdrive.fr/image.ashx?id=2418107&use=l&cat=p&typeid=i","cat":284749},{"id":115324,"n":"Capsules café Plantation Décaféiné n°5 -  x10 - 52g","p":2.39,"u":"45,96 €/KG","img":"https://fd1-photos.leclercdrive.fr/image.ashx?id=2441423&use=l&cat=p&typeid=i","cat":284749},{"id":115326,"n":"Capsules café Plantation Lungo Délicat n°4 - x10 - 52g","p":2.35,"u":"45,19 €/KG","img":"https://fd1-photos.leclercdrive.fr/image.ashx?id=2418113&use=l&cat=p&typeid=i","cat":284749},{"id":115328,"n":"Capsules café Plantation  Ristretto n°12 - x10 - 52g","p":2.24,"u":"43,08 €/KG","img":"https://fd1-photos.leclercdrive.fr/image.ashx?id=2418116&use=l&cat=p&typeid=i","cat":284749},{"id":115332,"n":"Capsules café Plantation Brésil n°7 - x10 - 52g","p":2.39,"u":"45,96 €/KG","img":"https://fd1-photos.leclercdrive.fr/image.ashx?id=2929879&use=l&cat=p&typeid=i","cat":284749},{"id":115345,"n":"Capsules café Plantation Café vanille n°6 - x10 - 52g","p":2.39,"u":"45,96 €/KG","img":"https://fd1-photos.leclercdrive.fr/image.ashx?id=2918475&use=l&cat=p&typeid=i","cat":284749},{"id":115348,"n":"Capsules café Plantation Noisette n°7 - x10 - 52g","p":2.39,"u":"45,96 €/KG","img":"https://fd1-photos.leclercdrive.fr/image.ashx?id=2908858&use=l&cat=p&typeid=i","cat":284749},{"id":115349,"n":"Capsules café Plantation Intense n°10 - x30 - 156g","p":5.19,"u":"33,27 €/KG","img":"https://fd1-photos.leclercdrive.fr/image.ashx?id=2865095&use=l&cat=p&typeid=i","cat":284749},{"id":115350,"n":"Capsules café Plantation Equilibré N°6 - x30 - 156g","p":5.19,"u":"33,27 €/KG","img":"https://fd1-photos.leclercdrive.fr/image.ashx?id=2852249&use=l&cat=p&typeid=i","cat":284749},{"id":115351,"n":"Capsules café Plantation Espresso Forte n°8 - x10 - 52g","p":2.35,"u":"45,19 €/KG","img":"https://fd1-photos.leclercdrive.fr/image.ashx?id=2918478&use=l&cat=p&typeid=i","cat":284749},{"id":115354,"n":"Morilles Borde bocal 150g","p":14.99,"pp":9.89,"u":"65,93 €/KG","img":"https://fd1-photos.leclercdrive.fr/image.ashx?id=2731093&use=l&cat=p&typeid=i","cat":312610},{"id":115364,"n":"Lait bébé en poudre Blédilait 2e âge 6-12 mois 900g","p":13.35,"u":"14,83 €/KG","img":"https://fd1-photos.leclercdrive.fr/image.ashx?id=2616853&use=l&cat=p&typeid=i","cat":284727},{"id":115367,"n":"Biscuits roses de Reims NRT 200g","p":3.69,"u":"18,45 €/KG","img":"https://fd1-photos.leclercdrive.fr/image.ashx?id=2704912&use=l&cat=p&typeid=i","cat":284487},{"id":115457,"n":"Frites de Patate Douce McCain 500g","p":4.57,"u":"9,14 €/KG","img":"https://fd1-photos.leclercdrive.fr/image.ashx?id=2840632&use=l&cat=p&typeid=i","cat":319791},{"id":115463,"n":"Litière chats Tranquille Carbonite - 7.1kg","p":6.05,"u":"0,85 €/KG","img":"https://fd1-photos.leclercdrive.fr/image.ashx?id=2421871&use=l&cat=p&typeid=i","cat":284683},{"id":115488,"n":"Bière blonde 1664 5,5° - 12x25cl","p":7.67,"u":"2,56 €/L","img":"https://fd1-photos.leclercdrive.fr/image.ashx?id=2215566&use=l&cat=p&typeid=i","cat":334873},{"id":115502,"n":"Persil et Ail Rustica 75g","p":1.99,"u":"26,53 €/KG","img":"https://fd1-photos.leclercdrive.fr/image.ashx?id=2365493&use=l&cat=p&typeid=i","cat":319804},{"id":115503,"n":"Pommes Dauphine Mc Cain 600g","p":3.16,"u":"5,27 €/KG","img":"https://fd1-photos.leclercdrive.fr/image.ashx?id=2988373&use=l&cat=p&typeid=i","cat":319792},{"id":115507,"n":"Mini Samoussas Table du Monde Boeuf poulet - 220g","p":3.31,"u":"15,05 €/KG","img":"https://fd1-photos.leclercdrive.fr/image.ashx?id=1760311&use=l&cat=p&typeid=i","cat":333673},{"id":115527,"n":"Gel de toilette intime Bionaïa Bio - 200ml","p":2.02,"u":"10,10 €/L","img":"https://fd1-photos.leclercdrive.fr/image.ashx?id=2442130&use=l&cat=p&typeid=i","cat":284627},{"id":115528,"n":"Alcool 90° Primoplast 100ml","p":2.2,"u":"22,00 €/L","img":"https://fd1-photos.leclercdrive.fr/image.ashx?id=1761546&use=l&cat=p&typeid=i","cat":284630},{"id":115529,"n":"Bloc WC Uni Vert Ball - 55g","p":1.99,"u":"36,18 €/KG","img":"https://fd1-photos.leclercdrive.fr/image.ashx?id=2568801&use=l&cat=p&typeid=i","cat":284662},{"id":115646,"n":"Croc'Tou Choc chocolat Bio Lucien Georgelin - 375g","p":3.68,"u":"9,81 €/KG","img":"https://fd1-photos.leclercdrive.fr/image.ashx?id=2130586&use=l&cat=p&typeid=i","cat":309513},{"id":115689,"n":"La Grillée Garden Gourmet Soja et Blé 150g","p":3.12,"u":"20,80 €/KG","img":"https://fd1-photos.leclercdrive.fr/image.ashx?id=2988689&use=l&cat=p&typeid=i","cat":316036},{"id":115690,"n":"Sauce aigre douce pimentée Tables du Monde - 300g","p":1.63,"u":"5,43 €/KG","img":"https://fd1-photos.leclercdrive.fr/image.ashx?id=2920214&use=l&cat=p&typeid=i","cat":288992},{"id":115771,"n":"Lait bébé en poudre Gallia Calisma 2e âge 6-12mois 2x600g","p":20.57,"u":"17,14 €/KG","img":"https://fd1-photos.leclercdrive.fr/image.ashx?id=2935750&use=l&cat=p&typeid=i","cat":284727},{"id":115772,"n":"Pâte à tartiner Bio Village Aux noisette bio - 600g","p":4.16,"u":"6,93 €/KG","img":"https://fd1-photos.leclercdrive.fr/image.ashx?id=2977201&use=l&cat=p&typeid=i","cat":284481},{"id":115773,"n":"Lait bébé en poudre Gallia Calisma 1er âge 0-6 mois 2x600g","p":23.87,"u":"19,89 €/KG","img":"https://fd1-photos.leclercdrive.fr/image.ashx?id=2953755&use=l&cat=p&typeid=i","cat":284726},{"id":115787,"n":"AOC Coteaux d'Aix-en-Provence vin rosé Terres Ocrées - 75cl","p":4.49,"u":"5,99 €/L","img":"https://fd1-photos.leclercdrive.fr/image.ashx?id=2900172&use=l&cat=p&typeid=i","cat":289558},{"id":115821,"n":"Confiture mirabelle Bonne Maman Intense - 335g","p":2.38,"u":"7,10 €/KG","img":"https://fd1-photos.leclercdrive.fr/image.ashx?id=2341026&use=l&cat=p&typeid=i","cat":284480},{"id":115823,"n":"Sauce à la Truffe Bénédicta Gamme Gourmet - 260g","p":3.44,"u":"13,23 €/KG","img":"https://fd1-photos.leclercdrive.fr/image.ashx?id=2616183&use=l&cat=p&typeid=i","cat":318430},{"id":115850,"n":"Compote Charles & Alice Pommes Passion - 4x97g","p":1.86,"u":"4,79 €/KG","img":"https://fd1-photos.leclercdrive.fr/image.ashx?id=2757692&use=l&cat=p&typeid=i","cat":284416},{"id":115905,"n":"Yaourt brassé Perle de Lait Coco - 8x125g","p":3.43,"u":"3,43 €/KG","img":"https://fd1-photos.leclercdrive.fr/image.ashx?id=2989204&use=l&cat=p&typeid=i","cat":314999},{"id":115910,"n":"Yaourt brassé Perle de Lait Vanille - 8x125g","p":3.43,"u":"3,43 €/KG","img":"https://fd1-photos.leclercdrive.fr/image.ashx?id=2990568&use=l&cat=p&typeid=i","cat":314999},{"id":115958,"n":"Poelée de cèpes Magda Au beurre persillé - 300g","p":3.98,"pp":2.63,"u":"8,77 €/KG","img":"https://fd1-photos.leclercdrive.fr/image.ashx?id=2790015&use=l&cat=p&typeid=i","cat":319823},{"id":115986,"n":"Pain surprise de campagne Côté Table x32 - 460g","p":8.5,"u":"18,48 €/KG","img":"https://fd1-photos.leclercdrive.fr/image.ashx?id=2776466&use=l&cat=p&typeid=i","cat":319774},{"id":115989,"n":"Pain Surprise Suédois  x32 - 360g","p":7.11,"u":"19,75 €/KG","img":"https://fd1-photos.leclercdrive.fr/image.ashx?id=2598710&use=l&cat=p&typeid=i","cat":319774},{"id":115991,"n":"Squidgies Haribo Sachet bonbons - 200g","p":1.68,"u":"8,40 €/KG","img":"https://fd1-photos.leclercdrive.fr/image.ashx?id=2984934&use=l&cat=p&typeid=i","cat":304250},{"id":116002,"n":"Porto Cruz Blanc - 18%vol - 75cl","p":7.39,"u":"9,85 €/L","img":"https://fd1-photos.leclercdrive.fr/image.ashx?id=2535822&use=l&cat=p&typeid=i","cat":284913},{"id":116010,"n":"Biscotte Pasquier Blé sans sucre ajoutés - 300g","p":1.99,"u":"6,63 €/KG","img":"https://fd1-photos.leclercdrive.fr/image.ashx?id=2507952&use=l&cat=p&typeid=i","cat":284479},{"id":116096,"n":"Shampooing douche Petit Manava Fraise cerise - 250ml","p":1.35,"u":"5,40 €/L","img":"https://fd1-photos.leclercdrive.fr/image.ashx?id=1763207&use=l&cat=p&typeid=i","cat":284606},{"id":116114,"n":"Shampooing douche Petit Manava Pêche banane - 250ml","p":1.35,"u":"5,40 €/L","img":"https://fd1-photos.leclercdrive.fr/image.ashx?id=2440458&use=l&cat=p&typeid=i","cat":284606},{"id":116156,"n":"La Cancoillotte à la Truffe Le Francomtois - 200g","p":2.99,"u":"14,95 €/KG","img":"https://fd1-photos.leclercdrive.fr/image.ashx?id=2458436&use=l&cat=p&typeid=i","cat":314037},{"id":116160,"n":"Masque détox bio Bionaïa 100ml","p":3.26,"u":"32,60 €/L","img":"https://fd1-photos.leclercdrive.fr/image.ashx?id=2482899&use=l&cat=p&typeid=i","cat":325346},{"id":116167,"n":"Adoucissant concentré Hyperdou Rêve merveille x60 - 1.5L","p":3.95,"u":"2,63 €/L","img":"https://fd1-photos.leclercdrive.fr/image.ashx?id=2602925&use=l&cat=p&typeid=i","cat":284650},{"id":116168,"n":"Adoucissant concentré Hyperdou Fraîcheur fleurie x60 - 1.5L","p":3.95,"u":"2,63 €/L","img":"https://fd1-photos.leclercdrive.fr/image.ashx?id=2602931&use=l&cat=p&typeid=i","cat":284650},{"id":116169,"n":"Adoucissant concentré Hyperdou Coucher soleil x60 - 1.5L","p":3.95,"u":"2,63 €/L","img":"https://fd1-photos.leclercdrive.fr/image.ashx?id=2602937&use=l&cat=p&typeid=i","cat":284650},{"id":116170,"n":"Adoucissant concentré Hyperdou Fraîcheur x75 - 1.95L","p":3.65,"u":"1,87 €/L","img":"https://fd1-photos.leclercdrive.fr/image.ashx?id=2602949&use=l&cat=p&typeid=i","cat":284650},{"id":116171,"n":"Adoucissant concentré Hyperdou Pur Caresse x75 - 1.95L","p":3.65,"u":"1,87 €/L","img":"https://fd1-photos.leclercdrive.fr/image.ashx?id=2614512&use=l&cat=p&typeid=i","cat":284650},{"id":116172,"n":"Lingettes bio Bionaïa Démaquillantes - x25","p":1.04,"u":"0,04 €/P","img":"https://fd1-photos.leclercdrive.fr/image.ashx?id=2515500&use=l&cat=p&typeid=i","cat":284603},{"id":116199,"n":"Vin blanc pétillant Roche Mazet Brut Chardonnay - 75cl","p":4.5,"pp":2.97,"u":"3,96 €/L","img":"https://fd1-photos.leclercdrive.fr/image.ashx?id=2475615&use=l&cat=p&typeid=i","cat":284544},{"id":116221,"n":"Crème de jour L'Oréal Paris  Revitalift Anti-âge - 50ml","p":15.42,"u":"308,40 €/L","img":"https://fd1-photos.leclercdrive.fr/image.ashx?id=2926581&use=l&cat=p&typeid=i","cat":325345},{"id":116224,"n":"Porto Tawny Cruz 18%vol - 75cl","p":7.43,"u":"9,91 €/L","img":"https://fd1-photos.leclercdrive.fr/image.ashx?id=2536373&use=l&cat=p&typeid=i","cat":284913},{"id":116240,"n":"Lait bébé liquide Blédilait croissance 1-3 ans 6x1L","p":12.47,"u":"2,08 €/L","img":"https://fd1-photos.leclercdrive.fr/image.ashx?id=2685799&use=l&cat=p&typeid=i","cat":284728},{"id":116250,"n":"LLait bébé en poudre Gallia Calisma 1er âge  0-6 mois 700g","p":14.32,"u":"20,46 €/KG","img":"https://fd1-photos.leclercdrive.fr/image.ashx?id=2479718&use=l&cat=p&typeid=i","cat":284726},{"id":116254,"n":"Lait bébé en poudre Calisma Bio Gallia croissance 10 mois 800g","p":17.41,"u":"21,76 €/KG","img":"https://fd1-photos.leclercdrive.fr/image.ashx?id=2760325&use=l&cat=p&typeid=i","cat":290219},{"id":116257,"n":"Lait bébé en poudre Calisma Bio Gallia 2e âge 6-12 mois 800g","p":20.51,"u":"25,64 €/KG","img":"https://fd1-photos.leclercdrive.fr/image.ashx?id=2760328&use=l&cat=p&typeid=i","cat":284727},{"id":116284,"n":"Tablette de chocolat Côte d'Or Lait coeur coulant caramel 200g","p":4.1,"u":"20,50 €/KG","img":"https://fd1-photos.leclercdrive.fr/image.ashx?id=1925405&use=l&cat=p&typeid=i","cat":284497},{"id":116321,"n":"Soupe liquide Liebig tomates  Et vermicelles - Brique 1L","p":2.11,"u":"2,11 €/L","img":"https://fd1-photos.leclercdrive.fr/image.ashx?id=2941481&use=l&cat=p&typeid=i","cat":284462},{"id":116325,"n":"Velouté Bio Liebig 6 légumes - 75cl","p":2.98,"u":"3,97 €/L","img":"https://fd1-photos.leclercdrive.fr/image.ashx?id=2842561&use=l&cat=p&typeid=i","cat":284462},{"id":116326,"n":"Soupe liquide Bio Liebig  Velouté Potiron Carottes - 75cl","p":2.76,"u":"3,68 €/L","img":"https://fd1-photos.leclercdrive.fr/image.ashx?id=2842567&use=l&cat=p&typeid=i","cat":284462},{"id":116339,"n":"Test de grossesse Mercurochrome 1 pièce","p":4.98,"img":"https://fd1-photos.leclercdrive.fr/image.ashx?id=2806958&use=l&cat=p&typeid=i","cat":324482},{"id":116362,"n":"Saucisson sec Montorsi 100g","p":2.93,"u":"29,30 €/KG","img":"https://fd1-photos.leclercdrive.fr/image.ashx?id=2488746&use=l&cat=p&typeid=i","cat":316007},{"id":116387,"n":"Pâte à tartiner Poulain  Cacao noisette - 400g","p":2.97,"u":"7,43 €/KG","img":"https://fd1-photos.leclercdrive.fr/image.ashx?id=2806354&use=l&cat=p&typeid=i","cat":284481},{"id":116471,"n":"Coloration 5.3 Olia Chatain clair doré - x2","p":17.4,"u":"8,70 €/P","img":"https://fd1-photos.leclercdrive.fr/image.ashx?id=2397872&use=l&cat=p&typeid=i","cat":288899},{"id":116557,"n":"Mouche bébé Prohinel  x2 embouts jetables","p":5.96,"img":"https://fd1-photos.leclercdrive.fr/image.ashx?id=2918817&use=l&cat=p&typeid=i","cat":289435},{"id":116579,"n":"Pommes de terres grenailles Bio Bio Village - 450g","p":3.06,"u":"6,80 €/KG","img":"https://fd1-photos.leclercdrive.fr/image.ashx?id=2923341&use=l&cat=p&typeid=i","cat":319792},{"id":116583,"n":"Pâte a tartiner Bio Village Aux noisettes bio - 350g","p":2.45,"u":"7,00 €/KG","img":"https://fd1-photos.leclercdrive.fr/image.ashx?id=2977198&use=l&cat=p&typeid=i","cat":284481},{"id":116670,"n":"Steak haché Bigard 12%MG Label Rouge - 250g","p":5.54,"u":"22,16 €/KG","img":"https://fd1-photos.leclercdrive.fr/image.ashx?id=2176254&use=l&cat=p&typeid=i","cat":284332},{"id":116706,"n":"Yaourt à la grecque YAOS Nature lit de marrons 4x125g","p":2.75,"u":"5,50 €/KG","img":"https://fd1-photos.leclercdrive.fr/image.ashx?id=3007939&use=l&cat=p&typeid=i","cat":314999},{"id":116967,"n":"Carottes filière  Panier du Primeur - 1kg","p":1.49,"u":"1,49 €/KG","img":"https://fd1-photos.leclercdrive.fr/image.ashx?id=2920229&use=l&cat=p&typeid=i","cat":284352},{"id":116985,"n":"Parmesan Râpé Giovanni Ferrari  22 mois AOP - 60g","p":1.82,"u":"30,33 €/KG","img":"https://fd1-photos.leclercdrive.fr/image.ashx?id=3002297&use=l&cat=p&typeid=i","cat":314035},{"id":117132,"n":"Bouillon kub légumes Maggi -25% sel - 120g","p":1.5,"u":"12,50 €/KG","img":"https://fd1-photos.leclercdrive.fr/image.ashx?id=2758443&use=l&cat=p&typeid=i","cat":288379},{"id":117225,"n":"Sirop Moulin de Valdonne Grenadine - 70cl","p":3.09,"u":"4,41 €/L","img":"https://fd1-photos.leclercdrive.fr/image.ashx?id=2170610&use=l&cat=p&typeid=i","cat":295020},{"id":117235,"n":"Sirop Moulin de Valdonne Pêche abricot - 70cl","p":3.49,"u":"4,99 €/L","img":"https://fd1-photos.leclercdrive.fr/image.ashx?id=2170613&use=l&cat=p&typeid=i","cat":295020},{"id":117242,"n":"Biscuit coco pavot GERBLE BIO  Bio - 4x3, 132g","p":2.0,"u":"15,15 €/KG","img":"https://fd1-photos.leclercdrive.fr/image.ashx?id=2664052&use=l&cat=p&typeid=i","cat":284487},{"id":117244,"n":"Biscuit 3 graines Gerblé Bio  - 132g","p":1.84,"u":"13,94 €/KG","img":"https://fd1-photos.leclercdrive.fr/image.ashx?id=2664055&use=l&cat=p&typeid=i","cat":318651},{"id":117245,"n":"Sacs de congélation zip Alfapac Renforcé - x30","p":2.61,"img":"https://fd1-photos.leclercdrive.fr/image.ashx?id=2986338&use=l&cat=p&typeid=i","cat":334134},{"id":117246,"n":"Biscuits Gerblé Bio Citron gingembre - 132g","p":2.01,"u":"15,23 €/KG","img":"https://fd1-photos.leclercdrive.fr/image.ashx?id=2662871&use=l&cat=p&typeid=i","cat":318651},{"id":117248,"n":"Biscuits Gerblé Bio Amande cranberry - 132g","p":2.01,"u":"15,23 €/KG","img":"https://fd1-photos.leclercdrive.fr/image.ashx?id=2662868&use=l&cat=p&typeid=i","cat":318651},{"id":117252,"n":"Mouliné Régal Soupe Légumes d'autrefois - 1L","p":1.65,"u":"1,65 €/L","img":"https://fd1-photos.leclercdrive.fr/image.ashx?id=2607590&use=l&cat=p&typeid=i","cat":284462},{"id":117283,"n":"Petits pois Notre Jardin Sans sel ajouté - 280g","p":0.9,"u":"3,21 €/KG","img":"https://fd1-photos.leclercdrive.fr/image.ashx?id=3002638&use=l&cat=p&typeid=i","cat":312607},{"id":117293,"n":"Petits pois Notre Jardin Carottes Sans sel ajouté - 265g","p":0.99,"u":"3,74 €/KG","img":"https://fd1-photos.leclercdrive.fr/image.ashx?id=3002641&use=l&cat=p&typeid=i","cat":312607},{"id":117297,"n":"Haricots verts Notre Jardin Sans sel ajouté - 225g","p":0.88,"u":"3,91 €/KG","img":"https://fd1-photos.leclercdrive.fr/image.ashx?id=3002644&use=l&cat=p&typeid=i","cat":312606},{"id":117330,"n":"Champignon Notre Jardin Emincé Sans sel ajouté - 230g","p":1.18,"u":"5,13 €/KG","img":"https://fd1-photos.leclercdrive.fr/image.ashx?id=1792507&use=l&cat=p&typeid=i","cat":312610},{"id":117378,"n":"Petits pois d'aucy  Bio - 58cl","p":2.96,"u":"8,71 €/KG","img":"https://fd1-photos.leclercdrive.fr/image.ashx?id=2431545&use=l&cat=p&typeid=i","cat":312607},{"id":117379,"n":"Pois chiches Bio D'Aucy 340g","p":3.11,"u":"9,15 €/KG","img":"https://fd1-photos.leclercdrive.fr/image.ashx?id=2562193&use=l&cat=p&typeid=i","cat":312609},{"id":117403,"n":"Poêlée de légumes Bonduelle La Parisienne - 750g","p":3.51,"u":"4,68 €/KG","img":"https://fd1-photos.leclercdrive.fr/image.ashx?id=2907908&use=l&cat=p&typeid=i","cat":319823},{"id":117404,"n":"La Poêlée Rustique Bonduelle 750g","p":3.61,"u":"4,81 €/KG","img":"https://fd1-photos.leclercdrive.fr/image.ashx?id=2910055&use=l&cat=p&typeid=i","cat":319823},{"id":117407,"n":"Poêlée à la paysanne Bonduelle 750g","p":3.58,"u":"4,77 €/KG","img":"https://fd1-photos.leclercdrive.fr/image.ashx?id=2907911&use=l&cat=p&typeid=i","cat":319823},{"id":117457,"n":"Eau aromatisée Cristaline Jus de fruits citron - 1.5L","p":1.1,"u":"0,73 €/L","img":"https://fd1-photos.leclercdrive.fr/image.ashx?id=2386623&use=l&cat=p&typeid=i","cat":284537},{"id":117648,"n":"Boulettes végétales Végé - 200g","p":2.59,"u":"12,95 €/KG","img":"https://fd1-photos.leclercdrive.fr/image.ashx?id=2866253&use=l&cat=p&typeid=i","cat":316036},{"id":117668,"n":"Pizza Dolce Sodebo Margherita Tomate Marinées 400g","p":4.16,"u":"10,40 €/KG","img":"https://fd1-photos.leclercdrive.fr/image.ashx?id=2921642&use=l&cat=p&typeid=i","cat":333679},{"id":117705,"n":"Ras El Hanout Ducros Epices couscous - 38g","p":1.92,"u":"50,53 €/KG","img":"https://fd1-photos.leclercdrive.fr/image.ashx?id=2559490&use=l&cat=p&typeid=i","cat":298297},{"id":117828,"n":"Lardons fumés au bois CharcuFine du Forez - 140g","p":1.29,"u":"9,21 €/KG","img":"https://fd1-photos.leclercdrive.fr/image.ashx?id=2913268&use=l&cat=p&typeid=i","cat":316011},{"id":117829,"n":"Lardons natures  Charcufine du Forez - 140g","p":1.29,"u":"9,21 €/KG","img":"https://fd1-photos.leclercdrive.fr/image.ashx?id=2913271&use=l&cat=p&typeid=i","cat":316011},{"id":117864,"n":"Café en grains Mövenpick Créma  - 1kg","p":14.95,"u":"14,95 €/KG","img":"https://fd1-photos.leclercdrive.fr/image.ashx?id=2963835&use=l&cat=p&typeid=i","cat":293237},{"id":117865,"n":"Café grains Mövenpick Espresso  - 1kg","p":14.95,"u":"14,95 €/KG","img":"https://fd1-photos.leclercdrive.fr/image.ashx?id=2416871&use=l&cat=p&typeid=i","cat":293237},{"id":118113,"n":"Sauce soja Bio Village Bio - 150ml","p":1.99,"u":"13,27 €/L","img":"https://fd1-photos.leclercdrive.fr/image.ashx?id=2913772&use=l&cat=p&typeid=i","cat":288992},{"id":118116,"n":"Sauce soja sucrée Bio Village Bio - 150ml","p":1.99,"u":"13,27 €/L","img":"https://fd1-photos.leclercdrive.fr/image.ashx?id=2913775&use=l&cat=p&typeid=i","cat":288992},{"id":118217,"n":"Mini coquilles Saint-Jacques  Tipiak x8 - 100g","p":3.75,"u":"37,50 €/KG","img":"https://fd1-photos.leclercdrive.fr/image.ashx?id=2484212&use=l&cat=p&typeid=i","cat":319775},{"id":118224,"n":"Gel Got2B Pâte Chic et Mat - 100ml","p":5.13,"u":"51,30 €/L","img":"https://fd1-photos.leclercdrive.fr/image.ashx?id=2301040&use=l&cat=p&typeid=i","cat":284620},{"id":118270,"n":"Suprêmes soufflés Saint-Jean Volaille & morilles x4 - 480g","p":3.69,"u":"7,69 €/KG","img":"https://fd1-photos.leclercdrive.fr/image.ashx?id=2446716&use=l&cat=p&typeid=i","cat":333682},{"id":118272,"n":"Suprêmes soufflés Saint-Jean Cèpes girolles x4 - 480g","p":3.69,"u":"7,69 €/KG","img":"https://fd1-photos.leclercdrive.fr/image.ashx?id=2357335&use=l&cat=p&typeid=i","cat":333682},{"id":118320,"n":"Raclette Les Croisés  Moutarde - 250g","p":3.69,"u":"14,76 €/KG","img":"https://fd1-photos.leclercdrive.fr/image.ashx?id=2793287&use=l&cat=p&typeid=i","cat":314037},{"id":118408,"n":"Lait bébé en poudre Galliagest 1er âge 0-6 mois 820g","p":19.43,"u":"23,70 €/KG","img":"https://fd1-photos.leclercdrive.fr/image.ashx?id=2983054&use=l&cat=p&typeid=i","cat":284726},{"id":118412,"n":"Lait bébé en poudre Galliagest 2 âge 6-12 mois 820g","p":18.59,"u":"22,67 €/KG","img":"https://fd1-photos.leclercdrive.fr/image.ashx?id=2771666&use=l&cat=p&typeid=i","cat":284727},{"id":118426,"n":"Lait bébé en poudre Blédilait 2e âge 6-12 mois 820g","p":14.94,"u":"18,22 €/KG","img":"https://fd1-photos.leclercdrive.fr/image.ashx?id=2500054&use=l&cat=p&typeid=i","cat":284727},{"id":118442,"n":"Bonbons Tic Tac Menthe extra fraîche x100 - 49g","p":1.6,"u":"32,65 €/KG","img":"https://fd1-photos.leclercdrive.fr/image.ashx?id=2737243&use=l&cat=p&typeid=i","cat":304256},{"id":118447,"n":"Soupe deshydratée Knorr Tomate mozzarella - 75cl","p":1.56,"u":"2,08 €/L","img":"https://fd1-photos.leclercdrive.fr/image.ashx?id=2788919&use=l&cat=p&typeid=i","cat":284463},{"id":118536,"n":"Boules inox Eco+ x2","p":0.26,"u":"0,13 €/P","img":"https://fd1-photos.leclercdrive.fr/image.ashx?id=2984483&use=l&cat=p&typeid=i","cat":284667},{"id":118574,"n":"Saumon fumé de Norvège Petit Navire 10 tranches - 325g","p":10.7,"u":"32,92 €/KG","img":"https://fd1-photos.leclercdrive.fr/image.ashx?id=2159949&use=l&cat=p&typeid=i","cat":285188},{"id":118583,"n":"Tampons Uni Vert Normal digital - x16","p":1.63,"u":"0,10 €/P","img":"https://fd1-photos.leclercdrive.fr/image.ashx?id=2896901&use=l&cat=p&typeid=i","cat":284626},{"id":118593,"n":"Serviettes Love & Green Incontinence Normal - x12","p":4.15,"u":"0,35 €/P","img":"https://fd1-photos.leclercdrive.fr/image.ashx?id=1866320&use=l&cat=p&typeid=i","cat":284628},{"id":118595,"n":"Serviettes Love & Green Incontinence maxi nuit - x12","p":8.46,"u":"0,71 €/P","img":"https://fd1-photos.leclercdrive.fr/image.ashx?id=2407691&use=l&cat=p&typeid=i","cat":284628},{"id":118601,"n":"Sirop d'Erable Maple Joe Bio - 250g","p":5.04,"u":"20,16 €/KG","img":"https://fd1-photos.leclercdrive.fr/image.ashx?id=2101084&use=l&cat=p&typeid=i","cat":287643},{"id":119123,"n":"Barre de céréales Nature Valley Crunchy multi variétés X5-210g","p":2.81,"u":"13,38 €/KG","img":"https://fd1-photos.leclercdrive.fr/image.ashx?id=2616270&use=l&cat=p&typeid=i","cat":285869},{"id":119185,"n":"Bougie vanille Uni Vert 30h - 130g","p":3.99,"u":"30,69 €/KG","img":"https://fd1-photos.leclercdrive.fr/image.ashx?id=2670347&use=l&cat=p&typeid=i","cat":284666},{"id":119259,"n":"Couches Love & Green Hypoallergéniques Taille 3- x52","p":16.9,"u":"0,33 €/P","img":"https://fd1-photos.leclercdrive.fr/image.ashx?id=2798138&use=l&cat=p&typeid=i","cat":284737},{"id":119261,"n":"Couches Love & Green Hypoallergéniques Taille 4+-x42","p":16.28,"u":"0,39 €/P","img":"https://fd1-photos.leclercdrive.fr/image.ashx?id=2799524&use=l&cat=p&typeid=i","cat":284737},{"id":119262,"n":"Sauce bolognaise Panzani 100% Pur Bœuf - 400G","p":2.28,"u":"5,70 €/KG","img":"https://fd1-photos.leclercdrive.fr/image.ashx?id=2984754&use=l&cat=p&typeid=i","cat":287599},{"id":119263,"n":"Couches Love & Green Hypoallergéniques Taille 5- x40","p":16.28,"u":"0,41 €/P","img":"https://fd1-photos.leclercdrive.fr/image.ashx?id=2799527&use=l&cat=p&typeid=i","cat":284737},{"id":119264,"n":"Sauce Bolognaise Panzani 100% Pur Bœuf - 650G","p":3.51,"u":"5,40 €/KG","img":"https://fd1-photos.leclercdrive.fr/image.ashx?id=2977933&use=l&cat=p&typeid=i","cat":287599},{"id":119271,"n":"Haricots rouge Notre Jardin 3x125g","p":1.91,"u":"5,09 €/KG","img":"https://fd1-photos.leclercdrive.fr/image.ashx?id=2988111&use=l&cat=p&typeid=i","cat":312606},{"id":119273,"n":"Carottes Notre Jardin 3x130g","p":2.25,"u":"5,77 €/KG","img":"https://fd1-photos.leclercdrive.fr/image.ashx?id=2537364&use=l&cat=p&typeid=i","cat":312607},{"id":119337,"n":"Crème légère jour So Bio Etic Anti-âge argan bio - 50ml","p":8.58,"u":"171,60 €/L","img":"https://fd1-photos.leclercdrive.fr/image.ashx?id=2788730&use=l&cat=p&typeid=i","cat":325345},{"id":119339,"n":"Gel nettoyant Uni Vert Entretien canalisations - 1L","p":3.9,"u":"3,90 €/L","img":"https://fd1-photos.leclercdrive.fr/image.ashx?id=2593471&use=l&cat=p&typeid=i","cat":284908},{"id":119510,"n":"Blancs de poireaux filière Panier du Primeur - 500g","p":2.99,"u":"5,98 €/KG","img":"https://fd1-photos.leclercdrive.fr/image.ashx?id=2930894&use=l&cat=p&typeid=i","cat":284352},{"id":119571,"n":"Douceur de Brebis vanille 4x100g - Le Petit Basque","p":2.75,"u":"6,88 €/KG","img":"https://fd1-photos.leclercdrive.fr/image.ashx?id=2248093&use=l&cat=p&typeid=i","cat":314998},{"id":119600,"n":"Fonds de tartes flambées Frères Adam x4 - 440g","p":2.34,"u":"5,32 €/KG","img":"https://fd1-photos.leclercdrive.fr/image.ashx?id=1953849&use=l&cat=p&typeid=i","cat":333681},{"id":119634,"n":"Gourmet Gold Régal de sauce  x12 - 85g","p":7.12,"u":"6,98 €/KG","img":"https://fd1-photos.leclercdrive.fr/image.ashx?id=2902364&use=l&cat=p&typeid=i","cat":285286},{"id":119709,"n":"Fromage Persillée Saint Agur  125g","p":2.38,"u":"19,04 €/KG","img":"https://fd1-photos.leclercdrive.fr/image.ashx?id=2981515&use=l&cat=p&typeid=i","cat":314032},{"id":119743,"n":"Emmental français Entremont Portion - 500g","p":6.19,"u":"12,38 €/KG","img":"https://fd1-photos.leclercdrive.fr/image.ashx?id=2966980&use=l&cat=p&typeid=i","cat":314034},{"id":119767,"n":"Eau micellaire bio Bionaïa 400ml","p":3.73,"u":"9,33 €/L","img":"https://fd1-photos.leclercdrive.fr/image.ashx?id=2376055&use=l&cat=p&typeid=i","cat":284603},{"id":119782,"n":"Lardons fumés Jean Floc'h Allumettes - 500g","p":6.01,"u":"12,02 €/KG","img":"https://fd1-photos.leclercdrive.fr/image.ashx?id=1898531&use=l&cat=p&typeid=i","cat":319779},{"id":119797,"n":"Comté fromage bloc Les Croisés 200g","p":2.85,"u":"14,25 €/KG","img":"https://fd1-photos.leclercdrive.fr/image.ashx?id=2856585&use=l&cat=p&typeid=i","cat":314034},{"id":119893,"n":"Skyr Nature Délisse 450g","p":1.89,"u":"4,20 €/KG","img":"https://fd1-photos.leclercdrive.fr/image.ashx?id=2992549&use=l&cat=p&typeid=i","cat":315000},{"id":119940,"n":"Mini candy play Copains Copines 180g","p":1.49,"u":"8,28 €/KG","img":"https://fd1-photos.leclercdrive.fr/image.ashx?id=2589861&use=l&cat=p&typeid=i","cat":304250},{"id":119941,"n":"Fromage à Tartiner Tartare Ail et Fines Herbes 10P - 160g","p":2.1,"u":"13,13 €/KG","img":"https://fd1-photos.leclercdrive.fr/image.ashx?id=2867410&use=l&cat=p&typeid=i","cat":314029},{"id":119956,"n":"Filets de limande du Nord MSC L'Atelier Poissonnerie x2 200g","p":3.39,"u":"16,95 €/KG","img":"https://fd1-photos.leclercdrive.fr/image.ashx?id=2652101&use=l&cat=p&typeid=i","cat":284344},{"id":119960,"n":"Filets de colin pané d'Alaska MSC sans arrêtes x2 - 220g","p":2.99,"u":"13,59 €/KG","img":"https://fd1-photos.leclercdrive.fr/image.ashx?id=2652110&use=l&cat=p&typeid=i","cat":284344},{"id":119963,"n":"Pavés de saumon de Norvège ASC L'Atelier Poissonnerie x2 250g","p":5.99,"u":"23,96 €/KG","img":"https://fd1-photos.leclercdrive.fr/image.ashx?id=2340590&use=l&cat=p&typeid=i","cat":284342},{"id":119965,"n":"Pavés de saumon ASC Norvège L'Atelier Poissonnerie x4 -500g","p":11.49,"u":"22,98 €/KG","img":"https://fd1-photos.leclercdrive.fr/image.ashx?id=2349926&use=l&cat=p&typeid=i","cat":284342},{"id":120224,"n":"Cristaux de soude Clair 500g","p":1.95,"u":"3,90 €/KG","img":"https://fd1-photos.leclercdrive.fr/image.ashx?id=2822144&use=l&cat=p&typeid=i","cat":325365},{"id":120225,"n":"Percarbonate de sodium Clair 500g","p":2.99,"u":"5,98 €/KG","img":"https://fd1-photos.leclercdrive.fr/image.ashx?id=2822141&use=l&cat=p&typeid=i","cat":325365},{"id":120226,"n":"Savon de Marseille Clair Paillettes - 500g","p":5.18,"u":"10,36 €/KG","img":"https://fd1-photos.leclercdrive.fr/image.ashx?id=1875878&use=l&cat=p&typeid=i","cat":325365},{"id":120261,"n":"Lessive liquide Epsil Anti-transfert - 40 lavages 2L","p":5.99,"u":"3,00 €/L","img":"https://fd1-photos.leclercdrive.fr/image.ashx?id=2838936&use=l&cat=p&typeid=i","cat":284640},{"id":120266,"n":"Galettes de riz Tanoshi Vietnam x10 - 100g","p":2.87,"u":"2,87 €/KG","img":"https://fd1-photos.leclercdrive.fr/image.ashx?id=2999982&use=l&cat=p&typeid=i","cat":288992},{"id":120267,"n":"Tablette chocolat noir Lindt Sésame grillé - 2x100g","p":4.2,"u":"21,00 €/KG","img":"https://fd1-photos.leclercdrive.fr/image.ashx?id=2230893&use=l&cat=p&typeid=i","cat":284956},{"id":120285,"n":"Tablette Excellence Lindt Chocolat noir framboise -2x100g","p":4.55,"u":"22,75 €/KG","img":"https://fd1-photos.leclercdrive.fr/image.ashx?id=2230890&use=l&cat=p&typeid=i","cat":284956},{"id":120331,"n":"Eau gazeuse minérale Salvetat Pauvre en sodium - 6x1,15L","p":3.06,"u":"0,44 €/L","img":"https://fd1-photos.leclercdrive.fr/image.ashx?id=2578693&use=l&cat=p&typeid=i","cat":284536},{"id":120335,"n":"Eau gazeuse aromatisée Salvetat citron - 1,15L","p":0.86,"u":"0,75 €/L","img":"https://fd1-photos.leclercdrive.fr/image.ashx?id=2279753&use=l&cat=p&typeid=i","cat":284536},{"id":120348,"n":"Purée 4 mois Bio Village Pomme pruneaux bio - 4x100g","p":1.69,"u":"4,23 €/KG","img":"https://fd1-photos.leclercdrive.fr/image.ashx?id=2704837&use=l&cat=p&typeid=i","cat":312387},{"id":120349,"n":"Purée 4 mois Bio Village Pomme Abricot bio - 4x100g","p":1.89,"u":"4,73 €/KG","img":"https://fd1-photos.leclercdrive.fr/image.ashx?id=2704690&use=l&cat=p&typeid=i","cat":312387},{"id":120350,"n":"Purée 4 mois Bio Village Pomme coing bio - 4x100g","p":1.79,"u":"4,48 €/KG","img":"https://fd1-photos.leclercdrive.fr/image.ashx?id=2704840&use=l&cat=p&typeid=i","cat":312387},{"id":120351,"n":"Purée 4 mois Bio Village Pomme myrtilles bio - 4x100g","p":1.99,"u":"4,98 €/KG","img":"https://fd1-photos.leclercdrive.fr/image.ashx?id=2704843&use=l&cat=p&typeid=i","cat":312387},{"id":120389,"n":"Sablé  La mère poulard Pur beurre - 3x125g","p":2.93,"u":"7,81 €/KG","img":"https://fd1-photos.leclercdrive.fr/image.ashx?id=2990682&use=l&cat=p&typeid=i","cat":284487},{"id":120402,"n":"Nettoyant multi surface Romarin L'Arbre vert - 1L","p":2.01,"u":"2,01 €/L","img":"https://fd1-photos.leclercdrive.fr/image.ashx?id=2948063&use=l&cat=p&typeid=i","cat":325357},{"id":120403,"n":"Adoucissant L'Arbre Vert Souffle de pureté x53 - 800ml","p":2.88,"u":"3,60 €/L","img":"https://fd1-photos.leclercdrive.fr/image.ashx?id=3001386&use=l&cat=p&typeid=i","cat":284650},{"id":120421,"n":"Crème de coco Real Thai 200ml","p":1.88,"u":"9,40 €/L","img":"https://fd1-photos.leclercdrive.fr/image.ashx?id=2857944&use=l&cat=p&typeid=i","cat":288992},{"id":120422,"n":"Lait de coco uht Real Thai 200ml","p":1.64,"u":"8,20 €/L","img":"https://fd1-photos.leclercdrive.fr/image.ashx?id=2872249&use=l&cat=p&typeid=i","cat":288992},{"id":120426,"n":"Protège slip écolo Uni vert Normal - x30","p":2.12,"u":"0,07 €/P","img":"https://fd1-photos.leclercdrive.fr/image.ashx?id=2799787&use=l&cat=p&typeid=i","cat":284625},{"id":120428,"n":"Serviette ecolo Uni Vert Normal - x14","p":1.79,"u":"0,13 €/P","img":"https://fd1-photos.leclercdrive.fr/image.ashx?id=2831589&use=l&cat=p&typeid=i","cat":284624},{"id":120429,"n":"Serviette écolo Uni vert Super+ - x12","p":1.55,"u":"0,13 €/P","img":"https://fd1-photos.leclercdrive.fr/image.ashx?id=2820445&use=l&cat=p&typeid=i","cat":284624},{"id":120430,"n":"Serviette écolo Uni Vert Nuit + - x10","p":1.79,"u":"0,18 €/P","img":"https://fd1-photos.leclercdrive.fr/image.ashx?id=2806780&use=l&cat=p&typeid=i","cat":284624},{"id":120482,"n":"Planta fin cuisine facile 750ml - Format familial","p":3.75,"u":"5,00 €/L","img":"https://fd1-photos.leclercdrive.fr/image.ashx?id=2440091&use=l&cat=p&typeid=i","cat":284453},{"id":120485,"n":"Mascara Volume L'Oréal Paris Millions de Cils Extra Black","p":10.79,"pp":7.12,"img":"https://fd1-photos.leclercdrive.fr/image.ashx?id=2419170&use=l&cat=p&typeid=i","cat":287029},{"id":120488,"n":"Riz parfumé Comptoir du Grain Basmati -1kg","p":2.48,"u":"2,48 €/KG","img":"https://fd1-photos.leclercdrive.fr/image.ashx?id=2923399&use=l&cat=p&typeid=i","cat":284428},{"id":120492,"n":"Céréales fourrées P'tit Déli Chocolat noisette - 450g","p":2.19,"u":"4,87 €/KG","img":"https://fd1-photos.leclercdrive.fr/image.ashx?id=2819636&use=l&cat=p&typeid=i","cat":309513},{"id":120505,"n":"Mascara Waterproof L'OréalParis Millions de Cils Noir","p":13.38,"u":"495,56 €/KG","img":"https://fd1-photos.leclercdrive.fr/image.ashx?id=2278076&use=l&cat=p&typeid=i","cat":287029},{"id":120506,"n":"Super liner black lacquer L'Oréal - x1","p":14.16,"img":"https://fd1-photos.leclercdrive.fr/image.ashx?id=2601112&use=l&cat=p&typeid=i","cat":287029},{"id":120512,"n":"Fond de Teint L'Oréal Paris Accord Parfait 4.N Beige","p":13.12,"img":"https://fd1-photos.leclercdrive.fr/image.ashx?id=2937352&use=l&cat=p&typeid=i","cat":287029},{"id":120517,"n":"Crayon khôl L'Oréal Paris Paradise 101 Midnight Black","p":5.2,"img":"https://fd1-photos.leclercdrive.fr/image.ashx?id=2340981&use=l&cat=p&typeid=i","cat":287029},{"id":120519,"n":"Correcteur anticerne Maybelline Instant Anti-Age 02 Beige Nu","p":8.08,"img":"https://fd1-photos.leclercdrive.fr/image.ashx?id=2423172&use=l&cat=p&typeid=i","cat":287029},{"id":120520,"n":"Mascara Maybelline  Cils Sensational Extra-noir","p":8.38,"img":"https://fd1-photos.leclercdrive.fr/image.ashx?id=2377784&use=l&cat=p&typeid=i","cat":287029},{"id":120570,"n":"Morille extra Bontout Champignons secs - 70g","p":29.65,"u":"423,57 €/KG","img":"https://fd1-photos.leclercdrive.fr/image.ashx?id=2148140&use=l&cat=p&typeid=i","cat":312610},{"id":120586,"n":"Wraps Poco Loco  Blé maïs - 380g","p":2.28,"u":"6,00 €/KG","img":"https://fd1-photos.leclercdrive.fr/image.ashx?id=1874447&use=l&cat=p&typeid=i","cat":288993},{"id":120587,"n":"Friandise pour chat Dentalife Saumon - 40g","p":1.34,"u":"33,50 €/KG","img":"https://fd1-photos.leclercdrive.fr/image.ashx?id=2468638&use=l&cat=p&typeid=i","cat":285285},{"id":120660,"n":"Purée 4 mois Bio Village Fruits verger bio - 4x100g","p":1.89,"u":"4,73 €/KG","img":"https://fd1-photos.leclercdrive.fr/image.ashx?id=2704846&use=l&cat=p&typeid=i","cat":312387},{"id":120661,"n":"Purée 4 mois Bio Village Pomme Fraise Banane bio -4x100g","p":1.69,"u":"4,23 €/KG","img":"https://fd1-photos.leclercdrive.fr/image.ashx?id=2704849&use=l&cat=p&typeid=i","cat":312387},{"id":120663,"n":"Purée 6 mois Bio Village Pomme carotte mangue bio-4x100g","p":1.79,"u":"4,48 €/KG","img":"https://fd1-photos.leclercdrive.fr/image.ashx?id=2704852&use=l&cat=p&typeid=i","cat":312388},{"id":120665,"n":"Purée 6 mois Bio Village Pomme Biscuit bio - 4x100g","p":1.79,"u":"4,48 €/KG","img":"https://fd1-photos.leclercdrive.fr/image.ashx?id=2704855&use=l&cat=p&typeid=i","cat":312388},{"id":120679,"n":"Petits pots bébé P'TIT SOUPER Petits pois pâtes 12M+ - 2x200g","p":1.67,"u":"4,18 €/KG","img":"https://fd1-photos.leclercdrive.fr/image.ashx?id=2526517&use=l&cat=p&typeid=i","cat":312239},{"id":120681,"n":"Petits pots bébé P'TIT SOUPER Légumes Pâtes 8M+ - 2x200g","p":2.08,"u":"5,20 €/KG","img":"https://fd1-photos.leclercdrive.fr/image.ashx?id=2526520&use=l&cat=p&typeid=i","cat":312239},{"id":120683,"n":"Petits pots bébé P'TITE RECETTE Bœuf bourguignon 12M+ - 2x200g","p":2.18,"u":"5,45 €/KG","img":"https://fd1-photos.leclercdrive.fr/image.ashx?id=2525714&use=l&cat=p&typeid=i","cat":312237},{"id":120686,"n":"Biphase micellaire So Bio Etic Bamboo bio - 500ml","p":7.31,"u":"14,62 €/L","img":"https://fd1-photos.leclercdrive.fr/image.ashx?id=2680221&use=l&cat=p&typeid=i","cat":284603},{"id":120688,"n":"Gel douche argan So Bio Etic Nutrition bio - 650ml","p":5.87,"u":"9,03 €/L","img":"https://fd1-photos.leclercdrive.fr/image.ashx?id=2891583&use=l&cat=p&typeid=i","cat":284594},{"id":120690,"n":"Shampoing Nateïs Cheveux fragiles - 250ml","p":1.27,"u":"5,08 €/L","img":"https://fd1-photos.leclercdrive.fr/image.ashx?id=2626838&use=l&cat=p&typeid=i","cat":284606},{"id":120692,"n":"Pur jus d'orange Bio Village Bio - 2L","p":4.75,"u":"2,38 €/L","img":"https://fd1-photos.leclercdrive.fr/image.ashx?id=2751922&use=l&cat=p&typeid=i","cat":284521},{"id":120694,"n":"Jus de pomme bio Bio Village 1L","p":1.29,"u":"1,29 €/L","img":"https://fd1-photos.leclercdrive.fr/image.ashx?id=2958783&use=l&cat=p&typeid=i","cat":284522},{"id":120727,"n":"Pâtes tagliatelle Garofalo 500g","p":2.0,"u":"4,00 €/KG","img":"https://fd1-photos.leclercdrive.fr/image.ashx?id=3005350&use=l&cat=p&typeid=i","cat":284427},{"id":120741,"n":"Jus d'orange Bio Village Bio A base de concentré - 1L","p":2.19,"u":"2,19 €/L","img":"https://fd1-photos.leclercdrive.fr/image.ashx?id=2958777&use=l&cat=p&typeid=i","cat":284521},{"id":120744,"n":"Barre de céréales Nature Valley Sweet & Salty cacahuète x5-150g","p":2.79,"u":"18,60 €/KG","img":"https://fd1-photos.leclercdrive.fr/image.ashx?id=2737711&use=l&cat=p&typeid=i","cat":285869},{"id":120797,"n":"Cubes de filets de poulet Volandrie - 450g","p":5.09,"u":"11,31 €/KG","img":"https://fd1-photos.leclercdrive.fr/image.ashx?id=2647901&use=l&cat=p&typeid=i","cat":284336},{"id":120799,"n":"Filet de poulet jaune Volandrie 300g","p":3.69,"u":"12,30 €/KG","img":"https://fd1-photos.leclercdrive.fr/image.ashx?id=2647910&use=l&cat=p&typeid=i","cat":284336},{"id":120800,"n":"Filet de poulet blanc Volandrie Extra tendre - 300g","p":3.8,"u":"12,67 €/KG","img":"https://fd1-photos.leclercdrive.fr/image.ashx?id=2647904&use=l&cat=p&typeid=i","cat":284336},{"id":120801,"n":"Filets poulet blanc Volandrie 300g","p":3.69,"u":"12,30 €/KG","img":"https://fd1-photos.leclercdrive.fr/image.ashx?id=2647907&use=l&cat=p&typeid=i","cat":284336},{"id":120822,"n":"Tablette de chocolat noir Lindt Croquant Noisette - 150g","p":4.28,"u":"28,53 €/KG","img":"https://fd1-photos.leclercdrive.fr/image.ashx?id=1877963&use=l&cat=p&typeid=i","cat":284956},{"id":120828,"n":"Poêle 24cm Easy Cook'n Clean Tous feux sauf induction","p":16.9,"img":"https://fd1-photos.leclercdrive.fr/image.ashx?id=2531856&use=l&cat=p&typeid=i","cat":298490},{"id":120829,"n":"Poêle 28cm Easy Cook'n Clean Tous feux sauf induction","p":19.9,"img":"https://fd1-photos.leclercdrive.fr/image.ashx?id=2531859&use=l&cat=p&typeid=i","cat":298490},{"id":120843,"n":"Chicorée Soluble Ricoré  Aux Céréales - 250g","p":4.33,"u":"17,32 €/KG","img":"https://fd1-photos.leclercdrive.fr/image.ashx?id=2979611&use=l&cat=p&typeid=i","cat":284843},{"id":120853,"n":"Bonbons Lutti Scoubifizz Piquants Fruits - 180g","p":1.68,"u":"9,33 €/KG","img":"https://fd1-photos.leclercdrive.fr/image.ashx?id=2964837&use=l&cat=p&typeid=i","cat":304250},{"id":120864,"n":"Bonbons Lutti Flexifizz Piquants Fraise - 225g","p":1.62,"u":"7,20 €/KG","img":"https://fd1-photos.leclercdrive.fr/image.ashx?id=2806396&use=l&cat=p&typeid=i","cat":304250},{"id":120869,"n":"Poudre d'amande Bio Village Doypack bio - 100g","p":2.5,"u":"25,00 €/KG","img":"https://fd1-photos.leclercdrive.fr/image.ashx?id=1873546&use=l&cat=p&typeid=i","cat":284504},{"id":120870,"n":"Amande effilée Bio Village Doypack bio - 100g","p":3.06,"u":"30,60 €/KG","img":"https://fd1-photos.leclercdrive.fr/image.ashx?id=1873549&use=l&cat=p&typeid=i","cat":284504},{"id":120872,"n":"Pépites chocolat Bio Village Bio - 100g","p":2.21,"u":"22,10 €/KG","img":"https://fd1-photos.leclercdrive.fr/image.ashx?id=2590544&use=l&cat=p&typeid=i","cat":284504},{"id":120890,"n":"Chiffonnade de chorizo 80g","p":3.24,"u":"40,50 €/KG","img":"https://fd1-photos.leclercdrive.fr/image.ashx?id=2484389&use=l&cat=p&typeid=i","cat":316006},{"id":120891,"n":"Chiffonnade de Serrano 80g","p":3.98,"u":"49,75 €/KG","img":"https://fd1-photos.leclercdrive.fr/image.ashx?id=2484392&use=l&cat=p&typeid=i","cat":316007},{"id":120906,"n":"Crevette cuite 60/80 Equat ASC L'Atelier Poissonnerie - 500g","p":4.99,"u":"9,98 €/KG","img":"https://fd1-photos.leclercdrive.fr/image.ashx?id=2652116&use=l&cat=p&typeid=i","cat":284343},{"id":121096,"n":"Chocolat Peluche mix Kinder Ours - 133g","p":13.48,"u":"101,35 €/KG","img":"https://fd1-photos.leclercdrive.fr/image.ashx?id=1895392&use=l&cat=p&typeid=i","cat":327789},{"id":121270,"n":"Miel de fleurs liquide 500g","p":4.75,"u":"9,50 €/KG","img":"https://fd1-photos.leclercdrive.fr/image.ashx?id=2315910&use=l&cat=p&typeid=i","cat":287643},{"id":121343,"n":"Pâtes Knepfle Valfleuri A l'ancienne - 500g","p":3.21,"u":"6,42 €/KG","img":"https://fd1-photos.leclercdrive.fr/image.ashx?id=2896606&use=l&cat=p&typeid=i","cat":284427},{"id":121356,"n":"Dentifrice Original Parodontax Complete protect - 75ml","p":5.55,"u":"74,00 €/L","img":"https://fd1-photos.leclercdrive.fr/image.ashx?id=2546749&use=l&cat=p&typeid=i","cat":284612},{"id":121358,"n":"Dentifrice Blancheur Parodontax Complete protect - 75ml","p":5.45,"u":"72,67 €/L","img":"https://fd1-photos.leclercdrive.fr/image.ashx?id=2896393&use=l&cat=p&typeid=i","cat":284612},{"id":121383,"n":"Emmental râpé Valmartin 27%mg - 800g","p":6.49,"u":"8,11 €/KG","img":"https://fd1-photos.leclercdrive.fr/image.ashx?id=2535373&use=l&cat=p&typeid=i","cat":314035},{"id":121387,"n":"Lingettes Mots d'Enfants Toilettes bio - x60","p":2.17,"u":"0,04 €/P","img":"https://fd1-photos.leclercdrive.fr/image.ashx?id=2748729&use=l&cat=p&typeid=i","cat":284738},{"id":121388,"n":"Sacs poubelle 20L Elembal Poignées coulissantes - x20","p":2.05,"u":"0,10 €/P","img":"https://fd1-photos.leclercdrive.fr/image.ashx?id=2958753&use=l&cat=p&typeid=i","cat":285168},{"id":121390,"n":"Feuilleté vigneron Pierre Schmidt - 450g","p":5.48,"u":"12,18 €/KG","img":"https://fd1-photos.leclercdrive.fr/image.ashx?id=1987989&use=l&cat=p&typeid=i","cat":333671},{"id":121391,"n":"Sauce tomate Lucien Georgelin Aux oignons et à l'ail - 300g","p":2.4,"u":"8,00 €/KG","img":"https://fd1-photos.leclercdrive.fr/image.ashx?id=2015663&use=l&cat=p&typeid=i","cat":287599},{"id":121392,"n":"Sauce tomate Lucien Georgelin Au piment D'espelette - 300g","p":2.48,"u":"8,27 €/KG","img":"https://fd1-photos.leclercdrive.fr/image.ashx?id=2015666&use=l&cat=p&typeid=i","cat":288384},{"id":121393,"n":"Sauce tomate Lucien Georgelin  au basilic - 300g","p":2.46,"u":"8,20 €/KG","img":"https://fd1-photos.leclercdrive.fr/image.ashx?id=2015669&use=l&cat=p&typeid=i","cat":288384},{"id":121407,"n":"Oeufs élevés en plein air Bureland - x 12","p":3.5,"u":"0,29 €/P","img":"https://fd1-photos.leclercdrive.fr/image.ashx?id=2732644&use=l&cat=p&typeid=i","cat":284378},{"id":121438,"n":"Sérum repulpant L'Oréal Paris Revitalift Anti-rides - 30ml","p":13.98,"u":"466,00 €/L","img":"https://fd1-photos.leclercdrive.fr/image.ashx?id=2926584&use=l&cat=p&typeid=i","cat":325345},{"id":121439,"n":"Ampoules 10% acide Glycolique Revitalift - 7 x 1ml","p":16.31,"img":"https://fd1-photos.leclercdrive.fr/image.ashx?id=2347972&use=l&cat=p&typeid=i","cat":325345},{"id":121441,"n":"Knopfle aux oeufs Alb Gold 1kg + 200g offerts","p":5.15,"u":"4,29 €/KG","img":"https://fd1-photos.leclercdrive.fr/image.ashx?id=1878473&use=l&cat=p&typeid=i","cat":333682},{"id":121443,"n":"Spaetzle aux oeufs Alb Gold 1kg + 200g offerts","p":4.99,"u":"4,16 €/KG","img":"https://fd1-photos.leclercdrive.fr/image.ashx?id=1878470&use=l&cat=p&typeid=i","cat":333682},{"id":121447,"n":"Flanbolo Haribo Sachet bonbons - 200g","p":1.87,"u":"9,35 €/KG","img":"https://fd1-photos.leclercdrive.fr/image.ashx?id=2806117&use=l&cat=p&typeid=i","cat":304250},{"id":121492,"n":"Mini shampooing voyage Nateïs Tilleul Pomme - 100ml","p":1.09,"u":"10,90 €/L","img":"https://fd1-photos.leclercdrive.fr/image.ashx?id=2626841&use=l&cat=p&typeid=i","cat":284606},{"id":121493,"n":"Gel nettoyant Syphon Javel canalisation - 1L","p":2.98,"u":"2,98 €/L","img":"https://fd1-photos.leclercdrive.fr/image.ashx?id=2917659&use=l&cat=p&typeid=i","cat":284908},{"id":121551,"n":"Crêpière Tefal Easy Cook'n Clean 25cm","p":13.9,"img":"https://fd1-photos.leclercdrive.fr/image.ashx?id=1882055&use=l&cat=p&typeid=i","cat":298490},{"id":121556,"n":"Carottes des Hauts de France Nos Régions ont du Talent - 1kg","p":1.99,"u":"1,99 €/KG","img":"https://fd1-photos.leclercdrive.fr/image.ashx?id=2928339&use=l&cat=p&typeid=i","cat":284352},{"id":121699,"n":"Farine semi-complète Bio Bio Village - 1kg","p":1.45,"u":"1,45 €/KG","img":"https://fd1-photos.leclercdrive.fr/image.ashx?id=2460045&use=l&cat=p&typeid=i","cat":284503},{"id":121707,"n":"Sauce bolognaise pur boeuf Panzani - 200g","p":1.66,"u":"8,30 €/KG","img":"https://fd1-photos.leclercdrive.fr/image.ashx?id=2880682&use=l&cat=p&typeid=i","cat":287599},{"id":121708,"n":"Céréales fourrées P'tit Déli Chocolat noisette - 650g","p":3.08,"u":"4,74 €/KG","img":"https://fd1-photos.leclercdrive.fr/image.ashx?id=2840740&use=l&cat=p&typeid=i","cat":309513},{"id":121992,"n":"Secret de mousse La laitière Chocolat Lait et Blanc - 4x59 g","p":1.65,"u":"6,99 €/KG","img":"https://fd1-photos.leclercdrive.fr/image.ashx?id=2729782&use=l&cat=p&typeid=i","cat":284417},{"id":122035,"n":"Vinaigre de ménage 14° Briochin Ecocert - 1L","p":3.28,"u":"3,28 €/L","img":"https://fd1-photos.leclercdrive.fr/image.ashx?id=3000734&use=l&cat=p&typeid=i","cat":325365},{"id":122040,"n":"Douche crème Le Petit Olivier Lait de karité - 750ml","p":4.15,"u":"5,53 €/L","img":"https://fd1-photos.leclercdrive.fr/image.ashx?id=2144851&use=l&cat=p&typeid=i","cat":284594},{"id":122065,"n":"Biscuit pépite Nat&Vie Chocolat au lait - 200g","p":1.16,"u":"5,80 €/KG","img":"https://fd1-photos.leclercdrive.fr/image.ashx?id=1879927&use=l&cat=p&typeid=i","cat":318651},{"id":122089,"n":"Mini lunettes bio Bio Village  Fraise - 156g","p":1.99,"u":"12,76 €/KG","img":"https://fd1-photos.leclercdrive.fr/image.ashx?id=2353381&use=l&cat=p&typeid=i","cat":284489},{"id":122092,"n":"Goûter bio Bio Village Fourrage cacao - 185g","p":2.02,"u":"10,92 €/KG","img":"https://fd1-photos.leclercdrive.fr/image.ashx?id=1879942&use=l&cat=p&typeid=i","cat":284488},{"id":122102,"n":"Noix de coco bio Bio Village En poudre - 100g","p":1.64,"u":"16,40 €/KG","img":"https://fd1-photos.leclercdrive.fr/image.ashx?id=1879994&use=l&cat=p&typeid=i","cat":284504},{"id":122231,"n":"Jambon supérieur Bio Village découenné 4 Tranches bio - 140g","p":4.24,"u":"30,29 €/KG","img":"https://fd1-photos.leclercdrive.fr/image.ashx?id=1959610&use=l&cat=p&typeid=i","cat":316009},{"id":122344,"n":"Pots bébé soir bio Babybio Légumes riz - 8 mois - 2x200g","p":2.96,"u":"7,40 €/KG","img":"https://fd1-photos.leclercdrive.fr/image.ashx?id=2838314&use=l&cat=p&typeid=i","cat":312239},{"id":122347,"n":"Lait Primea 2 Bio Babybio 800g","p":15.78,"u":"19,73 €/KG","img":"https://fd1-photos.leclercdrive.fr/image.ashx?id=2962824&use=l&cat=p&typeid=i","cat":284727},{"id":122348,"n":"Lait Primea 3 Bio Babybio 800g","p":15.22,"u":"19,03 €/KG","img":"https://fd1-photos.leclercdrive.fr/image.ashx?id=2944026&use=l&cat=p&typeid=i","cat":290219},{"id":122403,"n":"Patate douce bio Bio Village 500g","p":2.49,"u":"4,98 €/KG","img":"https://fd1-photos.leclercdrive.fr/image.ashx?id=2934805&use=l&cat=p&typeid=i","cat":284352},{"id":122419,"n":"Skyr Siggi's  Nature 0% MG - 2x140g","p":2.21,"u":"7,89 €/KG","img":"https://fd1-photos.leclercdrive.fr/image.ashx?id=2372412&use=l&cat=p&typeid=i","cat":315000},{"id":122420,"n":"Skyr Siggi's  Vanille - 2x140g","p":2.18,"u":"7,79 €/KG","img":"https://fd1-photos.leclercdrive.fr/image.ashx?id=2646119&use=l&cat=p&typeid=i","cat":315000},{"id":122433,"n":"Allumettes Bio Village bio Fumées - 2x60g","p":1.59,"u":"13,25 €/KG","img":"https://fd1-photos.leclercdrive.fr/image.ashx?id=3004130&use=l&cat=p&typeid=i","cat":316011},{"id":122435,"n":"Lardons supérieurs Bio Village bio Fumés - 2x60g","p":1.75,"u":"14,58 €/KG","img":"https://fd1-photos.leclercdrive.fr/image.ashx?id=2761983&use=l&cat=p&typeid=i","cat":316011},{"id":122486,"n":"Thon blanc entier Pêche Océan MSC - 160g","p":2.89,"u":"18,06 €/KG","img":"https://fd1-photos.leclercdrive.fr/image.ashx?id=2942229&use=l&cat=p&typeid=i","cat":303867},{"id":122528,"n":"Skyr Siggi's  Framboise - 2x140g","p":2.14,"u":"7,64 €/KG","img":"https://fd1-photos.leclercdrive.fr/image.ashx?id=2692095&use=l&cat=p&typeid=i","cat":315000},{"id":122529,"n":"Skyr Siggi's  Myrtille - 2x140g","p":2.24,"u":"8,00 €/KG","img":"https://fd1-photos.leclercdrive.fr/image.ashx?id=2692098&use=l&cat=p&typeid=i","cat":315000},{"id":122532,"n":"Boisson Thé Glacé FuzeTea Pêche Bouteille - 40 cl","p":1.37,"u":"3,43 €/L","img":"https://fd1-photos.leclercdrive.fr/image.ashx?id=2940399&use=l&cat=p&typeid=i","cat":295019},{"id":122539,"n":"Débouche-évier Homeside 1 pièce","p":1.47,"img":"https://fd1-photos.leclercdrive.fr/image.ashx?id=2081104&use=l&cat=p&typeid=i","cat":284669},{"id":122553,"n":"Compote bio Bio Village Bocal pomme vanille - 625g","p":2.04,"u":"3,26 €/KG","img":"https://fd1-photos.leclercdrive.fr/image.ashx?id=1948045&use=l&cat=p&typeid=i","cat":284508},{"id":122554,"n":"Fromage blanc Bio Vrai Chèvre - 400g","p":3.08,"u":"7,70 €/KG","img":"https://fd1-photos.leclercdrive.fr/image.ashx?id=2388616&use=l&cat=p&typeid=i","cat":314998},{"id":122676,"n":"Dentifrice Email Diamant Le Charbon - 75ml","p":3.57,"u":"47,60 €/L","img":"https://fd1-photos.leclercdrive.fr/image.ashx?id=2975960&use=l&cat=p&typeid=i","cat":284612},{"id":122691,"n":"Yaourt brassé Bio Les 300 & Bio Fraise, framboise - 4x125g","p":1.9,"u":"3,80 €/KG","img":"https://fd1-photos.leclercdrive.fr/image.ashx?id=2629136&use=l&cat=p&typeid=i","cat":284410},{"id":122790,"n":"Chips Tuiles Pringles Hot Spicy - 175g","p":1.74,"u":"9,94 €/KG","img":"https://fd1-photos.leclercdrive.fr/image.ashx?id=2902295&use=l&cat=p&typeid=i","cat":287899},{"id":122792,"n":"Chips Tuiles Pringles Crème et Oignon - 175g","p":1.7,"u":"9,71 €/KG","img":"https://fd1-photos.leclercdrive.fr/image.ashx?id=2902292&use=l&cat=p&typeid=i","cat":287899},{"id":122808,"n":"Jeune pousse Panier du Primeur 125g","p":0.99,"u":"7,92 €/KG","img":"https://fd1-photos.leclercdrive.fr/image.ashx?id=2616060&use=l&cat=p&typeid=i","cat":284353},{"id":122810,"n":"Kakis Panier du Primeur Barquette 1kg","p":2.99,"u":"2,99 €/KG","img":"https://fd1-photos.leclercdrive.fr/image.ashx?id=2402798&use=l&cat=p&typeid=i","cat":284356},{"id":122858,"n":"Végétal Haché Garden Gourmet Cru Soja à Cuisiner 200g","p":3.56,"u":"17,80 €/KG","img":"https://fd1-photos.leclercdrive.fr/image.ashx?id=2737102&use=l&cat=p&typeid=i","cat":316036},{"id":122895,"n":"Chips Tuiles Pringles Original - 175g","p":1.73,"u":"9,89 €/KG","img":"https://fd1-photos.leclercdrive.fr/image.ashx?id=2902298&use=l&cat=p&typeid=i","cat":287899},{"id":122905,"n":"Shampooing antipelliculaire Vitanove cheveux normaux -250ml","p":1.66,"u":"6,64 €/L","img":"https://fd1-photos.leclercdrive.fr/image.ashx?id=1909525&use=l&cat=p&typeid=i","cat":284606},{"id":122906,"n":"Chlore multiactions 5kg","p":29.9,"u":"5,98 €/KG","img":"https://fd1-photos.leclercdrive.fr/image.ashx?id=1919423&use=l&cat=p&typeid=i","cat":335918},{"id":122907,"n":"Anti-algue concentré 5L","p":14.99,"u":"3,00 €/L","img":"https://fd1-photos.leclercdrive.fr/image.ashx?id=1919426&use=l&cat=p&typeid=i","cat":335918},{"id":122911,"n":"Chlore choc Granulés - 5kg","p":29.9,"u":"5,98 €/KG","img":"https://fd1-photos.leclercdrive.fr/image.ashx?id=1919438&use=l&cat=p&typeid=i","cat":335918},{"id":122912,"n":"Shampoing Déjaunisseur Dessange Cheveux Blancs et Gris - 250ml","p":3.12,"u":"12,48 €/L","img":"https://fd1-photos.leclercdrive.fr/image.ashx?id=2308054&use=l&cat=p&typeid=i","cat":284606},{"id":122913,"n":"Poudre PH moins 5kg","p":9.9,"u":"1,98 €/KG","img":"https://fd1-photos.leclercdrive.fr/image.ashx?id=1919432&use=l&cat=p&typeid=i","cat":335918},{"id":122915,"n":"Poudre PH Plus 5kg","p":9.9,"u":"1,98 €/KG","img":"https://fd1-photos.leclercdrive.fr/image.ashx?id=1919435&use=l&cat=p&typeid=i","cat":335918},{"id":122973,"n":"Jambon de Paris Tradilège Découenné - 2 tranches - 80g","p":1.2,"u":"15,00 €/KG","img":"https://fd1-photos.leclercdrive.fr/image.ashx?id=2994384&use=l&cat=p&typeid=i","cat":316009},{"id":123029,"n":"Poisson pané Colin Findus Extra croustillant - x2 250g","p":3.03,"u":"12,12 €/KG","img":"https://fd1-photos.leclercdrive.fr/image.ashx?id=3014548&use=l&cat=p&typeid=i","cat":319788},{"id":123062,"n":"Jambon de Paris Tradilège A l'étouffé - 160g","p":1.69,"u":"10,56 €/KG","img":"https://fd1-photos.leclercdrive.fr/image.ashx?id=2951143&use=l&cat=p&typeid=i","cat":316009},{"id":123063,"n":"Jambon de Paris Tradilège Découenné dégraissé x6 - 240g","p":2.39,"u":"9,96 €/KG","img":"https://fd1-photos.leclercdrive.fr/image.ashx?id=2951146&use=l&cat=p&typeid=i","cat":316009},{"id":123067,"n":"Jambon de Paris Tradilège Découenné dégraissé x10 - 400g","p":3.85,"u":"9,63 €/KG","img":"https://fd1-photos.leclercdrive.fr/image.ashx?id=2930787&use=l&cat=p&typeid=i","cat":316009},{"id":123070,"n":"Jambon de Paris Tradilège -25% de sel - 4 tranches - 140g","p":2.05,"u":"14,64 €/KG","img":"https://fd1-photos.leclercdrive.fr/image.ashx?id=2208609&use=l&cat=p&typeid=i","cat":316009},{"id":123071,"n":"Jambon de Paris Tradilège -25% de sel - 6 tranches - 210g","p":2.49,"u":"11,86 €/KG","img":"https://fd1-photos.leclercdrive.fr/image.ashx?id=2208612&use=l&cat=p&typeid=i","cat":316009},{"id":123076,"n":"Jambon supérieur Tradilège Découenné dégraissé x6 - 240g","p":3.25,"u":"13,54 €/KG","img":"https://fd1-photos.leclercdrive.fr/image.ashx?id=1914327&use=l&cat=p&typeid=i","cat":316009},{"id":123103,"n":"Jambon supérieur Tradilège Sans couenne x8 - 320g","p":4.29,"u":"13,41 €/KG","img":"https://fd1-photos.leclercdrive.fr/image.ashx?id=1914330&use=l&cat=p&typeid=i","cat":316009},{"id":123108,"n":"Jambon supérieur Tradilège Label rouge découenné x4 - 160g","p":2.59,"u":"16,19 €/KG","img":"https://fd1-photos.leclercdrive.fr/image.ashx?id=2943698&use=l&cat=p&typeid=i","cat":316009},{"id":123183,"n":"IGP Terres du Midi rosé Listel Cuvée St Louis - 75cl","p":4.9,"u":"6,53 €/L","img":"https://fd1-photos.leclercdrive.fr/image.ashx?id=2630382&use=l&cat=p&typeid=i","cat":289558},{"id":123186,"n":"IGP Pays d'Oc blancChardonnay Côtes des Roses -75cl","p":7.19,"u":"9,59 €/L","img":"https://fd1-photos.leclercdrive.fr/image.ashx?id=2981578&use=l&cat=p&typeid=i","cat":289557},{"id":123249,"n":"Thé blanc bio Clipper Framboise - 34g","p":2.29,"u":"67,35 €/KG","img":"https://fd1-photos.leclercdrive.fr/image.ashx?id=2906757&use=l&cat=p&typeid=i","cat":293233},{"id":123257,"n":"Capsules café Plantation Lungo forte n°7 - x16 - 105g","p":3.35,"u":"31,90 €/KG","img":"https://fd1-photos.leclercdrive.fr/image.ashx?id=2649744&use=l&cat=p&typeid=i","cat":293239},{"id":123310,"n":"Pâtes Barilla Capellini - 1kg","p":2.03,"u":"2,03 €/KG","img":"https://fd1-photos.leclercdrive.fr/image.ashx?id=2986948&use=l&cat=p&typeid=i","cat":284427},{"id":123358,"n":"Cordon bleu Marie 2x280g","p":6.4,"u":"11,43 €/KG","img":"https://fd1-photos.leclercdrive.fr/image.ashx?id=2331807&use=l&cat=p&typeid=i","cat":333665},{"id":123360,"n":"Pétales Tables du Monde A la crevette ASC - 50g","p":0.65,"u":"13,00 €/KG","img":"https://fd1-photos.leclercdrive.fr/image.ashx?id=3013639&use=l&cat=p&typeid=i","cat":288992},{"id":123368,"n":"Brume d'eau Mot d'enfant 200ml","p":1.99,"u":"9,95 €/L","img":"https://fd1-photos.leclercdrive.fr/image.ashx?id=3015123&use=l&cat=p&typeid=i","cat":284741},{"id":123371,"n":"Déboucheur Syphon Spécial cheveux - 1L","p":2.36,"u":"2,36 €/L","img":"https://fd1-photos.leclercdrive.fr/image.ashx?id=2202473&use=l&cat=p&typeid=i","cat":284908},{"id":123375,"n":"Gel Toilette Intime Neutre Intima Natural 200ml","p":3.14,"u":"15,70 €/L","img":"https://fd1-photos.leclercdrive.fr/image.ashx?id=2959865&use=l&cat=p&typeid=i","cat":284627},{"id":123393,"n":"Bière sans alcool Tourtel Twist Agrume 0,0° - 6x27,5cl","p":4.27,"u":"2,59 €/L","img":"https://fd1-photos.leclercdrive.fr/image.ashx?id=2730736&use=l&cat=p&typeid=i","cat":334877},{"id":123397,"n":"Bière sans alcool Tourtel Twist Framboise 0,0° - 6x27,5cl","p":4.09,"u":"2,48 €/L","img":"https://fd1-photos.leclercdrive.fr/image.ashx?id=2886705&use=l&cat=p&typeid=i","cat":334877},{"id":123400,"n":"Cire corps Laurence Dumont Bandes - x20","p":3.69,"u":"0,18 €/P","img":"https://fd1-photos.leclercdrive.fr/image.ashx?id=2606358&use=l&cat=p&typeid=i","cat":325351},{"id":123407,"n":"Bière sans alcool Tourtel Twist Citron 0,0° - 6x27,5cl","p":3.85,"u":"2,33 €/L","img":"https://fd1-photos.leclercdrive.fr/image.ashx?id=2886702&use=l&cat=p&typeid=i","cat":334877},{"id":123416,"n":"Soda Coca-Cola Original Bouteille - Pack 6x1,75L","p":14.28,"u":"1,36 €/L","img":"https://fd1-photos.leclercdrive.fr/image.ashx?id=2878333&use=l&cat=p&typeid=i","cat":284530},{"id":123418,"n":"Bière blonde Leffe sans alcool 0,0% - 6x25cl","p":4.77,"u":"3,18 €/L","img":"https://fd1-photos.leclercdrive.fr/image.ashx?id=2548303&use=l&cat=p&typeid=i","cat":334877},{"id":123434,"n":"Soda Schweppes Indian Tonic Zero - 6x33cl","p":3.68,"u":"1,86 €/L","img":"https://fd1-photos.leclercdrive.fr/image.ashx?id=2852420&use=l&cat=p&typeid=i","cat":284531},{"id":123436,"n":"Boisson fruit shoot Teisseire Tropical - 6x20cl","p":2.66,"u":"2,22 €/L","img":"https://fd1-photos.leclercdrive.fr/image.ashx?id=2858204&use=l&cat=p&typeid=i","cat":295018},{"id":123437,"n":"Boisson Fruit shoot Teisseire Multivamine - 6x20cl","p":2.67,"u":"2,23 €/L","img":"https://fd1-photos.leclercdrive.fr/image.ashx?id=2858201&use=l&cat=p&typeid=i","cat":295018},{"id":123441,"n":"Mascara Maybelline  Colossal Go volume extrême Noir","p":8.75,"u":"380,43 €/L","img":"https://fd1-photos.leclercdrive.fr/image.ashx?id=2344162&use=l&cat=p&typeid=i","cat":287029},{"id":123478,"n":"AOP Côtes du Rhône rouge La Chapelle Pied Vaurias -75cl","p":3.95,"u":"5,27 €/L","img":"https://fd1-photos.leclercdrive.fr/image.ashx?id=1948772&use=l&cat=p&typeid=i","cat":289556},{"id":123485,"n":"Tartinade Petit Navire Thon poivrons tomate - 125g","p":2.19,"u":"17,52 €/KG","img":"https://fd1-photos.leclercdrive.fr/image.ashx?id=2522584&use=l&cat=p&typeid=i","cat":284451},{"id":123486,"n":"Pâtes Coquillage Panzani Créatives - 500G","p":1.35,"u":"2,70 €/KG","img":"https://fd1-photos.leclercdrive.fr/image.ashx?id=2902939&use=l&cat=p&typeid=i","cat":284427},{"id":123491,"n":"Crêpe fourrée Whaou Chocolat - x8 - 256g","p":2.16,"u":"8,44 €/KG","img":"https://fd1-photos.leclercdrive.fr/image.ashx?id=2962863&use=l&cat=p&typeid=i","cat":284494},{"id":123492,"n":"Crêpes Whaou! Chocolat x15 - 480g","p":3.69,"u":"7,69 €/KG","img":"https://fd1-photos.leclercdrive.fr/image.ashx?id=2986449&use=l&cat=p&typeid=i","cat":284494},{"id":123503,"n":"Yaourt fjord fromage blanc Nature - 4x125g","p":2.11,"u":"4,22 €/KG","img":"https://fd1-photos.leclercdrive.fr/image.ashx?id=2956993&use=l&cat=p&typeid=i","cat":284409},{"id":123504,"n":"Yaourt fjord fromage blanc Nature - 8x125g","p":3.41,"u":"3,41 €/KG","img":"https://fd1-photos.leclercdrive.fr/image.ashx?id=2653222&use=l&cat=p&typeid=i","cat":284409},{"id":123523,"n":"Tubes Copains Copines Arc-en-ciel - 200g","p":1.13,"u":"5,65 €/KG","img":"https://fd1-photos.leclercdrive.fr/image.ashx?id=2589864&use=l&cat=p&typeid=i","cat":304250},{"id":123536,"n":"Eau gazeuse aromatisée Salvetat citron vert - 1,15L","p":0.85,"u":"0,74 €/L","img":"https://fd1-photos.leclercdrive.fr/image.ashx?id=2259475&use=l&cat=p&typeid=i","cat":284536},{"id":123538,"n":"Eau gazeuse aromatisée Salvetat clementine  - 1,15L","p":0.84,"u":"0,73 €/L","img":"https://fd1-photos.leclercdrive.fr/image.ashx?id=2259478&use=l&cat=p&typeid=i","cat":284537},{"id":123540,"n":"Eau minérale naturelle Volvic 6x50cl","p":2.1,"u":"0,70 €/L","img":"https://fd1-photos.leclercdrive.fr/image.ashx?id=2730247&use=l&cat=p&typeid=i","cat":284535},{"id":123541,"n":"Eau minérale naturelle Evian  12x33cl","p":4.56,"u":"1,15 €/L","img":"https://fd1-photos.leclercdrive.fr/image.ashx?id=2973556&use=l&cat=p&typeid=i","cat":284535},{"id":123550,"n":"Yaourt aux fruits brassés Velouté fruix Danone - 16x125g","p":4.39,"u":"2,20 €/KG","img":"https://fd1-photos.leclercdrive.fr/image.ashx?id=2912923&use=l&cat=p&typeid=i","cat":284410},{"id":123551,"n":"Yaourt aux fruits brassés Velouté fruix Danone - 12x125g","p":3.88,"u":"2,59 €/KG","img":"https://fd1-photos.leclercdrive.fr/image.ashx?id=2912929&use=l&cat=p&typeid=i","cat":284410},{"id":123552,"n":"Yaourt fruits rouges brassés Velouté fruix Danone - 8x125g","p":2.77,"u":"2,77 €/KG","img":"https://fd1-photos.leclercdrive.fr/image.ashx?id=2912932&use=l&cat=p&typeid=i","cat":284410},{"id":123553,"n":"Yaourt aux fruits velouté fruix Danone brassé fraise - 4x125g","p":1.87,"u":"3,74 €/KG","img":"https://fd1-photos.leclercdrive.fr/image.ashx?id=2911855&use=l&cat=p&typeid=i","cat":284410},{"id":123554,"n":"Yaourt aux fruits velouté fruix Danone brassé framboise -4x125g","p":1.88,"u":"3,76 €/KG","img":"https://fd1-photos.leclercdrive.fr/image.ashx?id=2911858&use=l&cat=p&typeid=i","cat":284410},{"id":123555,"n":"Yaourt fruits jaunes brassés Velouté fruix Danone - 8x125g","p":2.68,"u":"2,68 €/KG","img":"https://fd1-photos.leclercdrive.fr/image.ashx?id=2912926&use=l&cat=p&typeid=i","cat":284410},{"id":123557,"n":"Kiwi Panier du Primeur Filière Mûrs à point - x6","p":3.99,"u":"0,67 €/P","img":"https://fd1-photos.leclercdrive.fr/image.ashx?id=2955047&use=l&cat=p&typeid=i","cat":284356},{"id":123558,"n":"Pomelo Bio Bio Village x1","p":0.99,"img":"https://fd1-photos.leclercdrive.fr/image.ashx?id=2231573&use=l&cat=p&typeid=i","cat":284356},{"id":123563,"n":"Filet de poulet blanc Maître Coq - 1kg","p":10.37,"u":"10,37 €/KG","img":"https://fd1-photos.leclercdrive.fr/image.ashx?id=2551132&use=l&cat=p&typeid=i","cat":284336},{"id":123603,"n":"Kit Distributeur Savon Mains Dettol Citron 250ml","p":8.47,"u":"33,88 €/L","img":"https://fd1-photos.leclercdrive.fr/image.ashx?id=2975134&use=l&cat=p&typeid=i","cat":284597},{"id":123606,"n":"Lessive liquide blanc Epsil 25 lavages - 1.25L","p":2.54,"u":"2,03 €/L","img":"https://fd1-photos.leclercdrive.fr/image.ashx?id=2838933&use=l&cat=p&typeid=i","cat":284640},{"id":123622,"n":"Lait poudre Optima 2 Babybio  Bio 6 mois à 1an - 800g","p":18.89,"u":"23,61 €/KG","img":"https://fd1-photos.leclercdrive.fr/image.ashx?id=2988436&use=l&cat=p&typeid=i","cat":284727},{"id":123624,"n":"Pain de mie nature Jacquet Sans sucre -  700g","p":1.96,"u":"2,80 €/KG","img":"https://fd1-photos.leclercdrive.fr/image.ashx?id=2991864&use=l&cat=p&typeid=i","cat":284477},{"id":123687,"n":"Lait de croissance Bio BabyBio 6x1L","p":13.43,"u":"2,24 €/L","img":"https://fd1-photos.leclercdrive.fr/image.ashx?id=2953875&use=l&cat=p&typeid=i","cat":284728},{"id":123688,"n":"Lait croissance Bio Babybio 6x25cl","p":5.76,"u":"3,84 €/L","img":"https://fd1-photos.leclercdrive.fr/image.ashx?id=2621390&use=l&cat=p&typeid=i","cat":284728},{"id":123695,"n":"Lait Primea 1 Bio BabyBio 800g","p":17.46,"u":"21,83 €/KG","img":"https://fd1-photos.leclercdrive.fr/image.ashx?id=2911327&use=l&cat=p&typeid=i","cat":284726},{"id":123697,"n":"Lait Caprea 2 Bio Babybio Bio 800g","p":23.99,"u":"29,99 €/KG","img":"https://fd1-photos.leclercdrive.fr/image.ashx?id=2733340&use=l&cat=p&typeid=i","cat":284727},{"id":123710,"n":"Tomato Ketchup Zéro Heinz sans sucre ni sel - 425g","p":2.48,"u":"5,84 €/KG","img":"https://fd1-photos.leclercdrive.fr/image.ashx?id=2927723&use=l&cat=p&typeid=i","cat":284455},{"id":123717,"n":"Maqueraux Petit Navire Le Grillé - 110g","p":2.28,"u":"20,73 €/KG","img":"https://fd1-photos.leclercdrive.fr/image.ashx?id=2989066&use=l&cat=p&typeid=i","cat":303868},{"id":123841,"n":"Sardines sans arêtes au citron Connétable - 140g","p":2.84,"u":"20,29 €/KG","img":"https://fd1-photos.leclercdrive.fr/image.ashx?id=2677333&use=l&cat=p&typeid=i","cat":305146},{"id":123864,"n":"Crème Pieds Anti-Crevasses Talons 24h - 60 ml","p":4.84,"u":"80,67 €/L","img":"https://fd1-photos.leclercdrive.fr/image.ashx?id=2980878&use=l&cat=p&typeid=i","cat":325354},{"id":123883,"n":"Thon Alba Connetable Naturel Label Rouge - 112g","p":3.35,"u":"29,91 €/KG","img":"https://fd1-photos.leclercdrive.fr/image.ashx?id=2674128&use=l&cat=p&typeid=i","cat":303867},{"id":123960,"n":"Bière sans alcool Desperados Virgin - Agrumes 3x33cl","p":3.92,"u":"3,96 €/L","img":"https://fd1-photos.leclercdrive.fr/image.ashx?id=2977966&use=l&cat=p&typeid=i","cat":334877},{"id":124035,"n":"Jus de raisin ABC Eco+ 1L","p":0.98,"u":"0,98 €/L","img":"https://fd1-photos.leclercdrive.fr/image.ashx?id=2802275&use=l&cat=p&typeid=i","cat":284915},{"id":124052,"n":"Nouilles de riz Table du monde 250g","p":1.99,"u":"7,96 €/KG","img":"https://fd1-photos.leclercdrive.fr/image.ashx?id=2679780&use=l&cat=p&typeid=i","cat":288992},{"id":124222,"n":"AOP Alsace Gewurztraminer Horstaden - 75cl","p":4.95,"u":"6,60 €/L","img":"https://fd1-photos.leclercdrive.fr/image.ashx?id=2670773&use=l&cat=p&typeid=i","cat":289557},{"id":124226,"n":"AOP Bordeaux rosé Château Labatut Rosé - 75cl","p":4.95,"u":"6,60 €/L","img":"https://fd1-photos.leclercdrive.fr/image.ashx?id=2921283&use=l&cat=p&typeid=i","cat":289558},{"id":124272,"n":"Thon nature entier Saupiquet MSC - 140g","p":2.58,"u":"18,43 €/KG","img":"https://fd1-photos.leclercdrive.fr/image.ashx?id=2731540&use=l&cat=p&typeid=i","cat":303867},{"id":124371,"n":"Crème semi-épaisse UHT 18% mg - 3x20cl","p":2.65,"u":"4,42 €/L","img":"https://fd1-photos.leclercdrive.fr/image.ashx?id=2506020&use=l&cat=p&typeid=i","cat":284381},{"id":124375,"n":"Eau infusée Bio Volvic Concombre menthe - 75cl","p":1.73,"u":"2,31 €/L","img":"https://fd1-photos.leclercdrive.fr/image.ashx?id=2462517&use=l&cat=p&typeid=i","cat":284537},{"id":124478,"n":"IGP Méditérranée rosé Les Calandières - 75cl","p":3.69,"u":"4,92 €/L","img":"https://fd1-photos.leclercdrive.fr/image.ashx?id=2996608&use=l&cat=p&typeid=i","cat":289558},{"id":124498,"n":"Glace en Pot BEN & JERRY'S Cookie Dough - 465ml","p":3.67,"u":"9,04 €/KG","img":"https://fd1-photos.leclercdrive.fr/image.ashx?id=2738056&use=l&cat=p&typeid=i","cat":284725},{"id":124533,"n":"Confiture extra bio Bio Village Rhubarbe - 370g","p":2.59,"u":"7,00 €/KG","img":"https://fd1-photos.leclercdrive.fr/image.ashx?id=2482514&use=l&cat=p&typeid=i","cat":284480},{"id":124585,"n":"Black spiced \"The kraken\" 40° - 70cl","p":27.57,"u":"39,39 €/L","img":"https://fd1-photos.leclercdrive.fr/image.ashx?id=2550940&use=l&cat=p&typeid=i","cat":284550},{"id":124594,"n":"Capsules Nescafé Dolce Gusto Espresso - x16","p":4.51,"u":"51,25 €/KG","img":"https://fd1-photos.leclercdrive.fr/image.ashx?id=2952025&use=l&cat=p&typeid=i","cat":293239},{"id":124595,"n":"Nutella Biscuit pâte à tartiner Cacao Noisettes - 166g","p":1.92,"u":"11,57 €/KG","img":"https://fd1-photos.leclercdrive.fr/image.ashx?id=2922200&use=l&cat=p&typeid=i","cat":284488},{"id":124611,"n":"AOP Bourgogne Aligoté blanc Levert Frères 3L","p":22.54,"u":"7,51 €/L","img":"https://fd1-photos.leclercdrive.fr/image.ashx?id=1928446&use=l&cat=p&typeid=i","cat":289557},{"id":124643,"n":"Shampooing Vitanove Renforcateur - 250ml","p":1.76,"u":"7,04 €/L","img":"https://fd1-photos.leclercdrive.fr/image.ashx?id=1899762&use=l&cat=p&typeid=i","cat":284606},{"id":124646,"n":"Bouchées à garnir Les 3 Toques x6 - 159g","p":1.29,"u":"8,11 €/KG","img":"https://fd1-photos.leclercdrive.fr/image.ashx?id=2007938&use=l&cat=p&typeid=i","cat":284441},{"id":124654,"n":"Bac crème glacée Eskiss Caramel - 500g","p":3.89,"u":"7,78 €/KG","img":"https://fd1-photos.leclercdrive.fr/image.ashx?id=1958907&use=l&cat=p&typeid=i","cat":284263},{"id":124670,"n":"Pain de mie complet Jacquet Maxi - Sans sucre ajouté - 550g","p":1.65,"u":"3,00 €/KG","img":"https://fd1-photos.leclercdrive.fr/image.ashx?id=2935708&use=l&cat=p&typeid=i","cat":284477},{"id":124671,"n":"Pain de mie Sans croûte Jacquet Sans sucre ajouté - 475g","p":1.84,"u":"3,87 €/KG","img":"https://fd1-photos.leclercdrive.fr/image.ashx?id=2919754&use=l&cat=p&typeid=i","cat":284477},{"id":124714,"n":"Combinés gratte éponges Spontex x3","p":2.51,"u":"0,84 €/P","img":"https://fd1-photos.leclercdrive.fr/image.ashx?id=2968895&use=l&cat=p&typeid=i","cat":284667},{"id":124723,"n":"Champignon Bonduelle Emincé - 3x115g","p":2.97,"u":"8,61 €/KG","img":"https://fd1-photos.leclercdrive.fr/image.ashx?id=2913121&use=l&cat=p&typeid=i","cat":312610},{"id":124743,"n":"Gratte éponge Spontex anti bactérien - x2","p":1.88,"u":"0,94 €/P","img":"https://fd1-photos.leclercdrive.fr/image.ashx?id=2973081&use=l&cat=p&typeid=i","cat":284667},{"id":124744,"n":"Gratte éponge Spontex x3","p":2.56,"u":"0,85 €/P","img":"https://fd1-photos.leclercdrive.fr/image.ashx?id=2973084&use=l&cat=p&typeid=i","cat":284667},{"id":124749,"n":"Laque cheveux Elnett forte  Protection couleur - 300ml","p":7.45,"u":"24,83 €/L","img":"https://fd1-photos.leclercdrive.fr/image.ashx?id=2382027&use=l&cat=p&typeid=i","cat":284609},{"id":124757,"n":"Lait Après-soleil Nivea Sun Hydratant Aloé Vera - 200ml","p":6.47,"u":"32,35 €/L","img":"https://fd1-photos.leclercdrive.fr/image.ashx?id=2165863&use=l&cat=p&typeid=i","cat":325355},{"id":124762,"n":"Biscuit Milka Chocolat pause - 3x260g","p":4.41,"pp":3.09,"u":"3,96 €/KG","img":"https://fd1-photos.leclercdrive.fr/image.ashx?id=2680377&use=l&cat=p&typeid=i","cat":284488},{"id":124764,"n":"Biscuit Moooo Milka Au chocolat - 3x200g","p":4.41,"pp":3.09,"u":"5,15 €/KG","img":"https://fd1-photos.leclercdrive.fr/image.ashx?id=2192578&use=l&cat=p&typeid=i","cat":284488},{"id":124787,"n":"Shampooing sec Batiste Volume - 200ml","p":4.66,"u":"23,30 €/L","img":"https://fd1-photos.leclercdrive.fr/image.ashx?id=2557979&use=l&cat=p&typeid=i","cat":289143},{"id":124788,"n":"Crème Solaire Spray Nivea Sun FPS 50+ Bébé et Enfant - 200ml","p":10.48,"u":"52,40 €/L","img":"https://fd1-photos.leclercdrive.fr/image.ashx?id=3005224&use=l&cat=p&typeid=i","cat":325355},{"id":124791,"n":"Serviette Nana Maxi goodnight - x12","p":1.94,"u":"0,16 €/P","img":"https://fd1-photos.leclercdrive.fr/image.ashx?id=2806402&use=l&cat=p&typeid=i","cat":284624},{"id":124795,"n":"Protège lingerie Nana Extra long - x24","p":1.9,"u":"0,08 €/P","img":"https://fd1-photos.leclercdrive.fr/image.ashx?id=2968499&use=l&cat=p&typeid=i","cat":284625},{"id":124837,"n":"Dual nature saumon One Purina Chat stérilisé - 1,4kg","p":7.45,"u":"5,32 €/KG","img":"https://fd1-photos.leclercdrive.fr/image.ashx?id=2871145&use=l&cat=p&typeid=i","cat":284680},{"id":124901,"n":"Pâte à tartiner Nutella 630g","p":4.97,"u":"7,89 €/KG","img":"https://fd1-photos.leclercdrive.fr/image.ashx?id=2968841&use=l&cat=p&typeid=i","cat":284481},{"id":124904,"n":"Liquide allume-feu Eco+ 1L","p":2.92,"u":"2,92 €/L","img":"https://fd1-photos.leclercdrive.fr/image.ashx?id=1901698&use=l&cat=p&typeid=i","cat":300577},{"id":124905,"n":"Sacs poubelle coulissants Eco+ 30 l - x20","p":1.23,"u":"0,06 €/P","img":"https://fd1-photos.leclercdrive.fr/image.ashx?id=1901701&use=l&cat=p&typeid=i","cat":285168},{"id":124906,"n":"Sacs poubelle Eco+ 50L Coulissants - x25","p":2.22,"u":"0,09 €/P","img":"https://fd1-photos.leclercdrive.fr/image.ashx?id=2775700&use=l&cat=p&typeid=i","cat":285168},{"id":124911,"n":"Diffuseur Insectivor Anti-Moustique - 40ml","p":4.39,"u":"109,75 €/L","img":"https://fd1-photos.leclercdrive.fr/image.ashx?id=2670344&use=l&cat=p&typeid=i","cat":298368},{"id":124912,"n":"Insecticide Insectivor Anti-acariens puce- 400ml","p":4.99,"u":"12,48 €/L","img":"https://fd1-photos.leclercdrive.fr/image.ashx?id=1901710&use=l&cat=p&typeid=i","cat":298368},{"id":124913,"n":"Insecticide Insectivor Volant/rampant - 400ml","p":3.95,"u":"9,88 €/L","img":"https://fd1-photos.leclercdrive.fr/image.ashx?id=2582990&use=l&cat=p&typeid=i","cat":298368},{"id":124919,"n":"Chips Bret's sel et vinaigre 2x125g + 1 offert","p":2.01,"u":"5,36 €/KG","img":"https://fd1-photos.leclercdrive.fr/image.ashx?id=1904453&use=l&cat=p&typeid=i","cat":284447},{"id":124920,"n":"Chips Bret's poulet braisé 2X125g + 1 offert","p":2.01,"u":"5,36 €/KG","img":"https://fd1-photos.leclercdrive.fr/image.ashx?id=1904450&use=l&cat=p&typeid=i","cat":284447},{"id":124921,"n":"Croquettes petit chien Ultima  Nature Sans céréales - 1,1kg","p":7.17,"u":"6,52 €/KG","img":"https://fd1-photos.leclercdrive.fr/image.ashx?id=2572745&use=l&cat=p&typeid=i","cat":294526},{"id":124923,"n":"Croquettes chat stérilisé  Ultima Nature bœuf – 1,1kg","p":7.27,"u":"6,61 €/KG","img":"https://fd1-photos.leclercdrive.fr/image.ashx?id=2629884&use=l&cat=p&typeid=i","cat":284680},{"id":124924,"n":"Croquettes chat Ultima Nature Sans céréales - Dinde- 1.1kg","p":6.55,"u":"5,95 €/KG","img":"https://fd1-photos.leclercdrive.fr/image.ashx?id=2929218&use=l&cat=p&typeid=i","cat":284680},{"id":124929,"n":"Insecticide Insectivor Antivolant végétal - 400ml","p":2.71,"u":"6,78 €/L","img":"https://fd1-photos.leclercdrive.fr/image.ashx?id=2673999&use=l&cat=p&typeid=i","cat":298368},{"id":124931,"n":"Coton maxi ovale Bio Bionaia x60","p":2.16,"u":"0,04 €/P","img":"https://fd1-photos.leclercdrive.fr/image.ashx?id=2658584&use=l&cat=p&typeid=i","cat":284636},{"id":124935,"n":"Tampons à récurer Eco+ x5","p":1.01,"u":"0,20 €/P","img":"https://fd1-photos.leclercdrive.fr/image.ashx?id=2593336&use=l&cat=p&typeid=i","cat":284667},{"id":124936,"n":"Serviettes hygiéniques Eco+ Normales Ultra minces - x14","p":0.51,"u":"0,04 €/P","img":"https://fd1-photos.leclercdrive.fr/image.ashx?id=2809686&use=l&cat=p&typeid=i","cat":284624},{"id":124957,"n":"Serviettes hygiéniques Eco+ Normales - x20","p":0.7,"u":"0,04 €/P","img":"https://fd1-photos.leclercdrive.fr/image.ashx?id=2824742&use=l&cat=p&typeid=i","cat":284624},{"id":124962,"n":"Sacs poubelle Elembal Salle de bain 5L - x40","p":1.82,"u":"0,05 €/P","img":"https://fd1-photos.leclercdrive.fr/image.ashx?id=2793284&use=l&cat=p&typeid=i","cat":285168},{"id":125089,"n":"Crémant d'Alsace Arthur Metz Cuvée 1904 - 75cl","p":8.95,"pp":7.95,"u":"10,60 €/L","img":"https://fd1-photos.leclercdrive.fr/image.ashx?id=2431992&use=l&cat=p&typeid=i","cat":284544},{"id":125137,"n":"Fromage Apéritif St Môret Figues x20 - 100g","p":2.37,"u":"23,70 €/KG","img":"https://fd1-photos.leclercdrive.fr/image.ashx?id=2734825&use=l&cat=p&typeid=i","cat":314027},{"id":125218,"n":"Cacahuètes Eco  Grillées et salées - 250g","p":0.7,"u":"2,80 €/KG","img":"https://fd1-photos.leclercdrive.fr/image.ashx?id=2836801&use=l&cat=p&typeid=i","cat":284448},{"id":125223,"n":"Pistaches grillées à sec Eco+ 200g","p":2.58,"u":"12,90 €/KG","img":"https://fd1-photos.leclercdrive.fr/image.ashx?id=2746784&use=l&cat=p&typeid=i","cat":284448},{"id":125241,"n":"Amandes Bio Village Bio - 100g","p":2.09,"u":"20,90 €/KG","img":"https://fd1-photos.leclercdrive.fr/image.ashx?id=2664596&use=l&cat=p&typeid=i","cat":284448},{"id":125328,"n":"Ketchup Rustica Nature - 560g","p":1.25,"u":"2,23 €/KG","img":"https://fd1-photos.leclercdrive.fr/image.ashx?id=2870050&use=l&cat=p&typeid=i","cat":284455},{"id":125370,"n":"Plateau trio deliciozo Coppa jambon cru saucisson 160g","p":6.69,"u":"41,81 €/KG","img":"https://fd1-photos.leclercdrive.fr/image.ashx?id=2917495&use=l&cat=p&typeid=i","cat":316007},{"id":125383,"n":"Comté fromage râpé Les Croisés 130g","p":1.95,"u":"15,00 €/KG","img":"https://fd1-photos.leclercdrive.fr/image.ashx?id=2897820&use=l&cat=p&typeid=i","cat":314035},{"id":125431,"n":"Granola Bio Bjorg Chocolat - 350g","p":4.72,"u":"13,49 €/KG","img":"https://fd1-photos.leclercdrive.fr/image.ashx?id=2906217&use=l&cat=p&typeid=i","cat":309512},{"id":125638,"n":"AOP Petit reblochon Fermier La pointe percée - 240g","p":6.75,"u":"28,13 €/KG","img":"https://fd1-photos.leclercdrive.fr/image.ashx?id=2102767&use=l&cat=p&typeid=i","cat":314037},{"id":125762,"n":"Quinoa boulgour Bio Happy Bio 200g","p":3.2,"u":"16,00 €/KG","img":"https://fd1-photos.leclercdrive.fr/image.ashx?id=2654306&use=l&cat=p&typeid=i","cat":284429},{"id":125914,"n":"Fromages frais Pat'patrouille Yoplait goûts fruits - 12x50g","p":1.66,"u":"2,77 €/KG","img":"https://fd1-photos.leclercdrive.fr/image.ashx?id=2733685&use=l&cat=p&typeid=i","cat":284414},{"id":125916,"n":"Fromages frais Pat'Patrouille Yoplait goûts fruits - 24x50g","p":3.36,"u":"2,80 €/KG","img":"https://fd1-photos.leclercdrive.fr/image.ashx?id=2733688&use=l&cat=p&typeid=i","cat":284414},{"id":125919,"n":"Boisson végétale Alpro Lait d'amande vanille - 1L","p":3.18,"u":"3,18 €/L","img":"https://fd1-photos.leclercdrive.fr/image.ashx?id=2981671&use=l&cat=p&typeid=i","cat":316067},{"id":125958,"n":"Chips Bret's Saveur vinaigre - 125g","p":1.23,"u":"9,84 €/KG","img":"https://fd1-photos.leclercdrive.fr/image.ashx?id=1925081&use=l&cat=p&typeid=i","cat":284447},{"id":125966,"n":"Chips Tyrrell's Sel et poivre - 150g","p":2.19,"u":"14,60 €/KG","img":"https://fd1-photos.leclercdrive.fr/image.ashx?id=2884777&use=l&cat=p&typeid=i","cat":284447},{"id":126019,"n":"Auto-bronzant Ambre Solaire  Mousse effet hâlé - 200ml","p":11.6,"u":"58,00 €/L","img":"https://fd1-photos.leclercdrive.fr/image.ashx?id=2555706&use=l&cat=p&typeid=i","cat":325355},{"id":126139,"n":"Chips  Sel de mer Tyrell's Saveur vinaigre - 150g","p":2.19,"u":"14,60 €/KG","img":"https://fd1-photos.leclercdrive.fr/image.ashx?id=2941865&use=l&cat=p&typeid=i","cat":284447},{"id":126178,"n":"Riz long thaï Eco+ 1kg","p":1.61,"u":"1,61 €/KG","img":"https://fd1-photos.leclercdrive.fr/image.ashx?id=2799751&use=l&cat=p&typeid=i","cat":284428},{"id":126186,"n":"Riz rond Eco+ 1kg","p":1.77,"u":"1,77 €/KG","img":"https://fd1-photos.leclercdrive.fr/image.ashx?id=2704594&use=l&cat=p&typeid=i","cat":284428},{"id":126187,"n":"Biscuits Lotus Biscoff Fourré Crème saveur chocolat 150g","p":1.78,"u":"11,87 €/KG","img":"https://fd1-photos.leclercdrive.fr/image.ashx?id=2859818&use=l&cat=p&typeid=i","cat":284487},{"id":126207,"n":"Galette St Michel 520g","p":3.4,"u":"6,54 €/KG","img":"https://fd1-photos.leclercdrive.fr/image.ashx?id=2936221&use=l&cat=p&typeid=i","cat":284487},{"id":126310,"n":"Crème dépilatoire Pure Veet Corps Peaux normales 200ml","p":4.66,"u":"23,30 €/L","img":"https://fd1-photos.leclercdrive.fr/image.ashx?id=3014437&use=l&cat=p&typeid=i","cat":325351},{"id":126314,"n":"Crème dépilatoire Pure Veet Corps Peaux sensibles 200ml","p":4.45,"u":"22,25 €/L","img":"https://fd1-photos.leclercdrive.fr/image.ashx?id=2965692&use=l&cat=p&typeid=i","cat":325351},{"id":126316,"n":"Cire Chaude au Sucre Pure Veet 100% d'Origine Naturelle 250ml","p":4.9,"u":"19,60 €/L","img":"https://fd1-photos.leclercdrive.fr/image.ashx?id=2990430&use=l&cat=p&typeid=i","cat":325351},{"id":126421,"n":"Biscuits Figolu LU Figue - 192g","p":1.44,"u":"7,50 €/KG","img":"https://fd1-photos.leclercdrive.fr/image.ashx?id=2967950&use=l&cat=p&typeid=i","cat":284489},{"id":126424,"n":"Biscuits Sprits sablés Delacre Chocolat au lait - 200g","p":1.72,"u":"8,60 €/KG","img":"https://fd1-photos.leclercdrive.fr/image.ashx?id=2855873&use=l&cat=p&typeid=i","cat":284488},{"id":126430,"n":"Dosettes café Senseo Milka x8","p":2.97,"u":"26,52 €/KG","img":"https://fd1-photos.leclercdrive.fr/image.ashx?id=2127012&use=l&cat=p&typeid=i","cat":293238},{"id":126463,"n":"Saucisse blanche nature Iller -  x 4- 400g","p":4.76,"u":"11,90 €/KG","img":"https://fd1-photos.leclercdrive.fr/image.ashx?id=1910152&use=l&cat=p&typeid=i","cat":316012},{"id":126474,"n":"Thon entier MSC Petit Navire A l'huile d'olive - 160g","p":3.4,"u":"21,25 €/KG","img":"https://fd1-photos.leclercdrive.fr/image.ashx?id=2523897&use=l&cat=p&typeid=i","cat":303867},{"id":126478,"n":"Morceaux Thon PETIT NAVIRE 160g Nature Démarche Responsable","p":1.98,"u":"17,68 €/KG","img":"https://fd1-photos.leclercdrive.fr/image.ashx?id=2549453&use=l&cat=p&typeid=i","cat":303867},{"id":126480,"n":"Sauce tomates et parmesan Mutti - 400g","p":2.38,"u":"5,95 €/KG","img":"https://fd1-photos.leclercdrive.fr/image.ashx?id=2855430&use=l&cat=p&typeid=i","cat":288384},{"id":126503,"n":"Durex Gel Lubrifiant Intime  Perfect Gliss Silicone 50ml","p":7.27,"u":"145,40 €/L","img":"https://fd1-photos.leclercdrive.fr/image.ashx?id=2996497&use=l&cat=p&typeid=i","cat":285160},{"id":126519,"n":"Bloc WC Bref Color Activ+  Marine toilettes - 50g x1","p":1.84,"u":"368,00 €/KG","img":"https://fd1-photos.leclercdrive.fr/image.ashx?id=2890112&use=l&cat=p&typeid=i","cat":284662},{"id":126540,"n":"Citron jaune Eco+  Filet 500g","p":0.99,"u":"1,98 €/KG","img":"https://fd1-photos.leclercdrive.fr/image.ashx?id=2619807&use=l&cat=p&typeid=i","cat":284356},{"id":126543,"n":"Mandarine Eco+ Filet 1kg","p":1.99,"u":"1,99 €/KG","img":"https://fd1-photos.leclercdrive.fr/image.ashx?id=2607993&use=l&cat=p&typeid=i","cat":284356},{"id":126549,"n":"Pomelo Chinois 1p","p":2.3,"img":"https://fd1-photos.leclercdrive.fr/image.ashx?id=1628325&use=l&cat=p&typeid=i","cat":284356},{"id":126570,"n":"Soda Sprite Original  Bouteille  - 1.25L","p":1.29,"u":"1,03 €/L","img":"https://fd1-photos.leclercdrive.fr/image.ashx?id=2796989&use=l&cat=p&typeid=i","cat":284531},{"id":126571,"n":"Gaufres de Liège Lotus 315g","p":1.98,"u":"6,29 €/KG","img":"https://fd1-photos.leclercdrive.fr/image.ashx?id=2694995&use=l&cat=p&typeid=i","cat":294777},{"id":126579,"n":"Pommes Bicolores Eco+ Sachet 2kg","p":2.99,"u":"1,50 €/KG","img":"https://fd1-photos.leclercdrive.fr/image.ashx?id=2537872&use=l&cat=p&typeid=i","cat":284356},{"id":126585,"n":"Tomates rondes Eco+ Filet 1kg","p":1.89,"u":"1,89 €/KG","img":"https://fd1-photos.leclercdrive.fr/image.ashx?id=2769420&use=l&cat=p&typeid=i","cat":284352},{"id":126586,"n":"Tomate cerise Eco+ Barquette 250g","p":0.99,"u":"3,96 €/KG","img":"https://fd1-photos.leclercdrive.fr/image.ashx?id=2968067&use=l&cat=p&typeid=i","cat":284352},{"id":126589,"n":"Endives Eco+ Sachet 500g","p":1.49,"u":"2,98 €/KG","img":"https://fd1-photos.leclercdrive.fr/image.ashx?id=2922917&use=l&cat=p&typeid=i","cat":284352},{"id":126591,"n":"Echalotes Eco+ Filet 500g","p":1.19,"u":"2,38 €/KG","img":"https://fd1-photos.leclercdrive.fr/image.ashx?id=2777946&use=l&cat=p&typeid=i","cat":284352},{"id":126601,"n":"Biscuits à thé Delacre Tea Time Boîte Assortiment - 300g","p":4.17,"u":"13,90 €/KG","img":"https://fd1-photos.leclercdrive.fr/image.ashx?id=2867972&use=l&cat=p&typeid=i","cat":284490},{"id":126643,"n":"Gaufres de liège Lotus Chocolat - 363g","p":3.09,"u":"8,51 €/KG","img":"https://fd1-photos.leclercdrive.fr/image.ashx?id=2859824&use=l&cat=p&typeid=i","cat":294777},{"id":126646,"n":"Gaufres de liège Lotus Chocolat au lait - 363g","p":2.98,"u":"8,21 €/KG","img":"https://fd1-photos.leclercdrive.fr/image.ashx?id=2859827&use=l&cat=p&typeid=i","cat":294777},{"id":126652,"n":"Pavés fondants camembert Président - 200g","p":3.63,"u":"18,15 €/KG","img":"https://fd1-photos.leclercdrive.fr/image.ashx?id=2856091&use=l&cat=p&typeid=i","cat":314027},{"id":126658,"n":"Poisson pané Colin Alaska  Findus MSC herbes ail x2 - 225g","p":2.93,"u":"13,02 €/KG","img":"https://fd1-photos.leclercdrive.fr/image.ashx?id=2650699&use=l&cat=p&typeid=i","cat":319788},{"id":126659,"n":"Fromage fondu Eco+ 24 portions - 400g","p":2.45,"u":"6,13 €/KG","img":"https://fd1-photos.leclercdrive.fr/image.ashx?id=2415746&use=l&cat=p&typeid=i","cat":314030},{"id":126765,"n":"Mascara Maybelline New York Big Shot Daring Black nu - x1","p":8.0,"img":"https://fd1-photos.leclercdrive.fr/image.ashx?id=2344165&use=l&cat=p&typeid=i","cat":287029},{"id":126814,"n":"Filet de poulet Le Gaulois Non OGM Cuisson express 280g","p":4.27,"u":"15,25 €/KG","img":"https://fd1-photos.leclercdrive.fr/image.ashx?id=2304716&use=l&cat=p&typeid=i","cat":284336},{"id":126816,"n":"Escalope de poulet Le Gaulois 240g","p":3.96,"u":"16,50 €/KG","img":"https://fd1-photos.leclercdrive.fr/image.ashx?id=2304713&use=l&cat=p&typeid=i","cat":284336},{"id":126817,"n":"Filet de poulet extra tendre Le Gaulois - 300g","p":4.65,"u":"15,50 €/KG","img":"https://fd1-photos.leclercdrive.fr/image.ashx?id=2304707&use=l&cat=p&typeid=i","cat":284336},{"id":126838,"n":"Pot Grand Confort Emeraude Tigex - 1p","p":7.6,"img":"https://fd1-photos.leclercdrive.fr/image.ashx?id=1911675&use=l&cat=p&typeid=i","cat":289435},{"id":126848,"n":"Batonnets Smicy Vanille - x12 - 456g","p":4.02,"u":"8,82 €/KG","img":"https://fd1-photos.leclercdrive.fr/image.ashx?id=2902552&use=l&cat=p&typeid=i","cat":284265},{"id":126849,"n":"Batonnets Smicy Vanille chocolat - x12 - 456g","p":3.53,"u":"7,74 €/KG","img":"https://fd1-photos.leclercdrive.fr/image.ashx?id=2051843&use=l&cat=p&typeid=i","cat":284265},{"id":126914,"n":"Lorina limonade artisanale 6x20cl","p":5.1,"u":"4,25 €/L","img":"https://fd1-photos.leclercdrive.fr/image.ashx?id=2735140&use=l&cat=p&typeid=i","cat":284531},{"id":126960,"n":"Cheeseburgers Côté Croc x6 - 780g","p":6.28,"u":"8,05 €/KG","img":"https://fd1-photos.leclercdrive.fr/image.ashx?id=2077373&use=l&cat=p&typeid=i","cat":319822},{"id":126961,"n":"Kiwi jaune 1p","p":1.29,"img":"https://fd1-photos.leclercdrive.fr/image.ashx?id=1633952&use=l&cat=p&typeid=i","cat":284356},{"id":126993,"n":"Céleri  1 branche","p":2.47,"img":"https://fd1-photos.leclercdrive.fr/image.ashx?id=1631818&use=l&cat=p&typeid=i","cat":284352},{"id":126994,"n":"Céleri rave 1p","p":2.89,"img":"https://fd1-photos.leclercdrive.fr/image.ashx?id=1631904&use=l&cat=p&typeid=i","cat":284352},{"id":127017,"n":"Butternut 1p","p":2.95,"img":"https://fd1-photos.leclercdrive.fr/image.ashx?id=1631577&use=l&cat=p&typeid=i","cat":284352},{"id":127019,"n":"Potimarron 1p","p":2.95,"img":"https://fd1-photos.leclercdrive.fr/image.ashx?id=1633196&use=l&cat=p&typeid=i","cat":284352},{"id":127021,"n":"Chou blanc 1p","p":2.89,"img":"https://fd1-photos.leclercdrive.fr/image.ashx?id=560849&use=l&cat=p&typeid=i","cat":284352},{"id":127026,"n":"Chou frisé 1p","p":2.89,"img":"https://fd1-photos.leclercdrive.fr/image.ashx?id=560851&use=l&cat=p&typeid=i","cat":284352},{"id":127027,"n":"Bouchées Feuilletées 3 Toques x12 - 318g","p":2.66,"u":"8,36 €/KG","img":"https://fd1-photos.leclercdrive.fr/image.ashx?id=1913859&use=l&cat=p&typeid=i","cat":284441},{"id":127215,"n":"Litière chats Tranquille Cristaux fins - 3.7L","p":5.64,"u":"1,52 €/L","img":"https://fd1-photos.leclercdrive.fr/image.ashx?id=1934850&use=l&cat=p&typeid=i","cat":284683},{"id":127243,"n":"Filet de Canard tranché Volandrie - 280g","p":7.59,"u":"27,11 €/KG","img":"https://fd1-photos.leclercdrive.fr/image.ashx?id=2396936&use=l&cat=p&typeid=i","cat":284339},{"id":127244,"n":"Filets de Canard Volandrie - 350g","p":6.44,"u":"18,40 €/KG","img":"https://fd1-photos.leclercdrive.fr/image.ashx?id=2903971&use=l&cat=p&typeid=i","cat":284339},{"id":127323,"n":"Shampoing nourrissant Fructis Hair Food banane - 350ml","p":3.49,"u":"9,97 €/L","img":"https://fd1-photos.leclercdrive.fr/image.ashx?id=2830597&use=l&cat=p&typeid=i","cat":284606},{"id":127327,"n":"Saucissons natures Galibier Mini bûchettes - 120g","p":3.98,"u":"33,17 €/KG","img":"https://fd1-photos.leclercdrive.fr/image.ashx?id=2902028&use=l&cat=p&typeid=i","cat":316006},{"id":127340,"n":"Knepfle aux œufs Tante Germaine 1kg","p":4.69,"u":"4,69 €/KG","img":"https://fd1-photos.leclercdrive.fr/image.ashx?id=2301013&use=l&cat=p&typeid=i","cat":333682},{"id":127357,"n":"Spaetzlé 1kg","p":5.11,"u":"5,11 €/KG","img":"https://fd1-photos.leclercdrive.fr/image.ashx?id=2970906&use=l&cat=p&typeid=i","cat":333682},{"id":127389,"n":"Cire divine rituel douceur Nair huile argan et onagre - 400g","p":6.37,"u":"15,93 €/KG","img":"https://fd1-photos.leclercdrive.fr/image.ashx?id=2904790&use=l&cat=p&typeid=i","cat":325351},{"id":127396,"n":"Soin de jour Diadermine Lift+ Lissage Immédiat - 50 ml","p":6.93,"u":"138,60 €/L","img":"https://fd1-photos.leclercdrive.fr/image.ashx?id=2551111&use=l&cat=p&typeid=i","cat":325345},{"id":127401,"n":"Préservatifs Orgasm'Intense Perlés et Nervurés Durex x10","p":9.55,"u":"0,96 €/P","img":"https://fd1-photos.leclercdrive.fr/image.ashx?id=2962023&use=l&cat=p&typeid=i","cat":284631},{"id":127430,"n":"Céréales fourrées P'tit Déli Chocolat au lait - 450g","p":2.58,"u":"5,73 €/KG","img":"https://fd1-photos.leclercdrive.fr/image.ashx?id=2824713&use=l&cat=p&typeid=i","cat":309513},{"id":127432,"n":"Vol-au-Vent Gourmet beurre - x4 - 160g","p":3.73,"u":"23,31 €/KG","img":"https://fd1-photos.leclercdrive.fr/image.ashx?id=1915524&use=l&cat=p&typeid=i","cat":284441},{"id":127475,"n":"Lait bébé en poudre Blédilait croissance 1-3 ans 900g","p":10.99,"u":"12,21 €/KG","img":"https://fd1-photos.leclercdrive.fr/image.ashx?id=2848587&use=l&cat=p&typeid=i","cat":290219},{"id":127476,"n":"Piperade basquaise NRT 600g","p":3.7,"u":"6,17 €/KG","img":"https://fd1-photos.leclercdrive.fr/image.ashx?id=2771420&use=l&cat=p&typeid=i","cat":284441},{"id":127537,"n":"Nettoyant l'Arbre Vert spray vitre -740ml","p":2.27,"u":"3,07 €/L","img":"https://fd1-photos.leclercdrive.fr/image.ashx?id=2812867&use=l&cat=p&typeid=i","cat":325363},{"id":127556,"n":"Litière chats Tranquille Cristale charbon actif - 4L","p":5.99,"u":"1,50 €/L","img":"https://fd1-photos.leclercdrive.fr/image.ashx?id=2421874&use=l&cat=p&typeid=i","cat":284683},{"id":127713,"n":"Pochettes bulles Esquisse 25X35cm - X5","p":1.49,"img":"https://fd1-photos.leclercdrive.fr/image.ashx?id=1929783&use=l&cat=p&typeid=i","cat":284697},{"id":128887,"n":"Soda Coca-Cola Verre - 6x250ml","p":5.68,"u":"3,79 €/L","img":"https://fd1-photos.leclercdrive.fr/image.ashx?id=2444465&use=l&cat=p&typeid=i","cat":284530},{"id":128959,"n":"AOC Bordeaux Villa des Dunes 2021 - 75 cl","p":7.02,"u":"9,36 €/L","img":"https://fd1-photos.leclercdrive.fr/image.ashx?id=2870464&use=l&cat=p&typeid=i","cat":289558},{"id":128976,"n":"Sucre poudre Daddy 750g","p":1.74,"u":"2,32 €/KG","img":"https://fd1-photos.leclercdrive.fr/image.ashx?id=2944699&use=l&cat=p&typeid=i","cat":284502},{"id":129003,"n":"Lait infantile 1er âge Babybio  Optima 1 Bio - 800g","p":18.92,"u":"23,65 €/KG","img":"https://fd1-photos.leclercdrive.fr/image.ashx?id=2988433&use=l&cat=p&typeid=i","cat":284726},{"id":129009,"n":"Lait de croissance Babybio Bio En poudre caprea 3 - 800g","p":24.63,"u":"30,79 €/KG","img":"https://fd1-photos.leclercdrive.fr/image.ashx?id=2733343&use=l&cat=p&typeid=i","cat":290219},{"id":129019,"n":"Chocolat Pâtissier Nestlé Dessert : Noir Bio - 170g","p":4.05,"u":"23,82 €/KG","img":"https://fd1-photos.leclercdrive.fr/image.ashx?id=2961245&use=l&cat=p&typeid=i","cat":285562},{"id":129038,"n":"Lait nature Croissance Eveil Bio - 6x1L","p":12.79,"u":"2,13 €/L","img":"https://fd1-photos.leclercdrive.fr/image.ashx?id=1915623&use=l&cat=p&typeid=i","cat":284728},{"id":129046,"n":"Flocons avoine sans gluten bio  Terres et Céréales - 500g","p":3.15,"u":"6,30 €/KG","img":"https://fd1-photos.leclercdrive.fr/image.ashx?id=2913952&use=l&cat=p&typeid=i","cat":309512},{"id":129050,"n":"Flocons avoine France bio  Terres et Céréales - 1kg","p":3.88,"u":"3,88 €/KG","img":"https://fd1-photos.leclercdrive.fr/image.ashx?id=2467832&use=l&cat=p&typeid=i","cat":309512},{"id":129067,"n":"Lait caprea 1er âge Babybio Bio 800g","p":26.21,"u":"32,76 €/KG","img":"https://fd1-photos.leclercdrive.fr/image.ashx?id=2733337&use=l&cat=p&typeid=i","cat":284726},{"id":129092,"n":"Sauce Tomate Panzani Bio - 400g","p":2.63,"u":"6,58 €/KG","img":"https://fd1-photos.leclercdrive.fr/image.ashx?id=2918559&use=l&cat=p&typeid=i","cat":287599},{"id":129106,"n":"Liqueur de Whisky Jack Daniel's Apple 70cL","p":19.95,"pp":17.95,"u":"25,64 €/L","img":"https://fd1-photos.leclercdrive.fr/image.ashx?id=2764586&use=l&cat=p&typeid=i","cat":286032},{"id":129123,"n":"Gel Lubrifiant Perfect Gliss Durex Longue Durée 100ml","p":7.95,"u":"79,50 €/L","img":"https://fd1-photos.leclercdrive.fr/image.ashx?id=2960693&use=l&cat=p&typeid=i","cat":285160},{"id":129137,"n":"Ethylotest 0.5g/L  NF x1","p":0.96,"img":"https://fd1-photos.leclercdrive.fr/image.ashx?id=1916195&use=l&cat=p&typeid=i","cat":334880},{"id":129138,"n":"Ethylotest 0.2g/L  NF x1","p":1.75,"img":"https://fd1-photos.leclercdrive.fr/image.ashx?id=1916198&use=l&cat=p&typeid=i","cat":334880},{"id":129146,"n":"Crème Solaire Spray Nivea Sun FPS50+ Peaux Sensibles - 200ml","p":13.54,"u":"67,70 €/L","img":"https://fd1-photos.leclercdrive.fr/image.ashx?id=3008972&use=l&cat=p&typeid=i","cat":325355},{"id":129162,"n":"Boisson énergisante Monster Mango Loco - 50cl","p":1.35,"u":"2,70 €/L","img":"https://fd1-photos.leclercdrive.fr/image.ashx?id=2433443&use=l&cat=p&typeid=i","cat":284533},{"id":129179,"n":"Thé myrtille framboise Twinings x20 - 30g","p":2.83,"u":"94,33 €/KG","img":"https://fd1-photos.leclercdrive.fr/image.ashx?id=2893048&use=l&cat=p&typeid=i","cat":293233},{"id":129180,"n":"Thé saveur Twinings Vanille miel - x20 - 30g","p":2.67,"u":"89,00 €/KG","img":"https://fd1-photos.leclercdrive.fr/image.ashx?id=2922119&use=l&cat=p&typeid=i","cat":293233},{"id":129235,"n":"Soda Coca-Cola sans sucres Bouteille - 6x1.75L","p":10.2,"u":"0,97 €/L","img":"https://fd1-photos.leclercdrive.fr/image.ashx?id=2878330&use=l&cat=p&typeid=i","cat":284530},{"id":129280,"n":"Sel équilibre Cérébos Réduit en Sodium - 350g","p":2.28,"u":"6,51 €/KG","img":"https://fd1-photos.leclercdrive.fr/image.ashx?id=2520132&use=l&cat=p&typeid=i","cat":284457},{"id":129284,"n":"Pâtes d'Alsace Valfleuri 3x250g","p":3.04,"u":"4,05 €/KG","img":"https://fd1-photos.leclercdrive.fr/image.ashx?id=1921161&use=l&cat=p&typeid=i","cat":284427},{"id":129288,"n":"Ultracourte coton bio Tissaia Noire 35/37 - x3","p":3.95,"u":"1,32 €/P","img":"https://fd1-photos.leclercdrive.fr/image.ashx?id=805719&use=l&cat=p&typeid=i","cat":334130},{"id":129289,"n":"Ultracourte coton bio Tissaia Noire 38/41 - x3","p":3.95,"u":"1,32 €/P","img":"https://fd1-photos.leclercdrive.fr/image.ashx?id=805719&use=l&cat=p&typeid=i","cat":334130},{"id":129325,"n":"Coupe La Basquaise  Chocolat x6 - 105g","p":3.88,"u":"36,95 €/KG","img":"https://fd1-photos.leclercdrive.fr/image.ashx?id=2644025&use=l&cat=p&typeid=i","cat":284487},{"id":129393,"n":"Tablette Chocolat Noir Atelier Myrtille Amandes Noisettes 170g","p":3.53,"u":"20,76 €/KG","img":"https://fd1-photos.leclercdrive.fr/image.ashx?id=2663057&use=l&cat=p&typeid=i","cat":284956},{"id":129394,"n":"Tablette Chocolat Noir Nestlé L'Atelier Cranberries 170g","p":3.63,"u":"21,35 €/KG","img":"https://fd1-photos.leclercdrive.fr/image.ashx?id=2663054&use=l&cat=p&typeid=i","cat":284956},{"id":129395,"n":"Tablette Chocolat Lait Nestlé  L'Atelier Cranberries 170g","p":3.63,"u":"21,35 €/KG","img":"https://fd1-photos.leclercdrive.fr/image.ashx?id=2663051&use=l&cat=p&typeid=i","cat":284497},{"id":129396,"n":"Tablette Chocolat Lait Nestlé  L'atelier Raisins Amandes 170g","p":3.43,"u":"20,18 €/KG","img":"https://fd1-photos.leclercdrive.fr/image.ashx?id=2663048&use=l&cat=p&typeid=i","cat":284497},{"id":129398,"n":"Tablette Chocolat Lait Nestlé  L'Atelier Noisettes 170g","p":3.89,"u":"22,88 €/KG","img":"https://fd1-photos.leclercdrive.fr/image.ashx?id=2663060&use=l&cat=p&typeid=i","cat":284497},{"id":129399,"n":"Tablette Chocolat Noir Nestlé L'Atelier Noisettes 170g","p":3.72,"u":"21,88 €/KG","img":"https://fd1-photos.leclercdrive.fr/image.ashx?id=2663063&use=l&cat=p&typeid=i","cat":284956},{"id":129410,"n":"Tablette Chocolat Noir Nestlé L'Atelier Amandes entières 170g","p":3.77,"u":"22,18 €/KG","img":"https://fd1-photos.leclercdrive.fr/image.ashx?id=2663066&use=l&cat=p&typeid=i","cat":284956},{"id":129560,"n":"Filets cabillaud MSC 800g","p":11.98,"u":"14,98 €/KG","img":"https://fd1-photos.leclercdrive.fr/image.ashx?id=1983986&use=l&cat=p&typeid=i","cat":319786},{"id":129602,"n":"Lait demi-écrémé Grandlait Candia Bouteille - 6x25cl","p":4.32,"u":"2,88 €/L","img":"https://fd1-photos.leclercdrive.fr/image.ashx?id=2916189&use=l&cat=p&typeid=i","cat":284377},{"id":129635,"n":"Lait brebis demi-écrémé Lactel UHT Bouteille - 6x1l","p":23.09,"u":"3,85 €/L","img":"https://fd1-photos.leclercdrive.fr/image.ashx?id=2876629&use=l&cat=p&typeid=i","cat":295251},{"id":129652,"n":"Garniture pour flammkueche Schneider - 500g","p":3.34,"u":"6,68 €/KG","img":"https://fd1-photos.leclercdrive.fr/image.ashx?id=2454784&use=l&cat=p&typeid=i","cat":333681},{"id":129673,"n":"AOC Pinot noir Vin rouge Cattin Frères Médaillé - 75cl","p":6.35,"u":"8,47 €/L","img":"https://fd1-photos.leclercdrive.fr/image.ashx?id=2927489&use=l&cat=p&typeid=i","cat":289556},{"id":129676,"n":"AOP Crémant d'Alsace Bio Cigogne brut - 75cl","p":8.14,"u":"10,85 €/L","img":"https://fd1-photos.leclercdrive.fr/image.ashx?id=2575504&use=l&cat=p&typeid=i","cat":284545},{"id":129807,"n":"Biscuits Biarritz Delacre Noix de coco et Chocolat - 175g","p":3.04,"u":"17,37 €/KG","img":"https://fd1-photos.leclercdrive.fr/image.ashx?id=2867963&use=l&cat=p&typeid=i","cat":284490},{"id":129822,"n":"Burrata 250g","p":4.47,"u":"17,88 €/KG","img":"https://fd1-photos.leclercdrive.fr/image.ashx?id=2684617&use=l&cat=p&typeid=i","cat":314026},{"id":129864,"n":"Crème glacée Ben and Jerry's  Half Baked - 406g","p":3.84,"u":"9,46 €/KG","img":"https://fd1-photos.leclercdrive.fr/image.ashx?id=3011941&use=l&cat=p&typeid=i","cat":284725},{"id":129934,"n":"Beignets Pasquier Chocolat noisette - x6 - 270g","p":2.17,"u":"8,04 €/KG","img":"https://fd1-photos.leclercdrive.fr/image.ashx?id=2986374&use=l&cat=p&typeid=i","cat":284495},{"id":129946,"n":"Ailes de poulet Maître Coq Rôties nature - 1kg","p":6.61,"u":"6,61 €/KG","img":"https://fd1-photos.leclercdrive.fr/image.ashx?id=2094316&use=l&cat=p&typeid=i","cat":333685},{"id":129956,"n":"IGP Pays d'Oc rosé Grenache Gris de Gris 12% vol - 75cl","p":3.82,"u":"5,09 €/L","img":"https://fd1-photos.leclercdrive.fr/image.ashx?id=2986233&use=l&cat=p&typeid=i","cat":289558},{"id":129957,"n":"AOP Côtes du Rhône rouge Combes de Saint Sauveur - BIB 3L","p":14.3,"u":"4,77 €/L","img":"https://fd1-photos.leclercdrive.fr/image.ashx?id=2985033&use=l&cat=p&typeid=i","cat":289560},{"id":129958,"n":"IGP Méditerrannée rosé Saint Sagnol 13% vol - 3L","p":11.97,"u":"3,99 €/L","img":"https://fd1-photos.leclercdrive.fr/image.ashx?id=2445106&use=l&cat=p&typeid=i","cat":289558},{"id":130009,"n":"Vin de france Rosé Pinot noir Bouchard Ainé & Fils - 75cl","p":6.29,"u":"8,39 €/L","img":"https://fd1-photos.leclercdrive.fr/image.ashx?id=1927698&use=l&cat=p&typeid=i","cat":289558},{"id":130319,"n":"Mini pots Häagen-Dazs  Fruit Collection x4 - 326g","p":4.98,"u":"15,28 €/KG","img":"https://fd1-photos.leclercdrive.fr/image.ashx?id=3000159&use=l&cat=p&typeid=i","cat":284725},{"id":130334,"n":"Lessive liquide bébé Epsil 25 lavages - 1.25L","p":3.85,"u":"3,08 €/L","img":"https://fd1-photos.leclercdrive.fr/image.ashx?id=2838939&use=l&cat=p&typeid=i","cat":284640},{"id":130347,"n":"Bâtonnets Trium Caramel Beurre Salé x4 - 288g","p":2.93,"u":"10,17 €/KG","img":"https://fd1-photos.leclercdrive.fr/image.ashx?id=2161082&use=l&cat=p&typeid=i","cat":284265},{"id":130358,"n":"Filets d'anchois marinés Miceli 500g","p":6.89,"u":"13,78 €/KG","img":"https://fd1-photos.leclercdrive.fr/image.ashx?id=2095614&use=l&cat=p&typeid=i","cat":285190},{"id":130367,"n":"Galettes Schneider Pomme de terre - 400g","p":2.99,"u":"7,48 €/KG","img":"https://fd1-photos.leclercdrive.fr/image.ashx?id=2961972&use=l&cat=p&typeid=i","cat":333665},{"id":130371,"n":"Spatzlé aux œufs Tante Germaine 1kg","p":4.69,"u":"4,69 €/KG","img":"https://fd1-photos.leclercdrive.fr/image.ashx?id=2297132&use=l&cat=p&typeid=i","cat":333682},{"id":130375,"n":"Saucisse de viande Tempé 1kg","p":8.81,"u":"8,81 €/KG","img":"https://fd1-photos.leclercdrive.fr/image.ashx?id=3000072&use=l&cat=p&typeid=i","cat":316006},{"id":130461,"n":"Bière blonde sans alcool 1664 0,0° - 6x25cl","p":3.89,"u":"2,59 €/L","img":"https://fd1-photos.leclercdrive.fr/image.ashx?id=2120656&use=l&cat=p&typeid=i","cat":334877},{"id":130629,"n":"Dés de Mimolette et Gouda Petit Marché - 120g","p":2.39,"u":"19,92 €/KG","img":"https://fd1-photos.leclercdrive.fr/image.ashx?id=2189372&use=l&cat=p&typeid=i","cat":314027},{"id":130664,"n":"Aiguillette Poulet Blanc LR  IGP Volailles du Maine  - 180g","p":6.31,"u":"35,06 €/KG","img":"https://fd1-photos.leclercdrive.fr/image.ashx?id=2592543&use=l&cat=p&typeid=i","cat":284336},{"id":130666,"n":"Blanc de poulet Fleury Michon -25% de sel x8 - 240g","p":3.83,"u":"15,96 €/KG","img":"https://fd1-photos.leclercdrive.fr/image.ashx?id=2886849&use=l&cat=p&typeid=i","cat":316010},{"id":130688,"n":"Lubrifiant Essence Total Quartz 7000 10w-40 - 5L","p":26.9,"pp":18.83,"u":"3,77 €/L","img":"https://fd1-photos.leclercdrive.fr/image.ashx?id=2602566&use=l&cat=p&typeid=i","cat":298253},{"id":130689,"n":"Lubrifiant Essence Total Quartz 9000 5w-40 - 5L","p":37.9,"pp":26.53,"u":"5,31 €/L","img":"https://fd1-photos.leclercdrive.fr/image.ashx?id=3014515&use=l&cat=p&typeid=i","cat":298253},{"id":130699,"n":"Colle néoprène gel Foxter 55ml","p":2.6,"u":"47,27 €/L","img":"https://fd1-photos.leclercdrive.fr/image.ashx?id=1932456&use=l&cat=p&typeid=i","cat":300576},{"id":130722,"n":"20 pinces a linge renforcees 1 pièce","p":2.49,"img":"https://fd1-photos.leclercdrive.fr/image.ashx?id=1932474&use=l&cat=p&typeid=i","cat":335909},{"id":130727,"n":"Fleur de bière Wolfberger 37,5%vol. - 70cl","p":19.39,"u":"27,70 €/L","img":"https://fd1-photos.leclercdrive.fr/image.ashx?id=1941284&use=l&cat=p&typeid=i","cat":284913},{"id":130744,"n":"Nouilles aux oeufs Suzi Wan 250g","p":1.71,"u":"6,84 €/KG","img":"https://fd1-photos.leclercdrive.fr/image.ashx?id=2892928&use=l&cat=p&typeid=i","cat":288992},{"id":130750,"n":"Boite ménagère basilic Ducros 29g","p":1.43,"u":"49,31 €/KG","img":"https://fd1-photos.leclercdrive.fr/image.ashx?id=2486587&use=l&cat=p&typeid=i","cat":298297},{"id":130752,"n":"Maquereau Petit Navire 175g Vin blanc et aromates - 175g","p":2.27,"u":"12,97 €/KG","img":"https://fd1-photos.leclercdrive.fr/image.ashx?id=2989063&use=l&cat=p&typeid=i","cat":303868},{"id":130755,"n":"Maquereau Moutarde PETIT NAVIRE Moutarde sans arome ajouté 169g","p":2.19,"u":"12,96 €/KG","img":"https://fd1-photos.leclercdrive.fr/image.ashx?id=2989060&use=l&cat=p&typeid=i","cat":303868},{"id":130759,"n":"Barres Nakd Cacahuètes Raw   Barres de Fruits & Noix 4x35g","p":2.87,"u":"20,50 €/KG","img":"https://fd1-photos.leclercdrive.fr/image.ashx?id=3005251&use=l&cat=p&typeid=i","cat":285869},{"id":130764,"n":"Amer fleur de bière Wolfberger Gingembre 15%vol. - 70cl","p":11.05,"pp":10.05,"u":"14,36 €/L","img":"https://fd1-photos.leclercdrive.fr/image.ashx?id=1943817&use=l&cat=p&typeid=i","cat":284913},{"id":130765,"n":"Amer fleur de bière Wolfberger Cerise 15%vol. - 70cl","p":11.05,"pp":10.05,"u":"14,36 €/L","img":"https://fd1-photos.leclercdrive.fr/image.ashx?id=1944354&use=l&cat=p&typeid=i","cat":284913},{"id":130767,"n":"Amer fleur de bière Wolfberger Framboise 15%vol. - 70cl","p":10.99,"pp":9.99,"u":"14,27 €/L","img":"https://fd1-photos.leclercdrive.fr/image.ashx?id=1944357&use=l&cat=p&typeid=i","cat":284913},{"id":130784,"n":"Crème colorante Eugène Color N°15","p":3.84,"img":"https://fd1-photos.leclercdrive.fr/image.ashx?id=2476455&use=l&cat=p&typeid=i","cat":288899},{"id":130785,"n":"Confiture Bonne Maman Nectarine abricot intense 335g","p":2.87,"u":"8,57 €/KG","img":"https://fd1-photos.leclercdrive.fr/image.ashx?id=2305712&use=l&cat=p&typeid=i","cat":284480},{"id":130789,"n":"Préparation Gâteau alsa Moelleux Nature - 435g","p":2.19,"u":"5,03 €/KG","img":"https://fd1-photos.leclercdrive.fr/image.ashx?id=2996431&use=l&cat=p&typeid=i","cat":284505},{"id":130790,"n":"Préparation Gâteau alsa Moelleux Chocolat - 435g","p":2.19,"u":"5,03 €/KG","img":"https://fd1-photos.leclercdrive.fr/image.ashx?id=2996434&use=l&cat=p&typeid=i","cat":284505},{"id":130797,"n":"Miel de Fleurs Crémeux 500g","p":4.81,"u":"9,62 €/KG","img":"https://fd1-photos.leclercdrive.fr/image.ashx?id=2984871&use=l&cat=p&typeid=i","cat":287643},{"id":130800,"n":"Plateau Raclette 3 fromages NRT 550g","p":10.95,"u":"19,91 €/KG","img":"https://fd1-photos.leclercdrive.fr/image.ashx?id=2321796&use=l&cat=p&typeid=i","cat":314037},{"id":130804,"n":"Préparation Gâteau alsa Fondant au Chocolat - 435g","p":2.55,"u":"7,97 €/KG","img":"https://fd1-photos.leclercdrive.fr/image.ashx?id=2996437&use=l&cat=p&typeid=i","cat":284505},{"id":130805,"n":"Nappage Sainte Lucie Chocolat - 200g","p":3.13,"u":"15,65 €/KG","img":"https://fd1-photos.leclercdrive.fr/image.ashx?id=2776121&use=l&cat=p&typeid=i","cat":284504},{"id":130811,"n":"Brosse à Dents Signal Système Blancheur Medium x1","p":2.85,"img":"https://fd1-photos.leclercdrive.fr/image.ashx?id=2832539&use=l&cat=p&typeid=i","cat":284614},{"id":130812,"n":"Brosse à Dents Signal Ultra Access Medium x1","p":3.43,"img":"https://fd1-photos.leclercdrive.fr/image.ashx?id=3009263&use=l&cat=p&typeid=i","cat":284614},{"id":130816,"n":"Dentifrice Zendium Protection complète - 75ml","p":3.11,"img":"https://fd1-photos.leclercdrive.fr/image.ashx?id=2927711&use=l&cat=p&typeid=i","cat":284612},{"id":130820,"n":"Spray habitat bio So Bio Etic Purifiant assainissant - 200ml","p":9.34,"u":"46,70 €/L","img":"https://fd1-photos.leclercdrive.fr/image.ashx?id=2799922&use=l&cat=p&typeid=i","cat":311626},{"id":130834,"n":"Smoothie innocent énergie tropical 750ml","p":3.9,"u":"5,20 €/L","img":"https://fd1-photos.leclercdrive.fr/image.ashx?id=2181383&use=l&cat=p&typeid=i","cat":285435},{"id":130857,"n":"Truite fumée de france Ovive 100g","p":3.49,"u":"34,90 €/KG","img":"https://fd1-photos.leclercdrive.fr/image.ashx?id=2902061&use=l&cat=p&typeid=i","cat":285188},{"id":130881,"n":"Bâtonnets Côte d'Or Vanille x4 - 260g","p":4.25,"u":"16,35 €/KG","img":"https://fd1-photos.leclercdrive.fr/image.ashx?id=2844573&use=l&cat=p&typeid=i","cat":284265},{"id":130918,"n":"Lait bébé poudre Guigoz Evolia  2ème âge - 6-12 mois - 800g","p":14.32,"u":"17,90 €/KG","img":"https://fd1-photos.leclercdrive.fr/image.ashx?id=2737111&use=l&cat=p&typeid=i","cat":284727},{"id":130931,"n":"Dés emmental Petit Marché 120g","p":2.39,"u":"19,92 €/KG","img":"https://fd1-photos.leclercdrive.fr/image.ashx?id=2324483&use=l&cat=p&typeid=i","cat":314027},{"id":130935,"n":"Dés fromage Petit Marché Chèvre - 120g","p":2.95,"u":"24,58 €/KG","img":"https://fd1-photos.leclercdrive.fr/image.ashx?id=2195332&use=l&cat=p&typeid=i","cat":314027},{"id":130939,"n":"Dés Cheddar Petit Marché - 120g","p":2.39,"u":"19,92 €/KG","img":"https://fd1-photos.leclercdrive.fr/image.ashx?id=2303612&use=l&cat=p&typeid=i","cat":314027},{"id":131137,"n":"Ensemble WC 1 pièce","p":3.45,"img":"https://fd1-photos.leclercdrive.fr/image.ashx?id=1937815&use=l&cat=p&typeid=i","cat":284669},{"id":131144,"n":"Recharge adhésive 36 feuilles 2 rouleaux","p":2.59,"u":"1,30 €/P","img":"https://fd1-photos.leclercdrive.fr/image.ashx?id=1937818&use=l&cat=p&typeid=i","cat":284669},{"id":131146,"n":"Tête de loup Manche télecscopique - 1 pièce","p":3.79,"img":"https://fd1-photos.leclercdrive.fr/image.ashx?id=1937839&use=l&cat=p&typeid=i","cat":284669},{"id":131153,"n":"Serviettes 40cm 3 plis Ardence Grises - x20","p":1.38,"u":"0,07 €/P","img":"https://fd1-photos.leclercdrive.fr/image.ashx?id=1937803&use=l&cat=p&typeid=i","cat":334134},{"id":131154,"n":"Set aéroport 1 pièce","p":8.79,"img":"https://fd1-photos.leclercdrive.fr/image.ashx?id=1937842&use=l&cat=p&typeid=i","cat":284669},{"id":131158,"n":"Brosse vaisselle design 1 pièce","p":3.9,"img":"https://fd1-photos.leclercdrive.fr/image.ashx?id=1937824&use=l&cat=p&typeid=i","cat":284669},{"id":131192,"n":"Croquettes chien Ultima Nature  Poulet - 3kg","p":11.48,"u":"3,83 €/KG","img":"https://fd1-photos.leclercdrive.fr/image.ashx?id=2593167&use=l&cat=p&typeid=i","cat":284672},{"id":131257,"n":"Thon entier MSC Saupiquet Nature - 112g","p":2.3,"u":"20,54 €/KG","img":"https://fd1-photos.leclercdrive.fr/image.ashx?id=2860874&use=l&cat=p&typeid=i","cat":303867},{"id":131388,"n":"Capsules Starbucks by Nespresso  Colombia Int 7 - x10","p":3.37,"u":"59,12 €/KG","img":"https://fd1-photos.leclercdrive.fr/image.ashx?id=2868152&use=l&cat=p&typeid=i","cat":284749},{"id":131390,"n":"Capsules Starbucks by Nespresso  House Blend Int 8 - x10","p":3.37,"u":"59,12 €/KG","img":"https://fd1-photos.leclercdrive.fr/image.ashx?id=2868143&use=l&cat=p&typeid=i","cat":284749},{"id":131399,"n":"Café Capsules NESPRESSO int 7 Starbucks Pike Place Roast x10","p":3.82,"u":"72,08 €/KG","img":"https://fd1-photos.leclercdrive.fr/image.ashx?id=2945775&use=l&cat=p&typeid=i","cat":284749},{"id":131424,"n":"Capsules Starbucks by Nespresso  Blonde Espresso Int 6 - x10","p":3.37,"u":"63,58 €/KG","img":"https://fd1-photos.leclercdrive.fr/image.ashx?id=2868146&use=l&cat=p&typeid=i","cat":284749},{"id":131426,"n":"Capsules Starbucks by Nespresso  Espresso Roast Int 11 - x10","p":3.37,"u":"59,12 €/KG","img":"https://fd1-photos.leclercdrive.fr/image.ashx?id=2868149&use=l&cat=p&typeid=i","cat":284749},{"id":131428,"n":"Capsules Starbucks by Nespresso  Verona Int 10 - x10","p":3.82,"u":"67,02 €/KG","img":"https://fd1-photos.leclercdrive.fr/image.ashx?id=2945769&use=l&cat=p&typeid=i","cat":284749},{"id":131431,"n":"Café Capsules by DOLCE GUSTO Starbucks Caramel Macchiato 2x6","p":4.37,"u":"34,41 €/KG","img":"https://fd1-photos.leclercdrive.fr/image.ashx?id=2966785&use=l&cat=p&typeid=i","cat":293239},{"id":131569,"n":"Cornichons Alélor Aigres doux - 330g","p":2.81,"u":"8,52 €/KG","img":"https://fd1-photos.leclercdrive.fr/image.ashx?id=2857264&use=l&cat=p&typeid=i","cat":284458},{"id":131577,"n":"AOP Sylvaner Cave de Hunawihr Vin blanc - 1L","p":6.55,"u":"6,55 €/L","img":"https://fd1-photos.leclercdrive.fr/image.ashx?id=2309699&use=l&cat=p&typeid=i","cat":289557},{"id":131625,"n":"Thé glacé Fuze Tea  Menthe Citron vert - 1,25L","p":1.49,"u":"1,19 €/L","img":"https://fd1-photos.leclercdrive.fr/image.ashx?id=2940402&use=l&cat=p&typeid=i","cat":295019},{"id":131742,"n":"crème dessert chocolat au lait danette - 4x125g","p":1.69,"u":"3,38 €/KG","img":"https://fd1-photos.leclercdrive.fr/image.ashx?id=2093984&use=l&cat=p&typeid=i","cat":285041},{"id":131767,"n":"Bonbons sans sucres Ricola Orange Menthe - 50g","p":1.63,"u":"32,60 €/KG","img":"https://fd1-photos.leclercdrive.fr/image.ashx?id=2382219&use=l&cat=p&typeid=i","cat":304256},{"id":131784,"n":"Barres céréales Eco+ Choco/banane - 125g","p":0.71,"u":"5,68 €/KG","img":"https://fd1-photos.leclercdrive.fr/image.ashx?id=2791203&use=l&cat=p&typeid=i","cat":285869},{"id":131786,"n":"Café Dolce Gusto Plantation Décaféiné N°5 - x16 - 106g","p":3.39,"u":"31,98 €/KG","img":"https://fd1-photos.leclercdrive.fr/image.ashx?id=2649741&use=l&cat=p&typeid=i","cat":293239},{"id":131790,"n":"Barres céréales Eco+ Chocolat & cacahuètes x6 - 126g","p":0.71,"u":"5,63 €/KG","img":"https://fd1-photos.leclercdrive.fr/image.ashx?id=2791209&use=l&cat=p&typeid=i","cat":285869},{"id":131794,"n":"Betteraves rouges 3x130g","p":1.79,"u":"4,59 €/KG","img":"https://fd1-photos.leclercdrive.fr/image.ashx?id=2537848&use=l&cat=p&typeid=i","cat":312611},{"id":131802,"n":"Boules céréales miel P'tit Déli 400g","p":2.33,"u":"5,83 €/KG","img":"https://fd1-photos.leclercdrive.fr/image.ashx?id=2907090&use=l&cat=p&typeid=i","cat":309513},{"id":131806,"n":"Céréales fourrées P'tit Déli Chocolat au lait - 450g","p":2.45,"u":"5,44 €/KG","img":"https://fd1-photos.leclercdrive.fr/image.ashx?id=2835211&use=l&cat=p&typeid=i","cat":309513},{"id":131807,"n":"Choucroute garnie 800g","p":2.17,"u":"2,71 €/KG","img":"https://fd1-photos.leclercdrive.fr/image.ashx?id=1942455&use=l&cat=p&typeid=i","cat":284441},{"id":131809,"n":"Chocolat noir dégustation 100g","p":1.0,"u":"10,00 €/KG","img":"https://fd1-photos.leclercdrive.fr/image.ashx?id=2858375&use=l&cat=p&typeid=i","cat":284956},{"id":131811,"n":"Chicorée café Eco+ Soluble - 200g","p":2.06,"u":"10,30 €/KG","img":"https://fd1-photos.leclercdrive.fr/image.ashx?id=2791200&use=l&cat=p&typeid=i","cat":284843},{"id":131825,"n":"Mais croquant Eco+ 3x140g","p":1.68,"u":"4,00 €/KG","img":"https://fd1-photos.leclercdrive.fr/image.ashx?id=2874675&use=l&cat=p&typeid=i","cat":312611},{"id":131826,"n":"Miettes thon à la tomate Eco + 160g","p":0.77,"u":"4,81 €/KG","img":"https://fd1-photos.leclercdrive.fr/image.ashx?id=2751856&use=l&cat=p&typeid=i","cat":303867},{"id":131827,"n":"Mouliné aux 8 légumes Eco+ 1L","p":0.9,"u":"0,90 €/L","img":"https://fd1-photos.leclercdrive.fr/image.ashx?id=2768451&use=l&cat=p&typeid=i","cat":284462},{"id":131828,"n":"Miel de fleurs  Massif du Jura NRT - 375g","p":6.49,"u":"17,31 €/KG","img":"https://fd1-photos.leclercdrive.fr/image.ashx?id=2771417&use=l&cat=p&typeid=i","cat":287643},{"id":131829,"n":"Noix de Muscade Ducros 18g","p":2.81,"u":"156,11 €/KG","img":"https://fd1-photos.leclercdrive.fr/image.ashx?id=2559466&use=l&cat=p&typeid=i","cat":298297},{"id":131832,"n":"Olives vertes dénoyautées 490g","p":2.52,"u":"5,14 €/KG","img":"https://fd1-photos.leclercdrive.fr/image.ashx?id=1942575&use=l&cat=p&typeid=i","cat":284458},{"id":131834,"n":"Pain de mie Epi d'Or Extra moelleux - 500g","p":0.99,"u":"1,98 €/KG","img":"https://fd1-photos.leclercdrive.fr/image.ashx?id=2860781&use=l&cat=p&typeid=i","cat":284477},{"id":131864,"n":"Potage déshydratée Eco + poireaux pommes de terre 74g","p":0.59,"u":"7,97 €/KG","img":"https://fd1-photos.leclercdrive.fr/image.ashx?id=1942828&use=l&cat=p&typeid=i","cat":284463},{"id":132067,"n":"Mayonnaise Rustica 830g","p":3.59,"u":"4,33 €/KG","img":"https://fd1-photos.leclercdrive.fr/image.ashx?id=2994827&use=l&cat=p&typeid=i","cat":298295},{"id":132087,"n":"Fromage de Brebis Les Croisés - Tranche - 100g","p":1.29,"u":"12,90 €/KG","img":"https://fd1-photos.leclercdrive.fr/image.ashx?id=2655716&use=l&cat=p&typeid=i","cat":314031},{"id":132088,"n":"Sauce Barilla Tomates Cuisinées - 400g","p":1.69,"u":"4,23 €/KG","img":"https://fd1-photos.leclercdrive.fr/image.ashx?id=2832527&use=l&cat=p&typeid=i","cat":287599},{"id":132127,"n":"Knacks à l'Ancienne Philippe Wagner x4 - 250g","p":3.49,"u":"3,49 €/KG","img":"https://fd1-photos.leclercdrive.fr/image.ashx?id=2827155&use=l&cat=p&typeid=i","cat":316012},{"id":132165,"n":"Sorbet Eskiss Citron jaune - 650g","p":2.41,"u":"3,71 €/KG","img":"https://fd1-photos.leclercdrive.fr/image.ashx?id=2982664&use=l&cat=p&typeid=i","cat":284263},{"id":132177,"n":"Petits pots bébé P'TITE RECETTE Curry de Poisson 12M+ - 2x200g","p":2.64,"u":"6,60 €/KG","img":"https://fd1-photos.leclercdrive.fr/image.ashx?id=2527118&use=l&cat=p&typeid=i","cat":312237},{"id":132180,"n":"Petits pots bébé P'TITE RECETTE Tajine de poulet 12M+ - 2x200g","p":2.27,"u":"5,68 €/KG","img":"https://fd1-photos.leclercdrive.fr/image.ashx?id=2525720&use=l&cat=p&typeid=i","cat":312237},{"id":132234,"n":"Flocons d'avoine Grainea 500g","p":0.84,"u":"1,68 €/KG","img":"https://fd1-photos.leclercdrive.fr/image.ashx?id=2919655&use=l&cat=p&typeid=i","cat":309512},{"id":132239,"n":"Barre de céréales Nature Valley Crunchy avoine miel x10 -420g","p":4.32,"u":"10,29 €/KG","img":"https://fd1-photos.leclercdrive.fr/image.ashx?id=2612814&use=l&cat=p&typeid=i","cat":285869},{"id":132243,"n":"Lessive liquide couleur Epsil 25 lavages - 1.25L","p":2.54,"u":"2,03 €/L","img":"https://fd1-photos.leclercdrive.fr/image.ashx?id=2602961&use=l&cat=p&typeid=i","cat":284640},{"id":132285,"n":"Feta grecque AOP Les Croisés - Tranche - 150g","p":1.84,"u":"12,27 €/KG","img":"https://fd1-photos.leclercdrive.fr/image.ashx?id=2210750&use=l&cat=p&typeid=i","cat":314026},{"id":132290,"n":"Huile d'Olive Carapelli Extra Vierge Classico - 75cl","p":10.93,"u":"14,57 €/L","img":"https://fd1-photos.leclercdrive.fr/image.ashx?id=2737480&use=l&cat=p&typeid=i","cat":284453},{"id":132330,"n":"Ail semoule Eco + 54g","p":0.79,"u":"14,63 €/KG","img":"https://fd1-photos.leclercdrive.fr/image.ashx?id=2717249&use=l&cat=p&typeid=i","cat":298297},{"id":132334,"n":"Tortilla Pockets Old El Paso x8 - 223g","p":3.37,"u":"15,11 €/KG","img":"https://fd1-photos.leclercdrive.fr/image.ashx?id=2737675&use=l&cat=p&typeid=i","cat":288993},{"id":132341,"n":"Couscous Fin Ferrero - 500G","p":1.54,"u":"3,08 €/KG","img":"https://fd1-photos.leclercdrive.fr/image.ashx?id=3008239&use=l&cat=p&typeid=i","cat":284429},{"id":132348,"n":"Delir' Pik Haribo Sachet bonbons acidulés - 275g","p":1.89,"u":"6,87 €/KG","img":"https://fd1-photos.leclercdrive.fr/image.ashx?id=2984904&use=l&cat=p&typeid=i","cat":304250},{"id":132368,"n":"Repas bébé Blédichef 15 mois Pâtes sauce tomate jambon -250g","p":1.87,"u":"7,48 €/KG","img":"https://fd1-photos.leclercdrive.fr/image.ashx?id=2643743&use=l&cat=p&typeid=i","cat":312238},{"id":132369,"n":"Repas bébé Blédichef 24 mois  Pâtes légumes cabillaud - 250g","p":1.92,"u":"7,68 €/KG","img":"https://fd1-photos.leclercdrive.fr/image.ashx?id=2644725&use=l&cat=p&typeid=i","cat":312238},{"id":132392,"n":"Gratte éponge Spontex Longue durée - x3","p":2.25,"u":"0,75 €/P","img":"https://fd1-photos.leclercdrive.fr/image.ashx?id=2973072&use=l&cat=p&typeid=i","cat":284667},{"id":132393,"n":"Lait croissance Guigoz Optipro En poudre - dès 18 mois - 900g","p":10.22,"u":"11,36 €/KG","img":"https://fd1-photos.leclercdrive.fr/image.ashx?id=2517589&use=l&cat=p&typeid=i","cat":290219},{"id":132452,"n":"Gazon universel Beaux Jours 40m2 - 1kg","p":7.2,"u":"7,20 €/KG","img":"https://fd1-photos.leclercdrive.fr/image.ashx?id=1947456&use=l&cat=p&typeid=i","cat":335920},{"id":132453,"n":"Colle textile Pattex Tube - 20g","p":3.68,"u":"184,00 €/KG","img":"https://fd1-photos.leclercdrive.fr/image.ashx?id=2381282&use=l&cat=p&typeid=i","cat":300576},{"id":132486,"n":"Eau micellaire 100ml","p":1.49,"u":"14,90 €/L","img":"https://fd1-photos.leclercdrive.fr/image.ashx?id=1947543&use=l&cat=p&typeid=i","cat":284603},{"id":132487,"n":"Gel déboucheur Syphon Javel soude - 1L","p":1.36,"u":"1,36 €/L","img":"https://fd1-photos.leclercdrive.fr/image.ashx?id=2202476&use=l&cat=p&typeid=i","cat":284908},{"id":132572,"n":"AOP Saumur Mousseux Brut Lacheteau Origine - 75cl","p":5.2,"u":"6,93 €/L","img":"https://fd1-photos.leclercdrive.fr/image.ashx?id=2960768&use=l&cat=p&typeid=i","cat":284545},{"id":132581,"n":"Céréales soufflé P'tit Déli Au chocolat - 400g","p":2.37,"u":"5,93 €/KG","img":"https://fd1-photos.leclercdrive.fr/image.ashx?id=2811875&use=l&cat=p&typeid=i","cat":309513},{"id":132582,"n":"Céréales soufflé blé P'tit Déli Miel caramel - 400g","p":1.99,"u":"4,98 €/KG","img":"https://fd1-photos.leclercdrive.fr/image.ashx?id=2900178&use=l&cat=p&typeid=i","cat":309513},{"id":132585,"n":"Skyr Yoplait  Nature 0%Mg - 4x100g","p":1.99,"u":"4,98 €/KG","img":"https://fd1-photos.leclercdrive.fr/image.ashx?id=2884435&use=l&cat=p&typeid=i","cat":315000},{"id":132601,"n":"Fan of Pik Haribo  Sachet bonbons acidulés - 200g","p":1.85,"u":"9,25 €/KG","img":"https://fd1-photos.leclercdrive.fr/image.ashx?id=2789766&use=l&cat=p&typeid=i","cat":304250},{"id":132625,"n":"Batônnets Trium Vanille Fruits rouge x4 - 286g","p":2.64,"u":"9,23 €/KG","img":"https://fd1-photos.leclercdrive.fr/image.ashx?id=2920782&use=l&cat=p&typeid=i","cat":284265},{"id":132629,"n":"Pétales de blé P'tit Déli Au chocolat - 400g","p":2.17,"u":"5,43 €/KG","img":"https://fd1-photos.leclercdrive.fr/image.ashx?id=2765846&use=l&cat=p&typeid=i","cat":309513},{"id":132630,"n":"Sorbet Eskiss Pomme - 650g","p":2.49,"u":"3,83 €/KG","img":"https://fd1-photos.leclercdrive.fr/image.ashx?id=2982670&use=l&cat=p&typeid=i","cat":284263},{"id":132637,"n":"Batonnets Eco + Vanille chocolat - x16 - 536g","p":2.19,"u":"4,09 €/KG","img":"https://fd1-photos.leclercdrive.fr/image.ashx?id=2768077&use=l&cat=p&typeid=i","cat":284265},{"id":132640,"n":"Batonnets Trium Citron meringue - x4 - 280g","p":2.85,"u":"10,18 €/KG","img":"https://fd1-photos.leclercdrive.fr/image.ashx?id=2120311&use=l&cat=p&typeid=i","cat":284265},{"id":132643,"n":"Shampooing bio Pétrole Hahn Fortifiant - 250ml","p":4.22,"u":"16,88 €/L","img":"https://fd1-photos.leclercdrive.fr/image.ashx?id=1948140&use=l&cat=p&typeid=i","cat":284606},{"id":132644,"n":"Huile Cadum Bébé  Huile Merveilleuse - 100ml","p":2.98,"u":"29,80 €/L","img":"https://fd1-photos.leclercdrive.fr/image.ashx?id=2518352&use=l&cat=p&typeid=i","cat":284741},{"id":132776,"n":"Café en grains Lobodis Bolivie Bio - 1kg","p":23.99,"u":"23,99 €/KG","img":"https://fd1-photos.leclercdrive.fr/image.ashx?id=2638883&use=l&cat=p&typeid=i","cat":293237},{"id":132780,"n":"AOP Champagne Lanson Brut Le Black Label - 12.5%vol 75cl","p":34.89,"u":"46,52 €/L","img":"https://fd1-photos.leclercdrive.fr/image.ashx?id=2914453&use=l&cat=p&typeid=i","cat":284542},{"id":132795,"n":"Désinfectant Sanytol 150ml","p":3.73,"u":"24,87 €/L","img":"https://fd1-photos.leclercdrive.fr/image.ashx?id=2785412&use=l&cat=p&typeid=i","cat":285201},{"id":132796,"n":"Haché moelleux Eco+ 500g","p":4.85,"u":"9,70 €/KG","img":"https://fd1-photos.leclercdrive.fr/image.ashx?id=2930606&use=l&cat=p&typeid=i","cat":284332},{"id":132807,"n":"AOP Riesling Vin blanc sec Wolfberger - 75cl","p":7.94,"u":"10,59 €/L","img":"https://fd1-photos.leclercdrive.fr/image.ashx?id=2957032&use=l&cat=p&typeid=i","cat":289557},{"id":132808,"n":"Skyr Yoplait  Lit Fruits Rouges 0%Mg - 4x100g","p":2.27,"u":"5,68 €/KG","img":"https://fd1-photos.leclercdrive.fr/image.ashx?id=2884438&use=l&cat=p&typeid=i","cat":315000},{"id":132811,"n":"Skyr Yoplait  Sur Lit Myrtilles 0%MG - 4x100G","p":2.37,"u":"5,93 €/KG","img":"https://fd1-photos.leclercdrive.fr/image.ashx?id=2884441&use=l&cat=p&typeid=i","cat":315000},{"id":132815,"n":"Skyr Yoplait  Sur Lit Citron 0%MG - 4x100g","p":2.32,"u":"5,80 €/KG","img":"https://fd1-photos.leclercdrive.fr/image.ashx?id=2317780&use=l&cat=p&typeid=i","cat":315000},{"id":132901,"n":"AOP Jurançon blanc moelleux Tradition Royale - 75cl","p":6.5,"u":"8,67 €/L","img":"https://fd1-photos.leclercdrive.fr/image.ashx?id=2996872&use=l&cat=p&typeid=i","cat":289557},{"id":132902,"n":"AOP Sud-Ouest Jurançon  Tradition royale - 75 cl","p":5.32,"u":"7,09 €/L","img":"https://fd1-photos.leclercdrive.fr/image.ashx?id=2996875&use=l&cat=p&typeid=i","cat":289557},{"id":132905,"n":"Confiture Bonne Maman Myrtille/Cassis - 335g","p":2.61,"u":"7,79 €/KG","img":"https://fd1-photos.leclercdrive.fr/image.ashx?id=2508222&use=l&cat=p&typeid=i","cat":284480},{"id":132906,"n":"Confiture - Bonne Maman Fraise des bois - 335g","p":3.12,"u":"9,31 €/KG","img":"https://fd1-photos.leclercdrive.fr/image.ashx?id=2341005&use=l&cat=p&typeid=i","cat":284480},{"id":132924,"n":"Crème mains Le Petit Olivier Karité - 75ml","p":2.92,"u":"38,93 €/L","img":"https://fd1-photos.leclercdrive.fr/image.ashx?id=1951721&use=l&cat=p&typeid=i","cat":325354},{"id":132978,"n":"Haché Le 5% Tendre & Plus Pur bœuf - 500g","p":8.5,"u":"17,00 €/KG","img":"https://fd1-photos.leclercdrive.fr/image.ashx?id=1952627&use=l&cat=p&typeid=i","cat":284332},{"id":133039,"n":"Lessive liquide noir Epsil 25 Lavages - 1.25L","p":2.54,"u":"2,03 €/L","img":"https://fd1-photos.leclercdrive.fr/image.ashx?id=2670350&use=l&cat=p&typeid=i","cat":284640},{"id":133044,"n":"Lessive laine & soie Epsil 25 lavages - 1.25L","p":2.54,"u":"2,03 €/L","img":"https://fd1-photos.leclercdrive.fr/image.ashx?id=2842319&use=l&cat=p&typeid=i","cat":284640},{"id":133073,"n":"Concentré éclat bio So Bio Etic Anti-tâches Précieux Argan-40ml","p":12.34,"u":"308,50 €/L","img":"https://fd1-photos.leclercdrive.fr/image.ashx?id=2185349&use=l&cat=p&typeid=i","cat":325345},{"id":133115,"n":"Sauce Mayomix Heinz Mix mayonnaise & ketchup - 425g","p":2.61,"u":"6,14 €/KG","img":"https://fd1-photos.leclercdrive.fr/image.ashx?id=2926936&use=l&cat=p&typeid=i","cat":318431},{"id":133116,"n":"Eau de source Cristaline Jus citronnade - 6x50cl","p":3.54,"u":"1,18 €/L","img":"https://fd1-photos.leclercdrive.fr/image.ashx?id=2344636&use=l&cat=p&typeid=i","cat":284537},{"id":133164,"n":"Pâté croûte Le Charcutier Tempé x4 - 440g","p":4.49,"u":"10,20 €/KG","img":"https://fd1-photos.leclercdrive.fr/image.ashx?id=2153798&use=l&cat=p&typeid=i","cat":316008},{"id":133165,"n":"Pâté croûte Le Médaillon Tempé x 4 - 440g","p":4.49,"u":"10,20 €/KG","img":"https://fd1-photos.leclercdrive.fr/image.ashx?id=2120466&use=l&cat=p&typeid=i","cat":316008},{"id":133166,"n":"Pâtes fraîches Spätzlis Horvat 1kg","p":3.29,"u":"3,29 €/KG","img":"https://fd1-photos.leclercdrive.fr/image.ashx?id=1953146&use=l&cat=p&typeid=i","cat":333682},{"id":133173,"n":"IGP Pays d'Oc blanc Ormes De Cambras Sauvignon 12% 75cl","p":2.93,"u":"3,91 €/L","img":"https://fd1-photos.leclercdrive.fr/image.ashx?id=2105155&use=l&cat=p&typeid=i","cat":289557},{"id":133179,"n":"Yaourt protéiné Hipro Vanille 0%mg - 2x160g","p":2.14,"u":"6,69 €/KG","img":"https://fd1-photos.leclercdrive.fr/image.ashx?id=2807414&use=l&cat=p&typeid=i","cat":315000},{"id":133180,"n":"Yaourt bifidus Activia céréales Muesli quinoa noisette - 8x120g","p":4.35,"u":"4,53 €/KG","img":"https://fd1-photos.leclercdrive.fr/image.ashx?id=2861981&use=l&cat=p&typeid=i","cat":315000},{"id":133188,"n":"Douche crème bio So Bio Etic Surgras à l'huile de coco-650ml","p":5.81,"u":"8,94 €/L","img":"https://fd1-photos.leclercdrive.fr/image.ashx?id=2891580&use=l&cat=p&typeid=i","cat":284594},{"id":133218,"n":"Déodorant spray Monsavon Grenade & Hibiscus - 2x200ml","p":3.91,"u":"9,78 €/L","img":"https://fd1-photos.leclercdrive.fr/image.ashx?id=2489959&use=l&cat=p&typeid=i","cat":284595},{"id":133270,"n":"Mini rollers correcteur UHU 6m x 5mm pastel - x2","p":3.95,"u":"1,98 €/P","img":"https://fd1-photos.leclercdrive.fr/image.ashx?id=2205932&use=l&cat=p&typeid=i","cat":334133},{"id":133365,"n":"Bière 3 Monts Saison Deux houblons - 75 cl","p":3.26,"u":"4,35 €/L","img":"https://fd1-photos.leclercdrive.fr/image.ashx?id=2548183&use=l&cat=p&typeid=i","cat":334852},{"id":133398,"n":"Petit pot bébé bio Blédina 8m Riz champignon pois 2x200g","p":2.92,"u":"7,30 €/KG","img":"https://fd1-photos.leclercdrive.fr/image.ashx?id=2831714&use=l&cat=p&typeid=i","cat":312239},{"id":133527,"n":"Gel micellaire bio La Source Nettoyant toilette - 125ml","p":6.34,"u":"50,72 €/L","img":"https://fd1-photos.leclercdrive.fr/image.ashx?id=1955294&use=l&cat=p&typeid=i","cat":284603},{"id":133533,"n":"Masque Color-Vive Elsève 2x310ml","p":10.4,"u":"16,77 €/L","img":"https://fd1-photos.leclercdrive.fr/image.ashx?id=2396159&use=l&cat=p&typeid=i","cat":284608},{"id":133535,"n":"Billes d'argile beaux jours 6 L","p":3.29,"u":"0,55 €/L","img":"https://fd1-photos.leclercdrive.fr/image.ashx?id=2632603&use=l&cat=p&typeid=i","cat":335919},{"id":133547,"n":"Confiture allégée Beyer Kiwis Rhubarbes - 340g","p":2.69,"u":"7,91 €/KG","img":"https://fd1-photos.leclercdrive.fr/image.ashx?id=1957644&use=l&cat=p&typeid=i","cat":284480},{"id":133551,"n":"Confiture allégée Beyer Fraises Bananes - 340g","p":2.73,"u":"8,03 €/KG","img":"https://fd1-photos.leclercdrive.fr/image.ashx?id=1957186&use=l&cat=p&typeid=i","cat":284480},{"id":133553,"n":"Confiture extra Beyer Framboises épépinées - 370g","p":3.34,"u":"9,03 €/KG","img":"https://fd1-photos.leclercdrive.fr/image.ashx?id=1955729&use=l&cat=p&typeid=i","cat":284480},{"id":133555,"n":"Confiture allégée Beyer Mirabelles Quetsches - 340g","p":2.99,"u":"8,79 €/KG","img":"https://fd1-photos.leclercdrive.fr/image.ashx?id=1957189&use=l&cat=p&typeid=i","cat":284480},{"id":133650,"n":"DOC Prosecco Treviso Mionetto - 75cl","p":6.94,"u":"9,25 €/L","img":"https://fd1-photos.leclercdrive.fr/image.ashx?id=3011911&use=l&cat=p&typeid=i","cat":289461},{"id":133661,"n":"Café en grains Sati Sierra Madre Bio - 500g","p":9.94,"u":"19,88 €/KG","img":"https://fd1-photos.leclercdrive.fr/image.ashx?id=2834416&use=l&cat=p&typeid=i","cat":293237},{"id":133748,"n":"Soda Coca-Cola - SANS SUCRES Bouteille - 6x25cl","p":4.98,"u":"3,32 €/L","img":"https://fd1-photos.leclercdrive.fr/image.ashx?id=2312308&use=l&cat=p&typeid=i","cat":284530},{"id":133768,"n":"Poêle Easy Cook'n Clean Tefal Ø32cm - 1 pièce","p":22.9,"img":"https://fd1-photos.leclercdrive.fr/image.ashx?id=2531862&use=l&cat=p&typeid=i","cat":298490},{"id":133815,"n":"Soupe miso instantanée Marukome Tofu frit - 57g","p":2.58,"u":"45,26 €/KG","img":"https://fd1-photos.leclercdrive.fr/image.ashx?id=1958238&use=l&cat=p&typeid=i","cat":288992},{"id":134047,"n":"Barres de céréales Lion Chocolat caramel - 12x25g","p":4.07,"u":"13,57 €/KG","img":"https://fd1-photos.leclercdrive.fr/image.ashx?id=2846787&use=l&cat=p&typeid=i","cat":285869},{"id":134056,"n":"Rougail saucisses et son riz 300g","p":3.16,"u":"10,53 €/KG","img":"https://fd1-photos.leclercdrive.fr/image.ashx?id=3008461&use=l&cat=p&typeid=i","cat":284953},{"id":134067,"n":"Spaghetti courts Lustucru 3 min - 2x500g + 1 offert","p":2.33,"u":"1,55 €/KG","img":"https://fd1-photos.leclercdrive.fr/image.ashx?id=1975754&use=l&cat=p&typeid=i","cat":284427},{"id":134088,"n":"Applicateur express Baranne Noir - 75ml","p":2.89,"u":"3,85 €/L","img":"https://fd1-photos.leclercdrive.fr/image.ashx?id=2367883&use=l&cat=p&typeid=i","cat":285201},{"id":134106,"n":"AOP Bordeaux Croix d'Albret Bio Vin rouge - 75cl","p":5.45,"u":"7,27 €/L","img":"https://fd1-photos.leclercdrive.fr/image.ashx?id=2397890&use=l&cat=p&typeid=i","cat":289556},{"id":134121,"n":"Poivre noir moulu Eco+ 44g","p":0.55,"u":"12,50 €/KG","img":"https://fd1-photos.leclercdrive.fr/image.ashx?id=2717246&use=l&cat=p&typeid=i","cat":284457},{"id":134122,"n":"Poivre noir moulu Eco+ 90g","p":1.15,"u":"12,78 €/KG","img":"https://fd1-photos.leclercdrive.fr/image.ashx?id=2836307&use=l&cat=p&typeid=i","cat":284457},{"id":134124,"n":"Velouté PurSoup' Liebig Poireaux pomme de terre - 1L","p":2.2,"u":"2,20 €/L","img":"https://fd1-photos.leclercdrive.fr/image.ashx?id=2864324&use=l&cat=p&typeid=i","cat":284462},{"id":134129,"n":"Verrine de Paté Eco+ 3x180g","p":2.71,"u":"5,02 €/KG","img":"https://fd1-photos.leclercdrive.fr/image.ashx?id=2519405&use=l&cat=p&typeid=i","cat":305149},{"id":134130,"n":"Mélange paella Ducros 20g","p":1.44,"u":"72,00 €/KG","img":"https://fd1-photos.leclercdrive.fr/image.ashx?id=2490500&use=l&cat=p&typeid=i","cat":298297},{"id":134131,"n":"Soupe liquide brique Liebig  Velouté de Tomates - 1L","p":2.17,"u":"2,17 €/L","img":"https://fd1-photos.leclercdrive.fr/image.ashx?id=2759439&use=l&cat=p&typeid=i","cat":284462},{"id":134144,"n":"Don Papa Masskara Base de rhum 40% vol 70cl","p":29.99,"u":"42,84 €/L","img":"https://fd1-photos.leclercdrive.fr/image.ashx?id=2858255&use=l&cat=p&typeid=i","cat":284551},{"id":134146,"n":"Biscuits Nustikao Fourrés pâte à tartiner - 200g","p":1.67,"u":"8,35 €/KG","img":"https://fd1-photos.leclercdrive.fr/image.ashx?id=2473999&use=l&cat=p&typeid=i","cat":284488},{"id":134147,"n":"Purée fruit bébé Pomme Myrtille 4/6 mois Blédina - 4x100g","p":2.4,"u":"6,00 €/KG","img":"https://fd1-photos.leclercdrive.fr/image.ashx?id=2983057&use=l&cat=p&typeid=i","cat":312388},{"id":134148,"n":"Purée fruit bébé Pomme Rhubarbe Fraise 6 mois Blédina - 4x100g","p":2.06,"u":"5,15 €/KG","img":"https://fd1-photos.leclercdrive.fr/image.ashx?id=2983060&use=l&cat=p&typeid=i","cat":312388},{"id":134152,"n":"Biscuits Kinder Happy Hippo Au lait et au cacao - 103,5g","p":1.71,"u":"16,44 €/KG","img":"https://fd1-photos.leclercdrive.fr/image.ashx?id=2454499&use=l&cat=p&typeid=i","cat":284488},{"id":134162,"n":"Fromage frais nature Eco+ 9%mg - 6x60g","p":0.93,"u":"2,58 €/KG","img":"https://fd1-photos.leclercdrive.fr/image.ashx?id=2722372&use=l&cat=p&typeid=i","cat":284409},{"id":134165,"n":"Yaourt à la Grecque Délisse Stracciatella - 4x150g","p":2.39,"u":"3,98 €/KG","img":"https://fd1-photos.leclercdrive.fr/image.ashx?id=2753487&use=l&cat=p&typeid=i","cat":314999},{"id":134172,"n":"Nissin soba sachet teriyaki 110g","p":1.75,"u":"15,91 €/KG","img":"https://fd1-photos.leclercdrive.fr/image.ashx?id=2433521&use=l&cat=p&typeid=i","cat":288992},{"id":134184,"n":"Nissin Soba sachet classique 109g","p":1.83,"u":"16,79 €/KG","img":"https://fd1-photos.leclercdrive.fr/image.ashx?id=2647630&use=l&cat=p&typeid=i","cat":288992},{"id":134206,"n":"Matière grasse St Hubert Oméga 3 - Demi-sel - 750g","p":4.49,"pp":3.14,"u":"4,19 €/KG","img":"https://fd1-photos.leclercdrive.fr/image.ashx?id=2734081&use=l&cat=p&typeid=i","cat":315229},{"id":134218,"n":"Lardons fumés Tradilège Sans nitrite - 2x75g","p":1.57,"u":"10,47 €/KG","img":"https://fd1-photos.leclercdrive.fr/image.ashx?id=2965828&use=l&cat=p&typeid=i","cat":316011},{"id":134220,"n":"Allumettes nature Tradilège Sans nitrite - 2x75g","p":1.61,"u":"10,73 €/KG","img":"https://fd1-photos.leclercdrive.fr/image.ashx?id=2970486&use=l&cat=p&typeid=i","cat":316011},{"id":134223,"n":"Allumettes fumées Tradilège Sans nitrite - 2x75g","p":1.61,"u":"10,73 €/KG","img":"https://fd1-photos.leclercdrive.fr/image.ashx?id=2965825&use=l&cat=p&typeid=i","cat":316011},{"id":134249,"n":"Blé express cuisiné Ebly  Tomate et basilic - 220g","p":1.89,"u":"8,59 €/KG","img":"https://fd1-photos.leclercdrive.fr/image.ashx?id=1963877&use=l&cat=p&typeid=i","cat":287600},{"id":134257,"n":"Corn Flakes Grainéa Nature - 500g","p":2.08,"u":"4,16 €/KG","img":"https://fd1-photos.leclercdrive.fr/image.ashx?id=2617249&use=l&cat=p&typeid=i","cat":309513},{"id":134316,"n":"Goûters P'tit Déli Croc' Goût Vanille - 300g","p":1.01,"u":"3,06 €/KG","img":"https://fd1-photos.leclercdrive.fr/image.ashx?id=2391895&use=l&cat=p&typeid=i","cat":284489},{"id":134317,"n":"Biscuit Croc Break P'tit Déli Goût Chocolat - 300g","p":1.15,"u":"3,83 €/KG","img":"https://fd1-photos.leclercdrive.fr/image.ashx?id=2708895&use=l&cat=p&typeid=i","cat":284488},{"id":134319,"n":"Biscuit Croc Break P'tit Déli Goût Tout Chocolat - 300g","p":1.09,"u":"3,63 €/KG","img":"https://fd1-photos.leclercdrive.fr/image.ashx?id=2708898&use=l&cat=p&typeid=i","cat":284488},{"id":134331,"n":"Muesli croustillant Grainéa Chocolat noir - 500g","p":2.29,"u":"4,58 €/KG","img":"https://fd1-photos.leclercdrive.fr/image.ashx?id=2925991&use=l&cat=p&typeid=i","cat":309512},{"id":134333,"n":"Muesli croustillant Grainéa Noix - 500g","p":2.02,"u":"4,04 €/KG","img":"https://fd1-photos.leclercdrive.fr/image.ashx?id=2917662&use=l&cat=p&typeid=i","cat":309512},{"id":134336,"n":"Muesli croustillant Grainéa  Aux fruits - 500g","p":1.87,"u":"3,74 €/KG","img":"https://fd1-photos.leclercdrive.fr/image.ashx?id=2931796&use=l&cat=p&typeid=i","cat":309512},{"id":134352,"n":"Muesli croustillant Grainéa  Fraise - 500g","p":2.27,"u":"4,54 €/KG","img":"https://fd1-photos.leclercdrive.fr/image.ashx?id=2931787&use=l&cat=p&typeid=i","cat":309512},{"id":134353,"n":"Muesli croustillant Grainéa Chocolat lait - 500g","p":2.27,"u":"4,54 €/KG","img":"https://fd1-photos.leclercdrive.fr/image.ashx?id=2925994&use=l&cat=p&typeid=i","cat":309512},{"id":134398,"n":"Saucisson Fuet d'Olot 150g","p":2.34,"u":"15,60 €/KG","img":"https://fd1-photos.leclercdrive.fr/image.ashx?id=1971722&use=l&cat=p&typeid=i","cat":316006},{"id":134458,"n":"Fromage Camembert NRT AOP  de Normandie  - 250g","p":3.39,"u":"13,56 €/KG","img":"https://fd1-photos.leclercdrive.fr/image.ashx?id=1962719&use=l&cat=p&typeid=i","cat":314033},{"id":134484,"n":"Pur jus de légume Bio Village Bio - 1L","p":2.86,"u":"2,86 €/L","img":"https://fd1-photos.leclercdrive.fr/image.ashx?id=2901569&use=l&cat=p&typeid=i","cat":284523},{"id":134489,"n":"Saucisse persillé d'Alsace NRT 120g","p":1.85,"u":"15,42 €/KG","img":"https://fd1-photos.leclercdrive.fr/image.ashx?id=2898110&use=l&cat=p&typeid=i","cat":316012},{"id":134600,"n":"Barres chocolat Milka Nussini - 5x31,5g","p":2.66,"u":"16,94 €/KG","img":"https://fd1-photos.leclercdrive.fr/image.ashx?id=2913487&use=l&cat=p&typeid=i","cat":284498},{"id":134617,"n":"Couscous parfumé Tipiak 510g","p":1.9,"u":"3,73 €/KG","img":"https://fd1-photos.leclercdrive.fr/image.ashx?id=2839187&use=l&cat=p&typeid=i","cat":284429},{"id":134618,"n":"Méli Mélo gourmand Tipiak 330g","p":1.9,"u":"5,76 €/KG","img":"https://fd1-photos.leclercdrive.fr/image.ashx?id=2314434&use=l&cat=p&typeid=i","cat":284429},{"id":134676,"n":"Friandises chien Pedigree  Schmackos multi mix x20 - 144g","p":2.27,"u":"15,76 €/KG","img":"https://fd1-photos.leclercdrive.fr/image.ashx?id=2338579&use=l&cat=p&typeid=i","cat":294527},{"id":134677,"n":"Friandise petit chien Pedigree  Os à mâcher x4 - 160g","p":1.91,"u":"11,94 €/KG","img":"https://fd1-photos.leclercdrive.fr/image.ashx?id=2997253&use=l&cat=p&typeid=i","cat":294527},{"id":134678,"n":"Friandise moyen chien Pedigree Os à mâcher x2 - 180g","p":1.91,"u":"10,61 €/KG","img":"https://fd1-photos.leclercdrive.fr/image.ashx?id=2981710&use=l&cat=p&typeid=i","cat":294527},{"id":134680,"n":"Biscuits chien Pedigree Markies fourrés - 1,5kg","p":4.95,"u":"3,30 €/KG","img":"https://fd1-photos.leclercdrive.fr/image.ashx?id=2109671&use=l&cat=p&typeid=i","cat":294527},{"id":134745,"n":"Yaourt nature ECO+ 12x125g","p":1.69,"u":"1,13 €/KG","img":"https://fd1-photos.leclercdrive.fr/image.ashx?id=2791194&use=l&cat=p&typeid=i","cat":284409},{"id":134747,"n":"Biscuits Bio Nat&Vie Avoine/chocolat - 130g","p":2.11,"u":"16,23 €/KG","img":"https://fd1-photos.leclercdrive.fr/image.ashx?id=2329197&use=l&cat=p&typeid=i","cat":318651},{"id":134749,"n":"Biscuits avoine complet Nat&Vie Bio - 130g","p":1.78,"u":"13,69 €/KG","img":"https://fd1-photos.leclercdrive.fr/image.ashx?id=1965806&use=l&cat=p&typeid=i","cat":318651},{"id":134751,"n":"Boisson végétale Bio Village Riz coco bio - 1l","p":1.89,"u":"1,89 €/L","img":"https://fd1-photos.leclercdrive.fr/image.ashx?id=2352243&use=l&cat=p&typeid=i","cat":316067},{"id":134754,"n":"Café moulu Bio Village Guatémala Bio - 250g","p":4.9,"u":"19,60 €/KG","img":"https://fd1-photos.leclercdrive.fr/image.ashx?id=2468879&use=l&cat=p&typeid=i","cat":284750},{"id":134758,"n":"Compote Allégée en sucres Eco+ Coupelle pomme banane - 4x100g","p":0.59,"u":"1,48 €/KG","img":"https://fd1-photos.leclercdrive.fr/image.ashx?id=1965671&use=l&cat=p&typeid=i","cat":284508},{"id":134760,"n":"Confiture extra bio Bio Village Figues - 370g","p":2.31,"u":"6,24 €/KG","img":"https://fd1-photos.leclercdrive.fr/image.ashx?id=2459593&use=l&cat=p&typeid=i","cat":284480},{"id":134770,"n":"Compote bio Bio Village Gourdes multivariétés - 12x90g","p":6.35,"u":"5,88 €/KG","img":"https://fd1-photos.leclercdrive.fr/image.ashx?id=1965920&use=l&cat=p&typeid=i","cat":284508},{"id":134772,"n":"Huile de noisette Rustica 25cl","p":2.89,"u":"11,56 €/L","img":"https://fd1-photos.leclercdrive.fr/image.ashx?id=3002635&use=l&cat=p&typeid=i","cat":284453},{"id":134773,"n":"Pur jus de citron vert - 25 cl vert - 25 cl","p":1.77,"u":"7,08 €/L","img":"https://fd1-photos.leclercdrive.fr/image.ashx?id=3010452&use=l&cat=p&typeid=i","cat":288383},{"id":134774,"n":"Pur jus de citron jaune - 50 cl jaune - 50 cl","p":2.39,"u":"4,78 €/L","img":"https://fd1-photos.leclercdrive.fr/image.ashx?id=3010449&use=l&cat=p&typeid=i","cat":288383},{"id":134775,"n":"Lait de coco Bio Village Bio - 200ml","p":1.28,"u":"6,40 €/L","img":"https://fd1-photos.leclercdrive.fr/image.ashx?id=1965929&use=l&cat=p&typeid=i","cat":288992},{"id":134777,"n":"Macaronis Bio Village Bio - 500g","p":1.19,"u":"2,38 €/KG","img":"https://fd1-photos.leclercdrive.fr/image.ashx?id=2624923&use=l&cat=p&typeid=i","cat":284429},{"id":134786,"n":"Potage poule aux vermicelles Eco+ - 56g","p":0.33,"u":"5,89 €/KG","img":"https://fd1-photos.leclercdrive.fr/image.ashx?id=2663260&use=l&cat=p&typeid=i","cat":284463},{"id":134787,"n":"Ravioli bœuf Bio village Bio 700g","p":3.68,"u":"5,26 €/KG","img":"https://fd1-photos.leclercdrive.fr/image.ashx?id=2717255&use=l&cat=p&typeid=i","cat":284442},{"id":134788,"n":"Spaghetti complets Bio Village Bio - 500g","p":0.89,"u":"1,78 €/KG","img":"https://fd1-photos.leclercdrive.fr/image.ashx?id=2503308&use=l&cat=p&typeid=i","cat":284429},{"id":134792,"n":"Thon blanc Pêche océan MSC Entier nature - France - 112g","p":2.75,"u":"24,55 €/KG","img":"https://fd1-photos.leclercdrive.fr/image.ashx?id=2942235&use=l&cat=p&typeid=i","cat":303867},{"id":134793,"n":"Toasts fins nature Epi d'Or 100g","p":1.65,"u":"16,50 €/KG","img":"https://fd1-photos.leclercdrive.fr/image.ashx?id=2696283&use=l&cat=p&typeid=i","cat":285454},{"id":134794,"n":"Toasts fins sésame Epi d'Or 100g","p":1.65,"u":"16,50 €/KG","img":"https://fd1-photos.leclercdrive.fr/image.ashx?id=2705092&use=l&cat=p&typeid=i","cat":285454},{"id":134796,"n":"Tomates entières pelées Eco+ 240g","p":0.55,"u":"2,29 €/KG","img":"https://fd1-photos.leclercdrive.fr/image.ashx?id=2762501&use=l&cat=p&typeid=i","cat":312608},{"id":134797,"n":"Tuiles goût barbecue Tokapi 170g","p":1.39,"u":"8,18 €/KG","img":"https://fd1-photos.leclercdrive.fr/image.ashx?id=2632891&use=l&cat=p&typeid=i","cat":287899},{"id":134798,"n":"Velouté de légumes Eco + 1L","p":0.89,"u":"0,89 €/L","img":"https://fd1-photos.leclercdrive.fr/image.ashx?id=2768448&use=l&cat=p&typeid=i","cat":284462},{"id":134811,"n":"Pur jus d'orange Eco + Brique - 2l","p":3.14,"u":"1,57 €/L","img":"https://fd1-photos.leclercdrive.fr/image.ashx?id=2751859&use=l&cat=p&typeid=i","cat":284521},{"id":134815,"n":"Pur jus 4 agrumes Eco +  1L","p":1.43,"u":"1,43 €/L","img":"https://fd1-photos.leclercdrive.fr/image.ashx?id=2762943&use=l&cat=p&typeid=i","cat":284917},{"id":134816,"n":"Jus d'orange ABC Eco + Brique - 1L","p":1.3,"u":"1,30 €/L","img":"https://fd1-photos.leclercdrive.fr/image.ashx?id=2595049&use=l&cat=p&typeid=i","cat":284521},{"id":134823,"n":"Nectar multifruits Eco+ 6x20cl","p":1.75,"u":"1,46 €/L","img":"https://fd1-photos.leclercdrive.fr/image.ashx?id=2957548&use=l&cat=p&typeid=i","cat":284917},{"id":134825,"n":"Bière 0.0% Falsbourg  Sans alcool - 6x25cl","p":2.63,"u":"1,75 €/L","img":"https://fd1-photos.leclercdrive.fr/image.ashx?id=2637979&use=l&cat=p&typeid=i","cat":334877},{"id":134856,"n":"Eau de javel Eco + 2L","p":0.63,"u":"0,32 €/L","img":"https://fd1-photos.leclercdrive.fr/image.ashx?id=2882298&use=l&cat=p&typeid=i","cat":284661},{"id":134857,"n":"Désodorisant fraîcheur Uni Vert Plantes - 200ml","p":1.95,"u":"9,75 €/L","img":"https://fd1-photos.leclercdrive.fr/image.ashx?id=2573953&use=l&cat=p&typeid=i","cat":311626},{"id":134859,"n":"Bougie végétale Insectivor Anti-moustique - 1 pièce","p":3.99,"img":"https://fd1-photos.leclercdrive.fr/image.ashx?id=1965767&use=l&cat=p&typeid=i","cat":298368},{"id":134860,"n":"Maxi carré bébé Mots d'Enfants Coton bio - x80","p":2.6,"u":"0,03 €/P","img":"https://fd1-photos.leclercdrive.fr/image.ashx?id=3014296&use=l&cat=p&typeid=i","cat":284739},{"id":134861,"n":"Maxi carré bébé Mots d'Enfants Coton bio écru - x40","p":1.37,"u":"0,03 €/P","img":"https://fd1-photos.leclercdrive.fr/image.ashx?id=1965833&use=l&cat=p&typeid=i","cat":284739},{"id":134862,"n":"Gel hydroalcoolique Primoplast 550ml","p":2.1,"u":"3,82 €/L","img":"https://fd1-photos.leclercdrive.fr/image.ashx?id=2856591&use=l&cat=p&typeid=i","cat":284630},{"id":134938,"n":"Lait bébé en poudre Blédilait 2e âge 6-12 mois 1.2kg","p":15.91,"u":"13,26 €/KG","img":"https://fd1-photos.leclercdrive.fr/image.ashx?id=2674068&use=l&cat=p&typeid=i","cat":284727},{"id":134989,"n":"Amora Cornichons Extra-Fins Bocal Croq'Vert 370g","p":2.77,"u":"7,49 €/KG","img":"https://fd1-photos.leclercdrive.fr/image.ashx?id=2670911&use=l&cat=p&typeid=i","cat":284458},{"id":135104,"n":"Salade & Cie Sodebo Brooklyn Poulet Rôti Pâtes - 320g","p":4.14,"u":"12,94 €/KG","img":"https://fd1-photos.leclercdrive.fr/image.ashx?id=2795719&use=l&cat=p&typeid=i","cat":333657},{"id":135176,"n":"Spaetzlé 500g","p":2.81,"u":"5,62 €/KG","img":"https://fd1-photos.leclercdrive.fr/image.ashx?id=1984173&use=l&cat=p&typeid=i","cat":333682},{"id":135179,"n":"Sauce béchamel Bridélice 50cl","p":2.58,"u":"5,16 €/L","img":"https://fd1-photos.leclercdrive.fr/image.ashx?id=2904718&use=l&cat=p&typeid=i","cat":284382},{"id":135180,"n":"Crème légère fluide Bridélice 12% - 2x25cl","p":2.79,"u":"5,58 €/L","img":"https://fd1-photos.leclercdrive.fr/image.ashx?id=2911291&use=l&cat=p&typeid=i","cat":284381},{"id":135191,"n":"Yaourt aromatisé sucré Eco+ Pack 12x125g","p":1.86,"u":"1,24 €/KG","img":"https://fd1-photos.leclercdrive.fr/image.ashx?id=2759774&use=l&cat=p&typeid=i","cat":286006},{"id":135201,"n":"Matière grasse bio St Hubert Doux 55%MG - 230g","p":1.98,"u":"8,61 €/KG","img":"https://fd1-photos.leclercdrive.fr/image.ashx?id=2886097&use=l&cat=p&typeid=i","cat":315229},{"id":135203,"n":"Yaourt nature Eco+ 4x125g","p":0.58,"u":"1,16 €/KG","img":"https://fd1-photos.leclercdrive.fr/image.ashx?id=2671789&use=l&cat=p&typeid=i","cat":284409},{"id":135246,"n":"Crème fraiche Eco+ Légère - 15% MG - 50cl","p":1.35,"u":"2,70 €/L","img":"https://fd1-photos.leclercdrive.fr/image.ashx?id=2891869&use=l&cat=p&typeid=i","cat":284381},{"id":135247,"n":"Fromage fondu Eco+ 17%mg - x10 - 200g","p":1.08,"u":"5,40 €/KG","img":"https://fd1-photos.leclercdrive.fr/image.ashx?id=2652290&use=l&cat=p&typeid=i","cat":314028},{"id":135266,"n":"Pruneau Eco+ 1kg","p":5.76,"u":"5,76 €/KG","img":"https://fd1-photos.leclercdrive.fr/image.ashx?id=2964562&use=l&cat=p&typeid=i","cat":284357},{"id":135267,"n":"Matière grasse Eco+ Tartine - 55%mg - 500g","p":1.21,"u":"2,42 €/KG","img":"https://fd1-photos.leclercdrive.fr/image.ashx?id=2910580&use=l&cat=p&typeid=i","cat":315229},{"id":135274,"n":"Pomme de terre pour frites Panier du Primeur - 2kg","p":2.29,"u":"1,15 €/KG","img":"https://fd1-photos.leclercdrive.fr/image.ashx?id=2959737&use=l&cat=p&typeid=i","cat":284352},{"id":135278,"n":"Fromage blanc aromatisé Eco+ 2.8%MG - 12x60g","p":1.79,"u":"2,49 €/KG","img":"https://fd1-photos.leclercdrive.fr/image.ashx?id=2794817&use=l&cat=p&typeid=i","cat":284409},{"id":135282,"n":"Oignons sauciers Filière Panier du Primeur Filet 500g","p":1.49,"u":"2,98 €/KG","img":"https://fd1-photos.leclercdrive.fr/image.ashx?id=2966370&use=l&cat=p&typeid=i","cat":284352},{"id":135295,"n":"Tranchette de gouda Eco+ 28%mg - 300g","p":2.54,"u":"8,47 €/KG","img":"https://fd1-photos.leclercdrive.fr/image.ashx?id=1974470&use=l&cat=p&typeid=i","cat":314028},{"id":135296,"n":"Fromage mi-chèvre Eco+ 23%mg - 180g","p":1.67,"u":"9,28 €/KG","img":"https://fd1-photos.leclercdrive.fr/image.ashx?id=2978504&use=l&cat=p&typeid=i","cat":314031},{"id":135343,"n":"Râpé 3 fromages Les Croisés  Format familial - 350g","p":3.12,"u":"8,91 €/KG","img":"https://fd1-photos.leclercdrive.fr/image.ashx?id=2959734&use=l&cat=p&typeid=i","cat":314035},{"id":135429,"n":"Pommes Dauphine Findus 540g","p":3.15,"u":"5,83 €/KG","img":"https://fd1-photos.leclercdrive.fr/image.ashx?id=2009954&use=l&cat=p&typeid=i","cat":319792},{"id":135454,"n":"Brioche tranchée Harrys Nature sans additif Maxi - 680g","p":3.39,"u":"4,99 €/KG","img":"https://fd1-photos.leclercdrive.fr/image.ashx?id=2503022&use=l&cat=p&typeid=i","cat":284478},{"id":135456,"n":"Brioche tranchée Harrys Nature / Sans additifs - 485 g","p":2.46,"u":"5,07 €/KG","img":"https://fd1-photos.leclercdrive.fr/image.ashx?id=2503019&use=l&cat=p&typeid=i","cat":284478},{"id":135458,"n":"Brioche tranchée nature Harrys Allégée en sucre - 485g","p":3.04,"u":"6,27 €/KG","img":"https://fd1-photos.leclercdrive.fr/image.ashx?id=2503031&use=l&cat=p&typeid=i","cat":284478},{"id":135459,"n":"Brioche Tranchée Harrys Pépites de chocolat - 485g","p":2.93,"u":"6,04 €/KG","img":"https://fd1-photos.leclercdrive.fr/image.ashx?id=2503028&use=l&cat=p&typeid=i","cat":284478},{"id":135481,"n":"Barres céréales Nesquik Chocolat - 12x25g","p":3.91,"u":"13,03 €/KG","img":"https://fd1-photos.leclercdrive.fr/image.ashx?id=2843225&use=l&cat=p&typeid=i","cat":285869},{"id":135553,"n":"Confiture de quetsches Beyer Extra - 370g","p":2.24,"u":"6,05 €/KG","img":"https://fd1-photos.leclercdrive.fr/image.ashx?id=2332381&use=l&cat=p&typeid=i","cat":284480},{"id":135557,"n":"Vinaigre d'alcool blanc Saas Bio 6° 1L","p":1.49,"u":"1,49 €/L","img":"https://fd1-photos.leclercdrive.fr/image.ashx?id=2504263&use=l&cat=p&typeid=i","cat":298543},{"id":135583,"n":"Vinaigre Melfor bio 100cl","p":2.63,"u":"2,63 €/L","img":"https://fd1-photos.leclercdrive.fr/image.ashx?id=1986464&use=l&cat=p&typeid=i","cat":298543},{"id":135586,"n":"AOP Côtes du Rhone rouge Nos Racines bio - 75cl","p":6.75,"u":"9,00 €/L","img":"https://fd1-photos.leclercdrive.fr/image.ashx?id=2108894&use=l&cat=p&typeid=i","cat":289556},{"id":135594,"n":"AOC Riesling P.Mittnacht Vin blanc - 75cl","p":5.36,"u":"7,15 €/L","img":"https://fd1-photos.leclercdrive.fr/image.ashx?id=1986470&use=l&cat=p&typeid=i","cat":289557},{"id":135758,"n":"Jambon Supérieur VPF Tradilège A l'étouffée Découennéx10 -400g","p":5.09,"u":"12,73 €/KG","img":"https://fd1-photos.leclercdrive.fr/image.ashx?id=1986838&use=l&cat=p&typeid=i","cat":316009},{"id":135780,"n":"Petits pots bébé P'TITE RECETTE Cabillaud 8M+ - 2x200g","p":2.27,"u":"5,68 €/KG","img":"https://fd1-photos.leclercdrive.fr/image.ashx?id=2525717&use=l&cat=p&typeid=i","cat":312236},{"id":135798,"n":"Barres céréales Extra Kellogg's  Miel - 4x32g","p":2.93,"u":"15,26 €/KG","img":"https://fd1-photos.leclercdrive.fr/image.ashx?id=3003414&use=l&cat=p&typeid=i","cat":285869},{"id":136337,"n":"AOP Côtes du Roussillon rouge Tautavel Réserve - 75cl","p":5.93,"u":"7,91 €/L","img":"https://fd1-photos.leclercdrive.fr/image.ashx?id=2552805&use=l&cat=p&typeid=i","cat":289556},{"id":136341,"n":"AOC Vacqueyras Vin rouge Domaine de la Curnière - 75cl","p":8.99,"u":"11,99 €/L","img":"https://fd1-photos.leclercdrive.fr/image.ashx?id=2908999&use=l&cat=p&typeid=i","cat":289556},{"id":136362,"n":"AOC Côtes du Rhône rouge Réserve de Bonpas - 75cl","p":5.73,"u":"7,64 €/L","img":"https://fd1-photos.leclercdrive.fr/image.ashx?id=2991202&use=l&cat=p&typeid=i","cat":289556},{"id":136373,"n":"Boîte chocolats Ferrero Rocher x27 pralines - 337g","p":12.73,"u":"37,66 €/KG","img":"https://fd1-photos.leclercdrive.fr/image.ashx?id=2940522&use=l&cat=p&typeid=i","cat":327600},{"id":136389,"n":"Oeuf Maxi Kinder Surprise Garçon - 100g","p":6.87,"u":"68,70 €/KG","img":"https://fd1-photos.leclercdrive.fr/image.ashx?id=2940513&use=l&cat=p&typeid=i","cat":284958},{"id":136445,"n":"Gateau marbré Savane Chocolat - 310g","p":2.57,"u":"8,29 €/KG","img":"https://fd1-photos.leclercdrive.fr/image.ashx?id=2870719&use=l&cat=p&typeid=i","cat":294776},{"id":136457,"n":"Pain grillé original Pasquier 415g","p":2.09,"u":"5,04 €/KG","img":"https://fd1-photos.leclercdrive.fr/image.ashx?id=2943957&use=l&cat=p&typeid=i","cat":284479},{"id":136507,"n":"Gros sel marin Bjorg Gris - 1 kg","p":1.98,"u":"1,98 €/KG","img":"https://fd1-photos.leclercdrive.fr/image.ashx?id=2105320&use=l&cat=p&typeid=i","cat":284457},{"id":136509,"n":"Sel et herbes Essentiel Bio 250g","p":3.1,"u":"12,40 €/KG","img":"https://fd1-photos.leclercdrive.fr/image.ashx?id=2560888&use=l&cat=p&typeid=i","cat":284457},{"id":136565,"n":"Galettes Lentilles Bio Hari&Co Courgettes Menthe x2 - 170 g","p":3.61,"u":"21,24 €/KG","img":"https://fd1-photos.leclercdrive.fr/image.ashx?id=2903596&use=l&cat=p&typeid=i","cat":316036},{"id":136579,"n":"Soupe liquide brique Liebig  Velouté de 12 légumes - 1L","p":1.97,"u":"1,97 €/L","img":"https://fd1-photos.leclercdrive.fr/image.ashx?id=2172645&use=l&cat=p&typeid=i","cat":284462},{"id":136585,"n":"Plat bébé soir Blédiner 15 mois pâtes crème légumes - 2x200g","p":2.69,"u":"6,73 €/KG","img":"https://fd1-photos.leclercdrive.fr/image.ashx?id=2845859&use=l&cat=p&typeid=i","cat":312239},{"id":136598,"n":"Compote Bio Village Gourdes Pomme bio - 12x90g","p":5.25,"u":"4,86 €/KG","img":"https://fd1-photos.leclercdrive.fr/image.ashx?id=2330517&use=l&cat=p&typeid=i","cat":284508},{"id":136599,"n":"Eau gazeuse aromatisée Salvetat citron - 6x50cl","p":3.18,"u":"1,06 €/L","img":"https://fd1-photos.leclercdrive.fr/image.ashx?id=2259472&use=l&cat=p&typeid=i","cat":284536},{"id":136627,"n":"Pad Thai Céréal Bio  Bio repas express - 220g","p":2.52,"u":"11,45 €/KG","img":"https://fd1-photos.leclercdrive.fr/image.ashx?id=2574089&use=l&cat=p&typeid=i","cat":288992},{"id":136645,"n":"Blé gourmand l'Original Ebly Cuisson 10min - 1kg","p":2.61,"u":"2,61 €/KG","img":"https://fd1-photos.leclercdrive.fr/image.ashx?id=2286278&use=l&cat=p&typeid=i","cat":284429},{"id":136646,"n":"Bonbons Tic Tac 100 pastilles Festival de goûts - 49g","p":1.6,"u":"32,65 €/KG","img":"https://fd1-photos.leclercdrive.fr/image.ashx?id=2758607&use=l&cat=p&typeid=i","cat":304256},{"id":136659,"n":"Pâtes fraîches Spaetzle Stoeffler - 300g","p":2.68,"u":"8,93 €/KG","img":"https://fd1-photos.leclercdrive.fr/image.ashx?id=2767522&use=l&cat=p&typeid=i","cat":333682},{"id":136670,"n":"Oignons jaunes Eco+ 1.5 Kg","p":1.69,"u":"1,13 €/KG","img":"https://fd1-photos.leclercdrive.fr/image.ashx?id=2772572&use=l&cat=p&typeid=i","cat":284352},{"id":136772,"n":"Werthers original ss chocolat 42g","p":1.95,"u":"46,43 €/KG","img":"https://fd1-photos.leclercdrive.fr/image.ashx?id=2660176&use=l&cat=p&typeid=i","cat":304252},{"id":136775,"n":"Fleur de maïs Maïzena 700g","p":2.48,"pp":1.74,"u":"2,49 €/KG","img":"https://fd1-photos.leclercdrive.fr/image.ashx?id=2328361&use=l&cat=p&typeid=i","cat":288382},{"id":136808,"n":"Biscuit pistache abricot Gerblé  - 160g","p":2.65,"u":"16,56 €/KG","img":"https://fd1-photos.leclercdrive.fr/image.ashx?id=2812711&use=l&cat=p&typeid=i","cat":318651},{"id":136813,"n":"Biscuits Bruges Delacre Boîte Assortiment - 200g","p":3.02,"u":"15,10 €/KG","img":"https://fd1-photos.leclercdrive.fr/image.ashx?id=2867966&use=l&cat=p&typeid=i","cat":284490},{"id":136814,"n":"Barre céréales Chocapic  Chocolat - 12x25g","p":4.11,"u":"13,70 €/KG","img":"https://fd1-photos.leclercdrive.fr/image.ashx?id=2846784&use=l&cat=p&typeid=i","cat":285869},{"id":136828,"n":"Pizza barchetta Grando's Prosciuto Funghi - 190g","p":2.19,"u":"11,53 €/KG","img":"https://fd1-photos.leclercdrive.fr/image.ashx?id=2760157&use=l&cat=p&typeid=i","cat":284256},{"id":136907,"n":"Mini Roc Côte d'Or Chocolat au lait - 195g","p":7.98,"u":"40,92 €/KG","img":"https://fd1-photos.leclercdrive.fr/image.ashx?id=2488088&use=l&cat=p&typeid=i","cat":327595},{"id":136930,"n":"Bonbons de Noël Milka Lait pétillant - 86g","p":3.08,"u":"35,81 €/KG","img":"https://fd1-photos.leclercdrive.fr/image.ashx?id=2834008&use=l&cat=p&typeid=i","cat":327592},{"id":136933,"n":"Kit fajita Old El Paso Tomate poivrons - 500g","p":4.55,"u":"9,10 €/KG","img":"https://fd1-photos.leclercdrive.fr/image.ashx?id=2759715&use=l&cat=p&typeid=i","cat":288993},{"id":137070,"n":"Petits pois Bio Village Bio - 420g","p":2.35,"u":"5,60 €/KG","img":"https://fd1-photos.leclercdrive.fr/image.ashx?id=3002707&use=l&cat=p&typeid=i","cat":312607},{"id":137160,"n":"IGP Clémentines fines de Corse Nos régions ont du Talent - 1kg","p":4.99,"u":"4,99 €/KG","img":"https://fd1-photos.leclercdrive.fr/image.ashx?id=2934847&use=l&cat=p&typeid=i","cat":284356},{"id":137244,"n":"Huile d'Olive vierge  Cauvin Extra Bio - 75cl","p":10.04,"u":"13,39 €/L","img":"https://fd1-photos.leclercdrive.fr/image.ashx?id=2498356&use=l&cat=p&typeid=i","cat":284453},{"id":137289,"n":"Yaourt à boire Ptit Yop Aromatisé Framboise - 6x180g","p":2.84,"u":"2,63 €/KG","img":"https://fd1-photos.leclercdrive.fr/image.ashx?id=2951797&use=l&cat=p&typeid=i","cat":284415},{"id":137298,"n":"Yaourt à boire Ptit Yop Aromatisé Panaché - 6x180g","p":2.79,"u":"2,58 €/KG","img":"https://fd1-photos.leclercdrive.fr/image.ashx?id=2985168&use=l&cat=p&typeid=i","cat":284415},{"id":137325,"n":"Lait bébé Candia Baby  croissance 3ème âge - 6x25cl","p":3.9,"u":"2,60 €/L","img":"https://fd1-photos.leclercdrive.fr/image.ashx?id=2963346&use=l&cat=p&typeid=i","cat":284728},{"id":137384,"n":"Déodorant bille Men Expert Efficacité 48h - 50ml","p":2.55,"u":"51,00 €/L","img":"https://fd1-photos.leclercdrive.fr/image.ashx?id=2300512&use=l&cat=p&typeid=i","cat":284618},{"id":137388,"n":"Gel Douche Bio Sans Savon Cadum Huile d'Amandes Douces - 500ml","p":2.14,"u":"4,28 €/L","img":"https://fd1-photos.leclercdrive.fr/image.ashx?id=2575627&use=l&cat=p&typeid=i","cat":284594},{"id":137413,"n":"Pommes Duchesse Findus 720g","p":3.19,"u":"4,43 €/KG","img":"https://fd1-photos.leclercdrive.fr/image.ashx?id=2888512&use=l&cat=p&typeid=i","cat":319792},{"id":137414,"n":"Pommes Étoile 720g","p":3.19,"u":"4,43 €/KG","img":"https://fd1-photos.leclercdrive.fr/image.ashx?id=2023134&use=l&cat=p&typeid=i","cat":319792},{"id":137427,"n":"Soin Nutri-correcteur Dessange Cheveux Blonds, Colorés - 125ml","p":6.89,"u":"55,12 €/L","img":"https://fd1-photos.leclercdrive.fr/image.ashx?id=2870689&use=l&cat=p&typeid=i","cat":284608},{"id":137436,"n":"Masque Protection Couleur Elsève Color-Vive - 310ml","p":5.08,"u":"16,39 €/L","img":"https://fd1-photos.leclercdrive.fr/image.ashx?id=2865875&use=l&cat=p&typeid=i","cat":284608},{"id":137437,"n":"gateau Savane Brossard Chocolat - 310g","p":2.66,"u":"8,58 €/KG","img":"https://fd1-photos.leclercdrive.fr/image.ashx?id=2976836&use=l&cat=p&typeid=i","cat":294776},{"id":137438,"n":"Aliment pondeuses 5kg","p":3.9,"u":"0,78 €/KG","img":"https://fd1-photos.leclercdrive.fr/image.ashx?id=2162633&use=l&cat=p&typeid=i","cat":284678},{"id":137515,"n":"Mini Roc Côte d'Or Praline - 195g","p":7.98,"u":"40,92 €/KG","img":"https://fd1-photos.leclercdrive.fr/image.ashx?id=2924791&use=l&cat=p&typeid=i","cat":327595},{"id":137517,"n":"Mini Roc Côte d'Or Praliné - 279g","p":10.78,"u":"38,64 €/KG","img":"https://fd1-photos.leclercdrive.fr/image.ashx?id=2912641&use=l&cat=p&typeid=i","cat":327595},{"id":137525,"n":"Galak Chocolat Noël  Moulage Renne - 88g","p":2.98,"u":"33,86 €/KG","img":"https://fd1-photos.leclercdrive.fr/image.ashx?id=2570604&use=l&cat=p&typeid=i","cat":327592},{"id":137554,"n":"Moulage de chocolat grand Rohan Père Noël - 150g","p":3.2,"u":"21,33 €/KG","img":"https://fd1-photos.leclercdrive.fr/image.ashx?id=1986865&use=l&cat=p&typeid=i","cat":284958},{"id":137555,"n":"Moulage de chocolat grand Rohan Rennes - 150g","p":3.2,"u":"21,33 €/KG","img":"https://fd1-photos.leclercdrive.fr/image.ashx?id=1986868&use=l&cat=p&typeid=i","cat":284958},{"id":137567,"n":"Père Noel Smarties Vert - 85g","p":2.98,"u":"35,06 €/KG","img":"https://fd1-photos.leclercdrive.fr/image.ashx?id=1985745&use=l&cat=p&typeid=i","cat":284958},{"id":137586,"n":"AOC Château-neuf Du Pape rouge Bonus Passus - 75cl","p":20.95,"u":"27,93 €/L","img":"https://fd1-photos.leclercdrive.fr/image.ashx?id=2837391&use=l&cat=p&typeid=i","cat":289556},{"id":137607,"n":"AOC Crémant d'Alsace Blanc de Noirs Wolfberger 75cl","p":7.5,"u":"10,00 €/L","img":"https://fd1-photos.leclercdrive.fr/image.ashx?id=2764200&use=l&cat=p&typeid=i","cat":284544},{"id":137608,"n":"AOC Crémant d'Alsace Riesling Wolfberger - 75cl","p":7.5,"u":"10,00 €/L","img":"https://fd1-photos.leclercdrive.fr/image.ashx?id=2764188&use=l&cat=p&typeid=i","cat":284544},{"id":137636,"n":"Feuilleté au saumon  Pierre Schmidt - 500g","p":8.99,"u":"17,98 €/KG","img":"https://fd1-photos.leclercdrive.fr/image.ashx?id=2008397&use=l&cat=p&typeid=i","cat":333666},{"id":137666,"n":"Maïs Bonduelle Sans sucres ajoutés Bio 2x140g","p":1.9,"u":"6,79 €/KG","img":"https://fd1-photos.leclercdrive.fr/image.ashx?id=2915727&use=l&cat=p&typeid=i","cat":312611},{"id":137669,"n":"Croquette chiens Mix  Fido Volaille/légumes - 2.5kg","p":5.89,"u":"2,36 €/KG","img":"https://fd1-photos.leclercdrive.fr/image.ashx?id=2973309&use=l&cat=p&typeid=i","cat":284672},{"id":137680,"n":"Croquette pour chien  Fido Croq' Mix boeuf et légumes 3kg","p":6.3,"u":"2,10 €/KG","img":"https://fd1-photos.leclercdrive.fr/image.ashx?id=2973306&use=l&cat=p&typeid=i","cat":284672},{"id":137682,"n":"Croquette pour chiens Fido Mix Poulet Légumes - 12 kg","p":22.11,"u":"1,84 €/KG","img":"https://fd1-photos.leclercdrive.fr/image.ashx?id=2973300&use=l&cat=p&typeid=i","cat":284672},{"id":137686,"n":"Croquette pour chiens Fido Boeuf & légumes - 7kg","p":14.38,"u":"2,05 €/KG","img":"https://fd1-photos.leclercdrive.fr/image.ashx?id=2973297&use=l&cat=p&typeid=i","cat":284672},{"id":137700,"n":"Compote Douceur du Verger Coupelle fruits rouges -16x100g","p":4.21,"u":"2,63 €/KG","img":"https://fd1-photos.leclercdrive.fr/image.ashx?id=2663560&use=l&cat=p&typeid=i","cat":284508},{"id":137702,"n":"Compote Douceur du Verger Coupelle fruits jaunes -16x100g","p":3.97,"u":"2,48 €/KG","img":"https://fd1-photos.leclercdrive.fr/image.ashx?id=2834890&use=l&cat=p&typeid=i","cat":284508},{"id":137703,"n":"Compote Douceur du Verger Coupelle pomme - 16x100g","p":3.55,"u":"2,22 €/KG","img":"https://fd1-photos.leclercdrive.fr/image.ashx?id=2663551&use=l&cat=p&typeid=i","cat":284508},{"id":137746,"n":"Gourmet Purina Poulet / Dinde - 8x85g","p":5.48,"u":"8,06 €/KG","img":"https://fd1-photos.leclercdrive.fr/image.ashx?id=2896795&use=l&cat=p&typeid=i","cat":285286},{"id":137754,"n":"Barquettes chat Gourmet  Coffret de la mer - 8x85g","p":6.03,"u":"8,87 €/KG","img":"https://fd1-photos.leclercdrive.fr/image.ashx?id=2861770&use=l&cat=p&typeid=i","cat":285286},{"id":137757,"n":"Tarte aux poireaux Marie Gratinée à l'Emmental - 400g","p":3.41,"u":"8,53 €/KG","img":"https://fd1-photos.leclercdrive.fr/image.ashx?id=2996680&use=l&cat=p&typeid=i","cat":284257},{"id":137759,"n":"Tarte au Chèvre Marie Tomates cerises - 400g","p":3.43,"u":"8,58 €/KG","img":"https://fd1-photos.leclercdrive.fr/image.ashx?id=2996677&use=l&cat=p&typeid=i","cat":284257},{"id":137769,"n":"Soupe liquide brique Liebig  Poireaux Pomme de Terre 2x30cl","p":1.95,"u":"3,25 €/L","img":"https://fd1-photos.leclercdrive.fr/image.ashx?id=2864327&use=l&cat=p&typeid=i","cat":284462},{"id":137772,"n":"Pancakes La fournée Dorée 350g","p":2.53,"u":"7,23 €/KG","img":"https://fd1-photos.leclercdrive.fr/image.ashx?id=2581502&use=l&cat=p&typeid=i","cat":284495},{"id":137774,"n":"Blé Tous Mes Amis 5 kg","p":3.5,"u":"0,70 €/KG","img":"https://fd1-photos.leclercdrive.fr/image.ashx?id=2162627&use=l&cat=p&typeid=i","cat":284678},{"id":137820,"n":"IGP Pays d'oc rosé Merlot Les Ormes de Cambras 12% 75 cl","p":3.5,"u":"4,67 €/L","img":"https://fd1-photos.leclercdrive.fr/image.ashx?id=2445136&use=l&cat=p&typeid=i","cat":289558},{"id":137857,"n":"Petits Pois Bonduelle Sans Arôme Ajouté 280g","p":1.23,"u":"4,39 €/KG","img":"https://fd1-photos.leclercdrive.fr/image.ashx?id=2913157&use=l&cat=p&typeid=i","cat":312607},{"id":137860,"n":"Riz long blanchi Eco+ 1kg","p":1.22,"u":"1,22 €/KG","img":"https://fd1-photos.leclercdrive.fr/image.ashx?id=2076622&use=l&cat=p&typeid=i","cat":284428},{"id":137862,"n":"Riz long étuvé Eco+ 1kg","p":1.35,"u":"1,35 €/KG","img":"https://fd1-photos.leclercdrive.fr/image.ashx?id=2076625&use=l&cat=p&typeid=i","cat":284428},{"id":137864,"n":"Riz long étuvé Eco+ 4x125g","p":0.87,"u":"1,74 €/KG","img":"https://fd1-photos.leclercdrive.fr/image.ashx?id=1991126&use=l&cat=p&typeid=i","cat":284428},{"id":137865,"n":"Compote SSA Douceur du Verger Gourdes Pomme Poire - 4x90g","p":1.23,"u":"3,42 €/KG","img":"https://fd1-photos.leclercdrive.fr/image.ashx?id=2837069&use=l&cat=p&typeid=i","cat":284508},{"id":137866,"n":"Compotes Douceur du Verger Pomme Banane - 4x90g","p":1.39,"u":"3,86 €/KG","img":"https://fd1-photos.leclercdrive.fr/image.ashx?id=2837066&use=l&cat=p&typeid=i","cat":284508},{"id":137892,"n":"Biscottes bio Bio Village sans sel ni sucres ajoutés 100g","p":2.09,"u":"6,97 €/KG","img":"https://fd1-photos.leclercdrive.fr/image.ashx?id=1987015&use=l&cat=p&typeid=i","cat":284479},{"id":137897,"n":"Bretzels bio Bio Village 150g","p":1.55,"u":"10,33 €/KG","img":"https://fd1-photos.leclercdrive.fr/image.ashx?id=2390663&use=l&cat=p&typeid=i","cat":297000},{"id":137900,"n":"Barres de céréales Grainéa Chocolat noir x6 - 126g","p":1.39,"u":"11,03 €/KG","img":"https://fd1-photos.leclercdrive.fr/image.ashx?id=2721370&use=l&cat=p&typeid=i","cat":285869},{"id":137904,"n":"Barre de céréales Grainea 126g","p":1.39,"u":"11,03 €/KG","img":"https://fd1-photos.leclercdrive.fr/image.ashx?id=2912863&use=l&cat=p&typeid=i","cat":285869},{"id":137907,"n":"Compote Douceur du Verger Coupelle pomme mangue - 4x100g","p":1.45,"u":"3,63 €/KG","img":"https://fd1-photos.leclercdrive.fr/image.ashx?id=2663548&use=l&cat=p&typeid=i","cat":284508},{"id":137908,"n":"Sardines Pêche Océan Citron basilic  135g","p":1.32,"u":"9,78 €/KG","img":"https://fd1-photos.leclercdrive.fr/image.ashx?id=2518520&use=l&cat=p&typeid=i","cat":305146},{"id":137955,"n":"Maïs ultra croquant D'Aucy 3x140g","p":2.19,"u":"5,21 €/KG","img":"https://fd1-photos.leclercdrive.fr/image.ashx?id=2429215&use=l&cat=p&typeid=i","cat":312611},{"id":137957,"n":"Maïs ultra croquant D'Aucy 285g","p":1.03,"u":"3,61 €/KG","img":"https://fd1-photos.leclercdrive.fr/image.ashx?id=2380454&use=l&cat=p&typeid=i","cat":312611},{"id":137969,"n":"Pavé fondant emmental Président 2 pièces - 200g","p":3.64,"u":"18,20 €/KG","img":"https://fd1-photos.leclercdrive.fr/image.ashx?id=2856088&use=l&cat=p&typeid=i","cat":314027},{"id":137971,"n":"Carottes rapées à la Ciboulette Pierre Martinet - 510g","p":1.98,"u":"3,88 €/KG","img":"https://fd1-photos.leclercdrive.fr/image.ashx?id=2990532&use=l&cat=p&typeid=i","cat":333657},{"id":138003,"n":"Mini BN fraise 2+1 offert - 525g","p":3.52,"u":"6,70 €/KG","img":"https://fd1-photos.leclercdrive.fr/image.ashx?id=2604500&use=l&cat=p&typeid=i","cat":284489},{"id":138076,"n":"Foie gras de canard Delpeyrat Entier du Sud-ouest - 180 g","p":23.5,"pp":15.51,"u":"86,17 €/KG","img":"https://fd1-photos.leclercdrive.fr/image.ashx?id=2905279&use=l&cat=p&typeid=i","cat":316008},{"id":138134,"n":"Nettoyant multi-usage Carolin Pivoine et musc - 1L","p":2.61,"u":"2,61 €/L","img":"https://fd1-photos.leclercdrive.fr/image.ashx?id=2494668&use=l&cat=p&typeid=i","cat":284907},{"id":138135,"n":"Nettoyant multi-usage Carolin Jasmin eucalyptus - 1L","p":2.24,"u":"2,24 €/L","img":"https://fd1-photos.leclercdrive.fr/image.ashx?id=2664145&use=l&cat=p&typeid=i","cat":284907},{"id":138193,"n":"Fromage blanc bébé Blédina 6m Vanille - 4x100g","p":3.11,"u":"7,78 €/KG","img":"https://fd1-photos.leclercdrive.fr/image.ashx?id=2636817&use=l&cat=p&typeid=i","cat":312392},{"id":138199,"n":"Repas bébé Blédichef 15 mois  Colombo de riz poisson - 250g","p":1.77,"u":"7,08 €/KG","img":"https://fd1-photos.leclercdrive.fr/image.ashx?id=2951599&use=l&cat=p&typeid=i","cat":312238},{"id":138200,"n":"Repas bébé Blédichef 15 mois  Tajine légumes poulet - 250g","p":1.78,"u":"7,12 €/KG","img":"https://fd1-photos.leclercdrive.fr/image.ashx?id=2951602&use=l&cat=p&typeid=i","cat":312238},{"id":138298,"n":"Gratte éponge + Microfibre Spontex x6","p":3.92,"u":"0,65 €/P","img":"https://fd1-photos.leclercdrive.fr/image.ashx?id=2673208&use=l&cat=p&typeid=i","cat":284667},{"id":138306,"n":"Gratin de choux fleurs jambon Fleury Michon - Lot 2+1 - 840g","p":5.47,"u":"6,51 €/KG","img":"https://fd1-photos.leclercdrive.fr/image.ashx?id=2047445&use=l&cat=p&typeid=i","cat":333665},{"id":138537,"n":"Coloration Casting Crème Gloss  400 Châtain Craquant","p":8.61,"img":"https://fd1-photos.leclercdrive.fr/image.ashx?id=2869080&use=l&cat=p&typeid=i","cat":288899},{"id":138668,"n":"Masque Cheveux Nutrition Elsève Huile Extraordinaire - 310ml","p":4.94,"u":"15,94 €/L","img":"https://fd1-photos.leclercdrive.fr/image.ashx?id=2511859&use=l&cat=p&typeid=i","cat":284608},{"id":138669,"n":"Masque reconstructeur Elsève Dream Long Cheveu Abîmé - 310ml","p":5.11,"u":"16,48 €/L","img":"https://fd1-photos.leclercdrive.fr/image.ashx?id=2278139&use=l&cat=p&typeid=i","cat":284608},{"id":139702,"n":"Pot à couvercle forme diamant Verre - 2,9 L","p":7.9,"img":"https://fd1-photos.leclercdrive.fr/image.ashx?id=2580206&use=l&cat=p&typeid=i","cat":284710},{"id":139818,"n":"Masques jetables 3 plis x50 Type IIR - Pour enfants","p":4.95,"u":"0,10 €/P","img":"https://fd1-photos.leclercdrive.fr/image.ashx?id=2002261&use=l&cat=p&typeid=i","cat":284630},{"id":141078,"n":"Clémentine de Corse bio Bio Village Barquette 500g","p":3.99,"u":"7,98 €/KG","img":"https://fd1-photos.leclercdrive.fr/image.ashx?id=2552011&use=l&cat=p&typeid=i","cat":284356},{"id":141162,"n":"Fond de veau Maggi 110g","p":2.39,"u":"21,73 €/KG","img":"https://fd1-photos.leclercdrive.fr/image.ashx?id=2917546&use=l&cat=p&typeid=i","cat":288379},{"id":141809,"n":"Friandise pour chat Dentalife Poulet - 40g","p":1.37,"u":"34,25 €/KG","img":"https://fd1-photos.leclercdrive.fr/image.ashx?id=2424716&use=l&cat=p&typeid=i","cat":285285},{"id":142197,"n":"Poche à décorer Homeside Avec douilles - 1 pièce","p":2.9,"img":"https://fd1-photos.leclercdrive.fr/image.ashx?id=2017539&use=l&cat=p&typeid=i","cat":334135},{"id":142205,"n":"Mini piques brochettes Homeside 1 pièce","p":0.64,"img":"https://fd1-photos.leclercdrive.fr/image.ashx?id=2017503&use=l&cat=p&typeid=i","cat":334135},{"id":142206,"n":"Piques brochettes Homeside 25cm - 1 pièce","p":0.62,"img":"https://fd1-photos.leclercdrive.fr/image.ashx?id=2017500&use=l&cat=p&typeid=i","cat":334135},{"id":142228,"n":"Pailles en papier Homeside x24","p":1.05,"u":"0,04 €/P","img":"https://fd1-photos.leclercdrive.fr/image.ashx?id=2017620&use=l&cat=p&typeid=i","cat":334135},{"id":142522,"n":"Ananas Del Monte en morceaux - 350g","p":2.32,"u":"6,63 €/KG","img":"https://fd1-photos.leclercdrive.fr/image.ashx?id=2029403&use=l&cat=p&typeid=i","cat":284507},{"id":142977,"n":"Yaourts Délisse Aux fruits exotiques - 8x125g","p":2.35,"u":"2,35 €/KG","img":"https://fd1-photos.leclercdrive.fr/image.ashx?id=2595540&use=l&cat=p&typeid=i","cat":284410},{"id":142978,"n":"Compotes Douceur du Verger Panachées - 16x100g","p":3.85,"u":"2,41 €/KG","img":"https://fd1-photos.leclercdrive.fr/image.ashx?id=2026857&use=l&cat=p&typeid=i","cat":284416},{"id":142993,"n":"Bloc de foie gras de canard  Maison Montfort - 260g","p":11.69,"u":"44,96 €/KG","img":"https://fd1-photos.leclercdrive.fr/image.ashx?id=2731024&use=l&cat=p&typeid=i","cat":316008},{"id":142999,"n":"Cassolette saint jacques Tipiak Royale - 2x110g","p":5.89,"u":"26,77 €/KG","img":"https://fd1-photos.leclercdrive.fr/image.ashx?id=2798096&use=l&cat=p&typeid=i","cat":319775},{"id":143001,"n":"Dosettes café Plantation CLassique - x60 - 416g","p":6.1,"u":"14,66 €/KG","img":"https://fd1-photos.leclercdrive.fr/image.ashx?id=2824289&use=l&cat=p&typeid=i","cat":293238},{"id":143037,"n":"Toast apéro Pasquier Campagne - 100g","p":1.49,"pp":1.04,"u":"10,40 €/KG","img":"https://fd1-photos.leclercdrive.fr/image.ashx?id=2600674&use=l&cat=p&typeid=i","cat":285454},{"id":143127,"n":"Pâté en croûte cocktail Original pur porc - 450g","p":4.49,"u":"9,98 €/KG","img":"https://fd1-photos.leclercdrive.fr/image.ashx?id=2116572&use=l&cat=p&typeid=i","cat":316008},{"id":143210,"n":"Pain d'épices Maison Montfort Pur miel - 150g","p":3.95,"u":"26,33 €/KG","img":"https://fd1-photos.leclercdrive.fr/image.ashx?id=2770389&use=l&cat=p&typeid=i","cat":316008},{"id":143237,"n":"Piles Eco+ AAA/LR3 - x8","p":1.27,"img":"https://fd1-photos.leclercdrive.fr/image.ashx?id=2036221&use=l&cat=p&typeid=i","cat":300572},{"id":143238,"n":"Piles Eco+ AA/LR06 - x8","p":1.27,"img":"https://fd1-photos.leclercdrive.fr/image.ashx?id=2036224&use=l&cat=p&typeid=i","cat":300572},{"id":143344,"n":"Biscottes Eco+ 90 tranches - 750g","p":2.08,"u":"2,77 €/KG","img":"https://fd1-photos.leclercdrive.fr/image.ashx?id=2662580&use=l&cat=p&typeid=i","cat":284479},{"id":143345,"n":"Biscottes Epi d'Or x108 - 900g","p":2.52,"u":"2,80 €/KG","img":"https://fd1-photos.leclercdrive.fr/image.ashx?id=2532847&use=l&cat=p&typeid=i","cat":284479},{"id":143349,"n":"Infusion detox Bio Village Bio - x20","p":1.87,"u":"62,33 €/KG","img":"https://fd1-photos.leclercdrive.fr/image.ashx?id=2672960&use=l&cat=p&typeid=i","cat":293234},{"id":143477,"n":"Dessert liégeois Viennois  Café - 4x100g","p":1.63,"u":"4,08 €/KG","img":"https://fd1-photos.leclercdrive.fr/image.ashx?id=2692110&use=l&cat=p&typeid=i","cat":285042},{"id":143478,"n":"Dessert liégeois Viennois  Chocolat - 4x100g","p":1.58,"u":"3,95 €/KG","img":"https://fd1-photos.leclercdrive.fr/image.ashx?id=2849689&use=l&cat=p&typeid=i","cat":285042},{"id":143528,"n":"Dessert liégeois Viennois  Panaché Chocolat Café - 8x100g","p":2.97,"u":"3,71 €/KG","img":"https://fd1-photos.leclercdrive.fr/image.ashx?id=2675298&use=l&cat=p&typeid=i","cat":285042},{"id":143602,"n":"Barres de céréales Grainéa Chocolat lait, noisette x6-126g","p":1.63,"u":"12,94 €/KG","img":"https://fd1-photos.leclercdrive.fr/image.ashx?id=2912875&use=l&cat=p&typeid=i","cat":285869},{"id":143603,"n":"Barre de céréales Grainéa Fruits rouges x6 - 126g","p":1.4,"u":"11,11 €/KG","img":"https://fd1-photos.leclercdrive.fr/image.ashx?id=2912869&use=l&cat=p&typeid=i","cat":285869},{"id":143605,"n":"Barre de céréales Chocolat au lait & coco - 126g","p":1.7,"u":"13,49 €/KG","img":"https://fd1-photos.leclercdrive.fr/image.ashx?id=2912872&use=l&cat=p&typeid=i","cat":285869},{"id":143812,"n":"Tomates farcies Marie Riz à la tomate - 360g","p":3.79,"u":"10,53 €/KG","img":"https://fd1-photos.leclercdrive.fr/image.ashx?id=2317483&use=l&cat=p&typeid=i","cat":333665},{"id":144367,"n":"Copeaux savon Marseille  UNI VERT - 750g","p":3.9,"u":"5,20 €/KG","img":"https://fd1-photos.leclercdrive.fr/image.ashx?id=2574470&use=l&cat=p&typeid=i","cat":325365},{"id":144475,"n":"Compote Charles & Alice Pommes - 8x100g","p":2.71,"u":"3,39 €/KG","img":"https://fd1-photos.leclercdrive.fr/image.ashx?id=2757689&use=l&cat=p&typeid=i","cat":284416},{"id":144773,"n":"Yaourt ferments lactiques Alsa 4 sachets - 8g","p":2.75,"u":"343,75 €/KG","img":"https://fd1-photos.leclercdrive.fr/image.ashx?id=2813875&use=l&cat=p&typeid=i","cat":284505},{"id":144834,"n":"Dosettes café Plantation  Corsé - x60 - 417g","p":5.79,"u":"13,88 €/KG","img":"https://fd1-photos.leclercdrive.fr/image.ashx?id=2824292&use=l&cat=p&typeid=i","cat":293238},{"id":144917,"n":"AOC Côtes du Rhône rouge Les Clefs de l'Enclave - 75cl","p":4.15,"pp":2.9,"u":"3,87 €/L","img":"https://fd1-photos.leclercdrive.fr/image.ashx?id=2830018&use=l&cat=p&typeid=i","cat":289556},{"id":145021,"n":"Charolais Grand-Est VBF Steak haché 12%MG - 500g","p":9.62,"u":"19,24 €/KG","img":"https://fd1-photos.leclercdrive.fr/image.ashx?id=2732689&use=l&cat=p&typeid=i","cat":284332},{"id":145041,"n":"Dattes Couleurs Vives Moelleuses - 250g","p":1.99,"u":"7,96 €/KG","img":"https://fd1-photos.leclercdrive.fr/image.ashx?id=2543938&use=l&cat=p&typeid=i","cat":284357},{"id":145056,"n":"Duo raclette Le Montagnon Lait cru et morbier - 2x200g","p":10.74,"u":"26,85 €/KG","img":"https://fd1-photos.leclercdrive.fr/image.ashx?id=2595251&use=l&cat=p&typeid=i","cat":314036},{"id":145065,"n":"Dés fromage Origan Basilic Les Croisés - 300g","p":2.83,"u":"9,43 €/KG","img":"https://fd1-photos.leclercdrive.fr/image.ashx?id=2744243&use=l&cat=p&typeid=i","cat":314027},{"id":145109,"n":"Rasoir 3 lames Gillette Fusion 5 - 1 pièce","p":13.54,"img":"https://fd1-photos.leclercdrive.fr/image.ashx?id=2542621&use=l&cat=p&typeid=i","cat":284616},{"id":145115,"n":"Anti-moustiques Labo Marie Rose Répulsif & apaisant 6h - 100ml","p":7.29,"u":"72,90 €/L","img":"https://fd1-photos.leclercdrive.fr/image.ashx?id=2666743&use=l&cat=p&typeid=i","cat":299654},{"id":145117,"n":"Coupe-ongles Mercurochrome 1 pièce","p":3.85,"img":"https://fd1-photos.leclercdrive.fr/image.ashx?id=2665616&use=l&cat=p&typeid=i","cat":325354},{"id":145120,"n":"Préservatifs Classic Lubrifiés - x14","p":4.64,"img":"https://fd1-photos.leclercdrive.fr/image.ashx?id=2848704&use=l&cat=p&typeid=i","cat":284631},{"id":145121,"n":"Préservatifs Classic Intimy Lubrifiés - x28","p":8.84,"u":"0,32 €/P","img":"https://fd1-photos.leclercdrive.fr/image.ashx?id=2927324&use=l&cat=p&typeid=i","cat":284631},{"id":145130,"n":"Rasoir Gillette Skinguard Sensitive aloé vera - 1 pièce","p":13.89,"img":"https://fd1-photos.leclercdrive.fr/image.ashx?id=2569914&use=l&cat=p&typeid=i","cat":284616},{"id":145200,"n":"Chapelure Bloch 250g","p":1.45,"u":"5,80 €/KG","img":"https://fd1-photos.leclercdrive.fr/image.ashx?id=2041816&use=l&cat=p&typeid=i","cat":288382},{"id":145205,"n":"Eau de roses Christian Lenart 200ml","p":3.83,"u":"19,15 €/L","img":"https://fd1-photos.leclercdrive.fr/image.ashx?id=2036140&use=l&cat=p&typeid=i","cat":284603},{"id":145209,"n":"Pomme de terre grenailles bio Bio Village - 750g","p":1.99,"u":"2,65 €/KG","img":"https://fd1-photos.leclercdrive.fr/image.ashx?id=2960574&use=l&cat=p&typeid=i","cat":284352},{"id":145217,"n":"Préservatifs Durex Confort XXL Extra Large Forme Droite x10","p":6.97,"u":"0,70 €/P","img":"https://fd1-photos.leclercdrive.fr/image.ashx?id=2862119&use=l&cat=p&typeid=i","cat":284631},{"id":145231,"n":"Pansement liquide Mercurochrome Crevasses  - 1 pièce","p":7.83,"u":"166,60 €/KG","img":"https://fd1-photos.leclercdrive.fr/image.ashx?id=2537944&use=l&cat=p&typeid=i","cat":284630},{"id":145238,"n":"Liquide vaisselle Paic Hygiène Sels et minéraux - 750ml","p":3.07,"u":"4,09 €/L","img":"https://fd1-photos.leclercdrive.fr/image.ashx?id=2260890&use=l&cat=p&typeid=i","cat":284655},{"id":145252,"n":"Tests grossesse Mercurochrome x3","p":9.98,"u":"3,33 €/P","img":"https://fd1-photos.leclercdrive.fr/image.ashx?id=2036533&use=l&cat=p&typeid=i","cat":324482},{"id":145355,"n":"Purée Douceur du Verger Pomme fraise - x4 - 400g","p":1.3,"u":"3,25 €/KG","img":"https://fd1-photos.leclercdrive.fr/image.ashx?id=2662631&use=l&cat=p&typeid=i","cat":284416},{"id":145366,"n":"Rapé 3 fromages Bio Village Bio - 200g","p":2.59,"u":"12,95 €/KG","img":"https://fd1-photos.leclercdrive.fr/image.ashx?id=2036821&use=l&cat=p&typeid=i","cat":314035},{"id":145409,"n":"Noisettes Bio Village Bio Décortiquées - 125g","p":2.38,"u":"19,04 €/KG","img":"https://fd1-photos.leclercdrive.fr/image.ashx?id=2036865&use=l&cat=p&typeid=i","cat":284357},{"id":145410,"n":"Amandes grillées Couleurs Vives Décortiquées - non salé - 250g","p":3.46,"u":"13,84 €/KG","img":"https://fd1-photos.leclercdrive.fr/image.ashx?id=2542929&use=l&cat=p&typeid=i","cat":284357},{"id":145411,"n":"Filet de cabillaud Pêche Océan MSC - x4 - 400g","p":7.89,"u":"19,73 €/KG","img":"https://fd1-photos.leclercdrive.fr/image.ashx?id=2930129&use=l&cat=p&typeid=i","cat":319786},{"id":145491,"n":"Peau chamoisée multiusage Tech9 Taille S - 30x45cm - 1 pièce","p":5.45,"img":"https://fd1-photos.leclercdrive.fr/image.ashx?id=2068417&use=l&cat=p&typeid=i","cat":298252},{"id":145500,"n":"Chips extra croquante Vico 150g","p":1.13,"u":"7,53 €/KG","img":"https://fd1-photos.leclercdrive.fr/image.ashx?id=2917822&use=l&cat=p&typeid=i","cat":284447},{"id":145513,"n":"Fond de veau Kubor Maggi Dégraissé - 100g","p":2.39,"u":"23,90 €/KG","img":"https://fd1-photos.leclercdrive.fr/image.ashx?id=2917540&use=l&cat=p&typeid=i","cat":288379},{"id":145516,"n":"Gourde bébé bio Bio Village Pomme poire vanille - 4x90g","p":2.79,"u":"7,75 €/KG","img":"https://fd1-photos.leclercdrive.fr/image.ashx?id=2704867&use=l&cat=p&typeid=i","cat":312393},{"id":145559,"n":"Fond de volaille Maggi 110g","p":2.69,"u":"24,45 €/KG","img":"https://fd1-photos.leclercdrive.fr/image.ashx?id=2917549&use=l&cat=p&typeid=i","cat":288379},{"id":145560,"n":"Frites rustique Pom'lisse 600g","p":1.99,"u":"3,32 €/KG","img":"https://fd1-photos.leclercdrive.fr/image.ashx?id=2770690&use=l&cat=p&typeid=i","cat":319791},{"id":145563,"n":"Sirop d'érable bio Bio Village 250g","p":4.15,"u":"16,60 €/KG","img":"https://fd1-photos.leclercdrive.fr/image.ashx?id=2037860&use=l&cat=p&typeid=i","cat":287643},{"id":145598,"n":"Gourde bébé bio Bio Village Pomme Banane Myrtille - 4x90g","p":2.79,"u":"7,75 €/KG","img":"https://fd1-photos.leclercdrive.fr/image.ashx?id=2878759&use=l&cat=p&typeid=i","cat":312393},{"id":145901,"n":"Film fraîcheur Albal Découpe Facile - 20m","p":2.0,"img":"https://fd1-photos.leclercdrive.fr/image.ashx?id=2551456&use=l&cat=p&typeid=i","cat":334134},{"id":145950,"n":"AOC Vin blanc Gewurztraminer Albert Schoech - 75cl","p":5.6,"u":"7,47 €/L","img":"https://fd1-photos.leclercdrive.fr/image.ashx?id=2042133&use=l&cat=p&typeid=i","cat":289557},{"id":146060,"n":"Gazpacho L'Original Alvalle 1L","p":3.56,"u":"3,56 €/L","img":"https://fd1-photos.leclercdrive.fr/image.ashx?id=2672047&use=l&cat=p&typeid=i","cat":284355},{"id":146127,"n":"Sauce Bourgyburger Colona tube 500ml","p":3.03,"u":"6,06 €/L","img":"https://fd1-photos.leclercdrive.fr/image.ashx?id=2179049&use=l&cat=p&typeid=i","cat":318431},{"id":146130,"n":"AOP Muscadet Sèvre et Maine Sur Lie blanc Plessis Duval - 75 cl","p":5.83,"u":"7,77 €/L","img":"https://fd1-photos.leclercdrive.fr/image.ashx?id=2941044&use=l&cat=p&typeid=i","cat":289557},{"id":146330,"n":"Yaourts brassés Bio Village Fruits rouges bio - 8x125g","p":3.35,"u":"3,35 €/KG","img":"https://fd1-photos.leclercdrive.fr/image.ashx?id=2706670&use=l&cat=p&typeid=i","cat":284410},{"id":146331,"n":"Yaourts brassés Bio Village Bio - Fruits jaunes  - 8x125g","p":3.35,"u":"3,35 €/KG","img":"https://fd1-photos.leclercdrive.fr/image.ashx?id=2841980&use=l&cat=p&typeid=i","cat":284410},{"id":146366,"n":"Quiche Lorraine Marie Pur beurre - 400g","p":3.45,"u":"8,63 €/KG","img":"https://fd1-photos.leclercdrive.fr/image.ashx?id=2996674&use=l&cat=p&typeid=i","cat":284257},{"id":146412,"n":"Infusion bio Jardin Bio Digestion légère x20 - 30g","p":2.62,"u":"87,33 €/KG","img":"https://fd1-photos.leclercdrive.fr/image.ashx?id=2792603&use=l&cat=p&typeid=i","cat":293234},{"id":146413,"n":"Infusion bio Jardin Bio Détente sommeil x20 - 30g","p":2.61,"u":"87,00 €/KG","img":"https://fd1-photos.leclercdrive.fr/image.ashx?id=3011449&use=l&cat=p&typeid=i","cat":293234},{"id":146414,"n":"Infusion bio Jardin Bio Nuits paisibles x20 - 30g","p":2.79,"u":"93,00 €/KG","img":"https://fd1-photos.leclercdrive.fr/image.ashx?id=2792612&use=l&cat=p&typeid=i","cat":293234},{"id":146415,"n":"Infusion Jardin Bio Bio digestion - x20 - 30g","p":2.51,"u":"83,67 €/KG","img":"https://fd1-photos.leclercdrive.fr/image.ashx?id=2792615&use=l&cat=p&typeid=i","cat":293234},{"id":146417,"n":"Infusion Jardin Bio Bio Thym citron - 30g - x20","p":2.56,"u":"85,33 €/KG","img":"https://fd1-photos.leclercdrive.fr/image.ashx?id=2792621&use=l&cat=p&typeid=i","cat":293234},{"id":146418,"n":"Infusion Jardin Bio Bio ventre plat - x20 - 30g","p":2.56,"u":"85,33 €/KG","img":"https://fd1-photos.leclercdrive.fr/image.ashx?id=2986564&use=l&cat=p&typeid=i","cat":293234},{"id":146419,"n":"Infusion Jardin Bio Bio bruleur de graisse x20 -30g","p":2.56,"u":"85,33 €/KG","img":"https://fd1-photos.leclercdrive.fr/image.ashx?id=2968322&use=l&cat=p&typeid=i","cat":293234},{"id":146421,"n":"Infusion Jardin Bio Bio detox - x20 - 30g","p":2.68,"u":"89,33 €/KG","img":"https://fd1-photos.leclercdrive.fr/image.ashx?id=2792630&use=l&cat=p&typeid=i","cat":293234},{"id":146422,"n":"Thé vert Jardin Bio Bio minceur - x20 - 30g","p":2.56,"u":"85,33 €/KG","img":"https://fd1-photos.leclercdrive.fr/image.ashx?id=2948066&use=l&cat=p&typeid=i","cat":293233},{"id":146425,"n":"Thé Jardin Bio Bio détox - x20 - 30g","p":2.47,"u":"82,33 €/KG","img":"https://fd1-photos.leclercdrive.fr/image.ashx?id=2578205&use=l&cat=p&typeid=i","cat":293233},{"id":146426,"n":"Thé vert bio Jardin Bio Gingembre citron vert x20 - 30g","p":2.59,"u":"86,33 €/KG","img":"https://fd1-photos.leclercdrive.fr/image.ashx?id=3011452&use=l&cat=p&typeid=i","cat":293233},{"id":146739,"n":"Maïs Bonduelle Sans Résidu Pesticides - 3x140g","p":2.35,"u":"5,60 €/KG","img":"https://fd1-photos.leclercdrive.fr/image.ashx?id=2913133&use=l&cat=p&typeid=i","cat":312611},{"id":146891,"n":"Gourde bébé bio Bio Village Pomme biscuit - 4x90g","p":2.79,"u":"7,75 €/KG","img":"https://fd1-photos.leclercdrive.fr/image.ashx?id=2704873&use=l&cat=p&typeid=i","cat":312393},{"id":146894,"n":"Gourde bébé bio Bio Village Semoule cacao - 4x85g","p":3.02,"u":"8,88 €/KG","img":"https://fd1-photos.leclercdrive.fr/image.ashx?id=2704861&use=l&cat=p&typeid=i","cat":312393},{"id":146916,"n":"Préparation alsa Crème Pâtissière - 390g","p":2.84,"u":"7,28 €/KG","img":"https://fd1-photos.leclercdrive.fr/image.ashx?id=3007990&use=l&cat=p&typeid=i","cat":284505},{"id":147002,"n":"Feuilleté de Mousse La Laitière Chocolat - 4x57g","p":1.71,"u":"7,50 €/KG","img":"https://fd1-photos.leclercdrive.fr/image.ashx?id=2858594&use=l&cat=p&typeid=i","cat":284417},{"id":147009,"n":"Chewing-gum Mentos Pure Fresh  Fraise sans sucres - 100g","p":4.6,"u":"46,00 €/KG","img":"https://fd1-photos.leclercdrive.fr/image.ashx?id=2659804&use=l&cat=p&typeid=i","cat":304251},{"id":147045,"n":"Farine de blé pâtissière Bio Naturaline - 1kg","p":2.43,"u":"2,43 €/KG","img":"https://fd1-photos.leclercdrive.fr/image.ashx?id=2295010&use=l&cat=p&typeid=i","cat":288382},{"id":147046,"n":"Flocons d'avoine baby Bio Naturaline - 500g","p":2.45,"u":"4,90 €/KG","img":"https://fd1-photos.leclercdrive.fr/image.ashx?id=2504992&use=l&cat=p&typeid=i","cat":309512},{"id":147048,"n":"Quinoa Bio Naturaline 500g","p":4.92,"u":"9,84 €/KG","img":"https://fd1-photos.leclercdrive.fr/image.ashx?id=2295037&use=l&cat=p&typeid=i","cat":284429},{"id":147050,"n":"Gressin au sésame bio Naturaline - 125g","p":1.68,"u":"13,44 €/KG","img":"https://fd1-photos.leclercdrive.fr/image.ashx?id=2344816&use=l&cat=p&typeid=i","cat":297000},{"id":147053,"n":"Bretzels royales bio Épeautre au sésame - 125g","p":2.01,"u":"16,08 €/KG","img":"https://fd1-photos.leclercdrive.fr/image.ashx?id=2925382&use=l&cat=p&typeid=i","cat":297000},{"id":147054,"n":"Bretzels d'épeautre bio à l'huile d'olive - 150g","p":1.73,"u":"11,53 €/KG","img":"https://fd1-photos.leclercdrive.fr/image.ashx?id=2295040&use=l&cat=p&typeid=i","cat":297000},{"id":147055,"n":"Sachet party mix Boehli 400g","p":2.18,"u":"5,45 €/KG","img":"https://fd1-photos.leclercdrive.fr/image.ashx?id=2462538&use=l&cat=p&typeid=i","cat":297000},{"id":147058,"n":"Sachet bretzels d'Alsace Boehli 200g","p":1.01,"u":"5,05 €/KG","img":"https://fd1-photos.leclercdrive.fr/image.ashx?id=2462307&use=l&cat=p&typeid=i","cat":297000},{"id":147065,"n":"Biscuits salés Boehli Pavot Sésame Tubo 200g","p":1.59,"u":"7,95 €/KG","img":"https://fd1-photos.leclercdrive.fr/image.ashx?id=2475675&use=l&cat=p&typeid=i","cat":297000},{"id":147076,"n":"Bouillon Cube Maggi Volaille - 80g","p":0.91,"u":"11,38 €/KG","img":"https://fd1-photos.leclercdrive.fr/image.ashx?id=2737036&use=l&cat=p&typeid=i","cat":288379},{"id":147081,"n":"AOC Pinot gris Vin blanc Cattin Frères Médaillé - 75cl","p":5.7,"u":"7,60 €/L","img":"https://fd1-photos.leclercdrive.fr/image.ashx?id=2365171&use=l&cat=p&typeid=i","cat":289557},{"id":147107,"n":"Purée de fruits Charles & Alice Fruits Panaché - 12x100g","p":4.49,"u":"3,74 €/KG","img":"https://fd1-photos.leclercdrive.fr/image.ashx?id=2908051&use=l&cat=p&typeid=i","cat":284416},{"id":147119,"n":"Lave glace Tech 9 -20°C - 5L","p":5.99,"u":"1,20 €/L","img":"https://fd1-photos.leclercdrive.fr/image.ashx?id=2054896&use=l&cat=p&typeid=i","cat":298252},{"id":147121,"n":"Grande galette La Mère Poulard x3 - 405g","p":3.14,"u":"7,75 €/KG","img":"https://fd1-photos.leclercdrive.fr/image.ashx?id=2552176&use=l&cat=p&typeid=i","cat":284487},{"id":147127,"n":"Spray dégraissant Clair Savon noir - 750ml","p":2.05,"u":"2,73 €/L","img":"https://fd1-photos.leclercdrive.fr/image.ashx?id=2840389&use=l&cat=p&typeid=i","cat":325357},{"id":147128,"n":"Coton carré Bio Bionaïa x80","p":2.99,"u":"0,04 €/P","img":"https://fd1-photos.leclercdrive.fr/image.ashx?id=2558832&use=l&cat=p&typeid=i","cat":285593},{"id":147186,"n":"Cuisse de poulet blanc Maître Coq - 1kg","p":5.85,"u":"5,85 €/KG","img":"https://fd1-photos.leclercdrive.fr/image.ashx?id=2855157&use=l&cat=p&typeid=i","cat":284336},{"id":147189,"n":"Filet de poulet Maitre Coq Jaune - Nourri au maïs - 720g","p":8.89,"u":"12,35 €/KG","img":"https://fd1-photos.leclercdrive.fr/image.ashx?id=2855142&use=l&cat=p&typeid=i","cat":284336},{"id":147194,"n":"Haut de cuisse Maitre Coq Poulet blanc nourri au blé 750g","p":4.33,"u":"5,77 €/KG","img":"https://fd1-photos.leclercdrive.fr/image.ashx?id=2855882&use=l&cat=p&typeid=i","cat":284336},{"id":147196,"n":"Pilon de poulet Maitre Coq Blanc - Nourri au blé - 750g","p":4.51,"u":"6,01 €/KG","img":"https://fd1-photos.leclercdrive.fr/image.ashx?id=2855522&use=l&cat=p&typeid=i","cat":284336},{"id":147224,"n":"Capsules Nescafé Dolce Gusto  Espresso - x30","p":7.72,"u":"46,79 €/KG","img":"https://fd1-photos.leclercdrive.fr/image.ashx?id=2737105&use=l&cat=p&typeid=i","cat":293239},{"id":147237,"n":"Compote Douceur du Verger    Bocal pomme morceaux - 730g","p":1.74,"u":"2,38 €/KG","img":"https://fd1-photos.leclercdrive.fr/image.ashx?id=2663563&use=l&cat=p&typeid=i","cat":284508},{"id":147244,"n":"Dessert kiwi et pommes NRT 570g","p":3.55,"u":"6,23 €/KG","img":"https://fd1-photos.leclercdrive.fr/image.ashx?id=2840013&use=l&cat=p&typeid=i","cat":284508},{"id":147248,"n":"Muesli  Grainea chocolat Noisette 350g","p":2.84,"u":"8,11 €/KG","img":"https://fd1-photos.leclercdrive.fr/image.ashx?id=2077358&use=l&cat=p&typeid=i","cat":309512},{"id":147251,"n":"Préparation Crème Anglaise alsa Vanille des Isles - 300g","p":2.47,"u":"8,23 €/KG","img":"https://fd1-photos.leclercdrive.fr/image.ashx?id=2999826&use=l&cat=p&typeid=i","cat":284504},{"id":147254,"n":"Confiture Eco+ Fraise - 450g","p":1.14,"u":"2,53 €/KG","img":"https://fd1-photos.leclercdrive.fr/image.ashx?id=2953200&use=l&cat=p&typeid=i","cat":284480},{"id":147255,"n":"Confiture Eco+ Abricot - 450g","p":1.23,"u":"2,73 €/KG","img":"https://fd1-photos.leclercdrive.fr/image.ashx?id=2953203&use=l&cat=p&typeid=i","cat":284480},{"id":147262,"n":"Edulcorant Purevia Spécial Pâtisserie - 380g","p":4.63,"u":"12,18 €/KG","img":"https://fd1-photos.leclercdrive.fr/image.ashx?id=2417306&use=l&cat=p&typeid=i","cat":324846},{"id":147266,"n":"Galettes lentilles corail Bio Hari&Co x2 - 170g","p":3.64,"u":"21,41 €/KG","img":"https://fd1-photos.leclercdrive.fr/image.ashx?id=2903599&use=l&cat=p&typeid=i","cat":316036},{"id":147296,"n":"Gourde Bio Village - 6 mois Bio - 6x90g","p":4.39,"u":"8,13 €/KG","img":"https://fd1-photos.leclercdrive.fr/image.ashx?id=2704879&use=l&cat=p&typeid=i","cat":312393},{"id":147359,"n":"Boisson tablette d'Or Instantanée cacao 800g","p":3.79,"u":"4,74 €/KG","img":"https://fd1-photos.leclercdrive.fr/image.ashx?id=2047904&use=l&cat=p&typeid=i","cat":293235},{"id":147420,"n":"Knacks d'Alsace  L'Atelier Charcuterie - 300g","p":3.8,"u":"12,67 €/KG","img":"https://fd1-photos.leclercdrive.fr/image.ashx?id=2989772&use=l&cat=p&typeid=i","cat":316012},{"id":147422,"n":"Bière Brewdog Punk IPA 33cl","p":2.44,"u":"7,39 €/L","img":"https://fd1-photos.leclercdrive.fr/image.ashx?id=2941859&use=l&cat=p&typeid=i","cat":334872},{"id":147424,"n":"Saucisse de Montbéliard à cuire L'Atelier Charcuterie - 2x150g","p":4.49,"u":"14,97 €/KG","img":"https://fd1-photos.leclercdrive.fr/image.ashx?id=2069973&use=l&cat=p&typeid=i","cat":316012},{"id":147431,"n":"Yaourt à la grecque YAOS Nature lit de framboises 4x125g","p":2.66,"u":"5,32 €/KG","img":"https://fd1-photos.leclercdrive.fr/image.ashx?id=2654575&use=l&cat=p&typeid=i","cat":314999},{"id":147443,"n":"Stick torsades Tous mes amis x4 - 70g","p":0.72,"u":"10,29 €/KG","img":"https://fd1-photos.leclercdrive.fr/image.ashx?id=2361733&use=l&cat=p&typeid=i","cat":294527},{"id":147444,"n":"Snack récompense Tous mes amis Fromage boeuf - 140g","p":1.39,"u":"9,93 €/KG","img":"https://fd1-photos.leclercdrive.fr/image.ashx?id=2345565&use=l&cat=p&typeid=i","cat":294527},{"id":147449,"n":"Granola Grainea Chocolat noir amandes - 350g","p":2.75,"u":"7,86 €/KG","img":"https://fd1-photos.leclercdrive.fr/image.ashx?id=2611949&use=l&cat=p&typeid=i","cat":309512},{"id":147454,"n":"Granola Grainea 350g","p":2.69,"u":"7,69 €/KG","img":"https://fd1-photos.leclercdrive.fr/image.ashx?id=2568340&use=l&cat=p&typeid=i","cat":309512},{"id":147455,"n":"Capsules café Plantation Décaféiné n°5 - x30 - 156g","p":5.19,"u":"33,27 €/KG","img":"https://fd1-photos.leclercdrive.fr/image.ashx?id=2874741&use=l&cat=p&typeid=i","cat":284749},{"id":147456,"n":"Capsules café Plantation Ristretto n°12 - x30 - 156g","p":5.19,"u":"33,27 €/KG","img":"https://fd1-photos.leclercdrive.fr/image.ashx?id=2867263&use=l&cat=p&typeid=i","cat":284749},{"id":147464,"n":"Infusion bien-être Jardin Bio Bio x20 - 28g","p":2.82,"u":"100,71 €/KG","img":"https://fd1-photos.leclercdrive.fr/image.ashx?id=2792606&use=l&cat=p&typeid=i","cat":293234},{"id":147465,"n":"Infusion Jardin Bio Bio calme & Sérénité x20 - 30g","p":2.78,"u":"92,67 €/KG","img":"https://fd1-photos.leclercdrive.fr/image.ashx?id=2792618&use=l&cat=p&typeid=i","cat":293234},{"id":147472,"n":"Eponge maxi 1 pièce","p":2.29,"img":"https://fd1-photos.leclercdrive.fr/image.ashx?id=2068381&use=l&cat=p&typeid=i","cat":298252},{"id":147474,"n":"Coupe ongles Primoplast 1 pièce","p":2.0,"img":"https://fd1-photos.leclercdrive.fr/image.ashx?id=2833008&use=l&cat=p&typeid=i","cat":325354},{"id":147487,"n":"Noix de Pécan grillée sans sel Daco Bello 125g","p":4.5,"u":"36,00 €/KG","img":"https://fd1-photos.leclercdrive.fr/image.ashx?id=2298553&use=l&cat=p&typeid=i","cat":284448},{"id":147517,"n":"Merlu & riz D'Aucy Sauce beurre blanc - 300g","p":2.88,"u":"9,60 €/KG","img":"https://fd1-photos.leclercdrive.fr/image.ashx?id=2103184&use=l&cat=p&typeid=i","cat":284953},{"id":147519,"n":"Moulin poivre Ducros 35g","p":3.0,"u":"85,71 €/KG","img":"https://fd1-photos.leclercdrive.fr/image.ashx?id=2498678&use=l&cat=p&typeid=i","cat":284457},{"id":147523,"n":"Gel douche Bionaïa Framboise orange bio - 250ml","p":1.43,"u":"5,72 €/L","img":"https://fd1-photos.leclercdrive.fr/image.ashx?id=2538137&use=l&cat=p&typeid=i","cat":284594},{"id":147524,"n":"Gel douche Bionaïa Miel fleur d'oranger bio -250ml","p":1.43,"u":"5,72 €/L","img":"https://fd1-photos.leclercdrive.fr/image.ashx?id=2512487&use=l&cat=p&typeid=i","cat":284594},{"id":147527,"n":"Huile bio Bio naïa Ricin - 50ml","p":3.99,"u":"79,80 €/L","img":"https://fd1-photos.leclercdrive.fr/image.ashx?id=2929885&use=l&cat=p&typeid=i","cat":325349},{"id":147528,"n":"Huile bio Bio naïa Amande douce - 50ml","p":3.79,"u":"75,80 €/L","img":"https://fd1-photos.leclercdrive.fr/image.ashx?id=2436720&use=l&cat=p&typeid=i","cat":325349},{"id":147529,"n":"Blocs WC Eco + Parfum pin - 3x40g","p":1.17,"u":"9,75 €/KG","img":"https://fd1-photos.leclercdrive.fr/image.ashx?id=2849560&use=l&cat=p&typeid=i","cat":284662},{"id":147531,"n":"Bain moussant Eco + Pêche - 750ml","p":0.52,"u":"0,69 €/L","img":"https://fd1-photos.leclercdrive.fr/image.ashx?id=2779175&use=l&cat=p&typeid=i","cat":284594},{"id":147532,"n":"Crème à récurer Eco + Parfum citron - 750ml","p":0.6,"u":"0,80 €/L","img":"https://fd1-photos.leclercdrive.fr/image.ashx?id=2840731&use=l&cat=p&typeid=i","cat":325357},{"id":147533,"n":"Dentifrice arôme menthe Eco + 125ml","p":0.73,"u":"5,84 €/L","img":"https://fd1-photos.leclercdrive.fr/image.ashx?id=2489083&use=l&cat=p&typeid=i","cat":284612},{"id":147536,"n":"Liquide vaisselle Eco + Concentré citron - 500ml","p":0.42,"u":"0,84 €/L","img":"https://fd1-photos.leclercdrive.fr/image.ashx?id=2861407&use=l&cat=p&typeid=i","cat":284655},{"id":147537,"n":"Nettoyant ménager Eco + Citron - 2L","p":1.11,"u":"0,56 €/L","img":"https://fd1-photos.leclercdrive.fr/image.ashx?id=2946148&use=l&cat=p&typeid=i","cat":284907},{"id":147539,"n":"Capsules café Plantation Café au lait - x16 - 152g","p":3.29,"u":"21,64 €/KG","img":"https://fd1-photos.leclercdrive.fr/image.ashx?id=2649750&use=l&cat=p&typeid=i","cat":293239},{"id":147543,"n":"Gel WC détartrant Eco + Citron - 750ml","p":0.59,"u":"0,79 €/L","img":"https://fd1-photos.leclercdrive.fr/image.ashx?id=2836304&use=l&cat=p&typeid=i","cat":284662},{"id":147544,"n":"Pastilles lave-vaisselle Eco + x50 - 750g","p":2.59,"u":"3,45 €/KG","img":"https://fd1-photos.leclercdrive.fr/image.ashx?id=2865032&use=l&cat=p&typeid=i","cat":284656},{"id":147545,"n":"Pastilles anti-calcaire Eco + x20","p":1.25,"u":"0,06 €/P","img":"https://fd1-photos.leclercdrive.fr/image.ashx?id=2603853&use=l&cat=p&typeid=i","cat":284653},{"id":147546,"n":"Poudre détachante Eco + 1,2kg","p":3.29,"u":"2,74 €/KG","img":"https://fd1-photos.leclercdrive.fr/image.ashx?id=2596769&use=l&cat=p&typeid=i","cat":284651},{"id":147549,"n":"Désodorisant mèche Eco + Parfum marine - 375ml","p":1.27,"u":"3,39 €/L","img":"https://fd1-photos.leclercdrive.fr/image.ashx?id=2347507&use=l&cat=p&typeid=i","cat":311628},{"id":147550,"n":"Nettoyant vitres Eco + 1L","p":0.76,"u":"0,76 €/L","img":"https://fd1-photos.leclercdrive.fr/image.ashx?id=2834993&use=l&cat=p&typeid=i","cat":325363},{"id":147623,"n":"Culottes Lotus Baby Douceur Naturelle Taille 4 - x32","p":15.3,"img":"https://fd1-photos.leclercdrive.fr/image.ashx?id=3011869&use=l&cat=p&typeid=i","cat":290633},{"id":147625,"n":"Couches Lotus Baby  Douceur Naturelle T3 - x43","p":15.34,"u":"0,36 €/P","img":"https://fd1-photos.leclercdrive.fr/image.ashx?id=3011875&use=l&cat=p&typeid=i","cat":284737},{"id":147626,"n":"Couches Lotus Baby Douceur Naturelle Taille 4 - x37","p":13.86,"u":"0,37 €/P","img":"https://fd1-photos.leclercdrive.fr/image.ashx?id=2914768&use=l&cat=p&typeid=i","cat":284737},{"id":147627,"n":"Couches Lotus Baby Douceur Naturelle Taille 4+ - x35","p":14.0,"u":"0,40 €/P","img":"https://fd1-photos.leclercdrive.fr/image.ashx?id=2912617&use=l&cat=p&typeid=i","cat":284737},{"id":147628,"n":"Couches Lotus Baby Douceur Naturelle Taille 5 - x35","p":15.01,"u":"0,43 €/P","img":"https://fd1-photos.leclercdrive.fr/image.ashx?id=2980103&use=l&cat=p&typeid=i","cat":284737},{"id":147678,"n":"Rillettes de saumon Ronde des Mers - 125g","p":1.58,"u":"12,64 €/KG","img":"https://fd1-photos.leclercdrive.fr/image.ashx?id=2436708&use=l&cat=p&typeid=i","cat":305147},{"id":147692,"n":"Fond pour rôtis Maggi 110g","p":2.42,"u":"22,00 €/KG","img":"https://fd1-photos.leclercdrive.fr/image.ashx?id=2917543&use=l&cat=p&typeid=i","cat":288379},{"id":147942,"n":"Eau micellaire Inell Biphase - 500ml","p":3.85,"u":"7,70 €/L","img":"https://fd1-photos.leclercdrive.fr/image.ashx?id=2051768&use=l&cat=p&typeid=i","cat":284603},{"id":147999,"n":"Emincé de saucisse de viande Tempé - 200g","p":2.9,"u":"14,50 €/KG","img":"https://fd1-photos.leclercdrive.fr/image.ashx?id=2411776&use=l&cat=p&typeid=i","cat":316011},{"id":148013,"n":"Bocal d'artichauts Notre jardin Grillés - 115g","p":1.99,"u":"17,30 €/KG","img":"https://fd1-photos.leclercdrive.fr/image.ashx?id=2578641&use=l&cat=p&typeid=i","cat":312611},{"id":148023,"n":"Pois cassés Bio Village Bio 500g","p":1.99,"u":"3,98 €/KG","img":"https://fd1-photos.leclercdrive.fr/image.ashx?id=3002701&use=l&cat=p&typeid=i","cat":284430},{"id":148027,"n":"Pois chiche Bio Village Bio - 500g","p":1.99,"u":"3,98 €/KG","img":"https://fd1-photos.leclercdrive.fr/image.ashx?id=3002704&use=l&cat=p&typeid=i","cat":284430},{"id":148037,"n":"Purée de tomates italiennes 700g","p":1.85,"u":"2,64 €/KG","img":"https://fd1-photos.leclercdrive.fr/image.ashx?id=3011680&use=l&cat=p&typeid=i","cat":289010},{"id":148070,"n":"Thermomètre Primoplast Electronique - 1 pièce","p":3.89,"img":"https://fd1-photos.leclercdrive.fr/image.ashx?id=2856597&use=l&cat=p&typeid=i","cat":284630},{"id":148073,"n":"Crème fixative Polident Soin & Tolérance - 70g","p":5.13,"u":"73,29 €/KG","img":"https://fd1-photos.leclercdrive.fr/image.ashx?id=2276195&use=l&cat=p&typeid=i","cat":285158},{"id":148079,"n":"Saucisson d'Auvergne IGP NRT L'Atelier Charcuterie LR - 100g","p":2.3,"u":"23,00 €/KG","img":"https://fd1-photos.leclercdrive.fr/image.ashx?id=2071230&use=l&cat=p&typeid=i","cat":316007},{"id":148084,"n":"Mortadella bologna IGP L'Atelier Charcuterie - 100g","p":1.99,"u":"19,90 €/KG","img":"https://fd1-photos.leclercdrive.fr/image.ashx?id=2688324&use=l&cat=p&typeid=i","cat":316007},{"id":148088,"n":"Prosciutto alle erbe L'Atelier Charcuterie - 100g","p":2.75,"u":"27,50 €/KG","img":"https://fd1-photos.leclercdrive.fr/image.ashx?id=2999649&use=l&cat=p&typeid=i","cat":316007},{"id":148090,"n":"Prosciutto di Parma AOP 20 mois L'Atelier Charcuterie - 90g","p":4.6,"u":"51,11 €/KG","img":"https://fd1-photos.leclercdrive.fr/image.ashx?id=2068738&use=l&cat=p&typeid=i","cat":316007},{"id":148094,"n":"Speck alto adige IGP L'Atelier Charcuterie - 100g","p":2.99,"u":"29,90 €/KG","img":"https://fd1-photos.leclercdrive.fr/image.ashx?id=2447655&use=l&cat=p&typeid=i","cat":316007},{"id":148095,"n":"Coppa di parma IGP L'Atelier Charcuterie - 100g","p":3.45,"u":"34,50 €/KG","img":"https://fd1-photos.leclercdrive.fr/image.ashx?id=2068735&use=l&cat=p&typeid=i","cat":316007},{"id":148096,"n":"Jambon de Bayonne IGP  L'Atelier charcuterie - 100g","p":3.33,"u":"33,30 €/KG","img":"https://fd1-photos.leclercdrive.fr/image.ashx?id=2913787&use=l&cat=p&typeid=i","cat":316007},{"id":148104,"n":"Crème hydratante Florena 24h - 50ml","p":11.41,"u":"228,20 €/L","img":"https://fd1-photos.leclercdrive.fr/image.ashx?id=2225486&use=l&cat=p&typeid=i","cat":325345},{"id":148105,"n":"Viande des grisons IGP L'Atelier Charcuterie - 80g","p":5.49,"u":"68,63 €/KG","img":"https://fd1-photos.leclercdrive.fr/image.ashx?id=2856648&use=l&cat=p&typeid=i","cat":316007},{"id":148107,"n":"Pavé au poivre Label Rouge L'Atelier Charcuterie - 100g","p":1.99,"u":"22,11 €/KG","img":"https://fd1-photos.leclercdrive.fr/image.ashx?id=2856651&use=l&cat=p&typeid=i","cat":316007},{"id":148117,"n":"Rosette tranchée Label Rouge L'Atelier Charcuterie - 100g","p":1.79,"u":"17,90 €/KG","img":"https://fd1-photos.leclercdrive.fr/image.ashx?id=2856654&use=l&cat=p&typeid=i","cat":316007},{"id":148120,"n":"Jambon serrano IGP L'Atelier Charcuterie - 120g","p":4.0,"u":"33,33 €/KG","img":"https://fd1-photos.leclercdrive.fr/image.ashx?id=2867931&use=l&cat=p&typeid=i","cat":316007},{"id":148121,"n":"Assiette charcuterie Italienne L'Atelier Charcuterie - 180G","p":5.29,"img":"https://fd1-photos.leclercdrive.fr/image.ashx?id=2992672&use=l&cat=p&typeid=i","cat":316007},{"id":148124,"n":"Datte ravier Favorite Deglet nour - 500g","p":2.16,"u":"4,32 €/KG","img":"https://fd1-photos.leclercdrive.fr/image.ashx?id=2730610&use=l&cat=p&typeid=i","cat":284357},{"id":148184,"n":"AOP Alsace pinot gris blanc Cave du roi Dagobert - 75cl","p":6.04,"u":"8,05 €/L","img":"https://fd1-photos.leclercdrive.fr/image.ashx?id=2856389&use=l&cat=p&typeid=i","cat":289557},{"id":148185,"n":"AOC Crémant d'Alsace Brut Premium - Bestheim - 75cl","p":6.1,"u":"8,13 €/L","img":"https://fd1-photos.leclercdrive.fr/image.ashx?id=2960801&use=l&cat=p&typeid=i","cat":284545},{"id":148240,"n":"Café dosettes Tassimo L'Or Café Long Doux x16","p":4.76,"u":"53,48 €/KG","img":"https://fd1-photos.leclercdrive.fr/image.ashx?id=2100386&use=l&cat=p&typeid=i","cat":293240},{"id":148291,"n":"Bière Aromatisée Grimbergen Rouge 5,5° - 6x25cl","p":5.23,"u":"3,49 €/L","img":"https://fd1-photos.leclercdrive.fr/image.ashx?id=2873327&use=l&cat=p&typeid=i","cat":334878},{"id":148328,"n":"Bonbons eucalyptus Croibleu 250g","p":2.12,"u":"8,48 €/KG","img":"https://fd1-photos.leclercdrive.fr/image.ashx?id=2066584&use=l&cat=p&typeid=i","cat":304252},{"id":148339,"n":"Embouts jetables Prorhinel Souples - x10","p":5.79,"img":"https://fd1-photos.leclercdrive.fr/image.ashx?id=2148182&use=l&cat=p&typeid=i","cat":284630},{"id":148341,"n":"Spray hygiène du nez Prorhinel à l'aloe vera - enfant - 100ml","p":5.24,"u":"52,40 €/L","img":"https://fd1-photos.leclercdrive.fr/image.ashx?id=2917858&use=l&cat=p&typeid=i","cat":284630},{"id":148355,"n":"Déodorant Monsavon lait Fleur de coton - 200ml","p":2.02,"u":"10,10 €/L","img":"https://fd1-photos.leclercdrive.fr/image.ashx?id=2644930&use=l&cat=p&typeid=i","cat":284595},{"id":148384,"n":"Donut nappé chocolat 180g","p":1.39,"u":"7,72 €/KG","img":"https://fd1-photos.leclercdrive.fr/image.ashx?id=2590707&use=l&cat=p&typeid=i","cat":284495},{"id":148406,"n":"Gel intime Intimy Classic - 150ml","p":5.89,"u":"39,27 €/L","img":"https://fd1-photos.leclercdrive.fr/image.ashx?id=2537980&use=l&cat=p&typeid=i","cat":285160},{"id":148484,"n":"Lames Hydro 5 Wilkinson Skin protect - x4","p":14.89,"u":"3,72 €/P","img":"https://fd1-photos.leclercdrive.fr/image.ashx?id=2924644&use=l&cat=p&typeid=i","cat":284616},{"id":148498,"n":"Pack de 3 microdiscs Brita Filtrants - 1 pièce","p":13.15,"img":"https://fd1-photos.leclercdrive.fr/image.ashx?id=2878264&use=l&cat=p&typeid=i","cat":334135},{"id":148503,"n":"Parmigiano Reggiano AOP Pétales - 130g","p":4.36,"u":"33,54 €/KG","img":"https://fd1-photos.leclercdrive.fr/image.ashx?id=2353290&use=l&cat=p&typeid=i","cat":314035},{"id":148537,"n":"Essuie-tout Sopalin Décoré - 3=6 rouleaux","p":4.99,"u":"1,66 €/P","img":"https://fd1-photos.leclercdrive.fr/image.ashx?id=2869254&use=l&cat=p&typeid=i","cat":284635},{"id":148631,"n":"Lait démaquillant Florena 200ml","p":9.66,"u":"48,30 €/L","img":"https://fd1-photos.leclercdrive.fr/image.ashx?id=2223947&use=l&cat=p&typeid=i","cat":284603},{"id":148718,"n":"Émincés Céréal Bio Soja et blé Bio - 130g","p":3.38,"u":"26,00 €/KG","img":"https://fd1-photos.leclercdrive.fr/image.ashx?id=2624218&use=l&cat=p&typeid=i","cat":316036},{"id":148743,"n":"Galette moelleuse Saint Michel Chocolat au lait - 180g","p":1.86,"u":"10,33 €/KG","img":"https://fd1-photos.leclercdrive.fr/image.ashx?id=2936248&use=l&cat=p&typeid=i","cat":284495},{"id":148748,"n":"Démaquillant yeux Bionaïa Biphase Water bio - 150ml","p":2.6,"u":"17,33 €/L","img":"https://fd1-photos.leclercdrive.fr/image.ashx?id=2474963&use=l&cat=p&typeid=i","cat":284603},{"id":148770,"n":"Préservatifs Intimy Classic lubrifiés - x7","p":2.69,"u":"0,38 €/P","img":"https://fd1-photos.leclercdrive.fr/image.ashx?id=2537962&use=l&cat=p&typeid=i","cat":284631},{"id":148863,"n":"AOP  Bourgogne Brut Crémant Moillard - 75cl","p":7.44,"u":"9,92 €/L","img":"https://fd1-photos.leclercdrive.fr/image.ashx?id=2985201&use=l&cat=p&typeid=i","cat":284545},{"id":148886,"n":"Planche Apero  Maxi Chiffonnades 320g","p":8.99,"u":"28,09 €/KG","img":"https://fd1-photos.leclercdrive.fr/image.ashx?id=2990838&use=l&cat=p&typeid=i","cat":316007},{"id":148957,"n":"Pavé saumon Eco+ MSC - x2 - 250g","p":3.09,"u":"12,36 €/KG","img":"https://fd1-photos.leclercdrive.fr/image.ashx?id=2819920&use=l&cat=p&typeid=i","cat":319786},{"id":148966,"n":"Boisson coco Bio Bjorg Sans sucre ajouté - 1L","p":2.25,"u":"2,25 €/L","img":"https://fd1-photos.leclercdrive.fr/image.ashx?id=2972991&use=l&cat=p&typeid=i","cat":316067},{"id":148998,"n":"Papier cuisson Elembal Feuilles - x30","p":0.99,"u":"0,03 €/P","img":"https://fd1-photos.leclercdrive.fr/image.ashx?id=2059971&use=l&cat=p&typeid=i","cat":334134},{"id":149068,"n":"Dessert végétal soja Alpro Nature sans sucres - 500g","p":1.64,"u":"3,28 €/KG","img":"https://fd1-photos.leclercdrive.fr/image.ashx?id=2976077&use=l&cat=p&typeid=i","cat":316071},{"id":149326,"n":"Tissus microfibre multi usage x1","p":2.49,"img":"https://fd1-photos.leclercdrive.fr/image.ashx?id=2068348&use=l&cat=p&typeid=i","cat":298252},{"id":149327,"n":"Microfibres pour vitre x1","p":3.45,"img":"https://fd1-photos.leclercdrive.fr/image.ashx?id=2068351&use=l&cat=p&typeid=i","cat":298252},{"id":149338,"n":"Brosse de lavage raccord eau Carroserie + jantes","p":8.95,"img":"https://fd1-photos.leclercdrive.fr/image.ashx?id=2068402&use=l&cat=p&typeid=i","cat":298252},{"id":149340,"n":"Microfibre de lustrage x1","p":3.95,"img":"https://fd1-photos.leclercdrive.fr/image.ashx?id=2068387&use=l&cat=p&typeid=i","cat":298252},{"id":149341,"n":"Coton de lustrage 200g","p":2.5,"img":"https://fd1-photos.leclercdrive.fr/image.ashx?id=2068345&use=l&cat=p&typeid=i","cat":298252},{"id":149342,"n":"Brosse anti poils d'animaux x1","p":5.5,"img":"https://fd1-photos.leclercdrive.fr/image.ashx?id=2068354&use=l&cat=p&typeid=i","cat":298252},{"id":149344,"n":"Microfibre de séchage x1","p":4.59,"img":"https://fd1-photos.leclercdrive.fr/image.ashx?id=2068384&use=l&cat=p&typeid=i","cat":298252},{"id":149365,"n":"Raclette lave vitre 2en1 Avec cote demoustiquant","p":3.95,"img":"https://fd1-photos.leclercdrive.fr/image.ashx?id=2068408&use=l&cat=p&typeid=i","cat":298252},{"id":149388,"n":"Shampooing sec Batiste Nude aérosol - 200ml","p":3.62,"u":"18,10 €/L","img":"https://fd1-photos.leclercdrive.fr/image.ashx?id=2558334&use=l&cat=p&typeid=i","cat":289143},{"id":149390,"n":"Croc'Odor Frigo XL  140g","p":2.86,"u":"20,43 €/KG","img":"https://fd1-photos.leclercdrive.fr/image.ashx?id=2952646&use=l&cat=p&typeid=i","cat":311628},{"id":149396,"n":"Lave glace TECH9 Démoustiquant - 5L","p":3.89,"u":"0,78 €/L","img":"https://fd1-photos.leclercdrive.fr/image.ashx?id=2162699&use=l&cat=p&typeid=i","cat":298252},{"id":149428,"n":"Boisson à base de vin rosé  Pamplemousse - 7.5% vol - 75cl","p":3.15,"u":"4,20 €/L","img":"https://fd1-photos.leclercdrive.fr/image.ashx?id=2958525&use=l&cat=p&typeid=i","cat":304569},{"id":149465,"n":"Brosse à Dents Signal Soin Gencives Souple x4","p":2.85,"u":"0,71 €/P","img":"https://fd1-photos.leclercdrive.fr/image.ashx?id=2964234&use=l&cat=p&typeid=i","cat":284614},{"id":149781,"n":"Crème Visage Jour FPS 50 Nivea Anti-taches Luminous - 40ml","p":14.05,"u":"351,25 €/L","img":"https://fd1-photos.leclercdrive.fr/image.ashx?id=2637580&use=l&cat=p&typeid=i","cat":325345},{"id":149817,"n":"Rouleau Râpe Velvet Smooth Ultra Exfoliant Pieds - x2","p":14.37,"u":"7,19 €/P","img":"https://fd1-photos.leclercdrive.fr/image.ashx?id=2628404&use=l&cat=p&typeid=i","cat":325354},{"id":149819,"n":"Sérum Visage Correcteur Nivea Anti-taches Luminous - 30ml","p":16.49,"u":"549,67 €/L","img":"https://fd1-photos.leclercdrive.fr/image.ashx?id=2639720&use=l&cat=p&typeid=i","cat":325345},{"id":149854,"n":"Dentifrice Elmex enfant 0-6ans Anti-caries - 75ml","p":3.55,"u":"47,33 €/L","img":"https://fd1-photos.leclercdrive.fr/image.ashx?id=2745289&use=l&cat=p&typeid=i","cat":288898},{"id":149875,"n":"Raclette lave-vitres x1","p":1.45,"img":"https://fd1-photos.leclercdrive.fr/image.ashx?id=2068838&use=l&cat=p&typeid=i","cat":298252},{"id":149878,"n":"Brosse de lavage pour jantes x1","p":5.25,"img":"https://fd1-photos.leclercdrive.fr/image.ashx?id=2068363&use=l&cat=p&typeid=i","cat":298252},{"id":149879,"n":"Raclette anti-buée Avec manche télescopique x1","p":5.75,"img":"https://fd1-photos.leclercdrive.fr/image.ashx?id=2068360&use=l&cat=p&typeid=i","cat":298252},{"id":149884,"n":"Gant 2 en 1 Chenille Démoustiquant - x1","p":3.5,"img":"https://fd1-photos.leclercdrive.fr/image.ashx?id=2068369&use=l&cat=p&typeid=i","cat":298252},{"id":149958,"n":"Brosse à Dents Signal Soin Classique Souple x1","p":1.8,"img":"https://fd1-photos.leclercdrive.fr/image.ashx?id=2950894&use=l&cat=p&typeid=i","cat":284614},{"id":149962,"n":"Bâtonnets Bocoton Bio Sécurité - x60","p":1.54,"u":"0,03 €/P","img":"https://fd1-photos.leclercdrive.fr/image.ashx?id=2063542&use=l&cat=p&typeid=i","cat":284739},{"id":149988,"n":"Lingettes intimes Bocoton Bio x20","p":1.91,"u":"0,10 €/P","img":"https://fd1-photos.leclercdrive.fr/image.ashx?id=2063545&use=l&cat=p&typeid=i","cat":284627},{"id":150053,"n":"Gnocchi à poeler Bio Village Bio - 300g","p":1.84,"u":"6,13 €/KG","img":"https://fd1-photos.leclercdrive.fr/image.ashx?id=2607969&use=l&cat=p&typeid=i","cat":333682},{"id":150247,"n":"Végétal Emincés Garden Gourmet Nature Soja 160g","p":3.39,"u":"21,19 €/KG","img":"https://fd1-photos.leclercdrive.fr/image.ashx?id=2971395&use=l&cat=p&typeid=i","cat":316036},{"id":150307,"n":"Liquide refroidissement TECH9 -25°C - 5L","p":9.99,"u":"2,00 €/L","img":"https://fd1-photos.leclercdrive.fr/image.ashx?id=2162711&use=l&cat=p&typeid=i","cat":298253},{"id":150442,"n":"Beurre baratte bio Le Gall Doux - 250g","p":3.48,"u":"13,92 €/KG","img":"https://fd1-photos.leclercdrive.fr/image.ashx?id=2381006&use=l&cat=p&typeid=i","cat":284379},{"id":150485,"n":"Chocolat Pâtissier Lindt Noir - 70% cacao - 200g","p":3.36,"u":"16,80 €/KG","img":"https://fd1-photos.leclercdrive.fr/image.ashx?id=2730223&use=l&cat=p&typeid=i","cat":285562},{"id":150488,"n":"Tartine pain campagne Pasquier - 180g","p":2.02,"u":"11,22 €/KG","img":"https://fd1-photos.leclercdrive.fr/image.ashx?id=2967028&use=l&cat=p&typeid=i","cat":285543},{"id":150552,"n":"Crème légère So Bio Nutri Coco bio - 50ml","p":9.94,"u":"198,80 €/L","img":"https://fd1-photos.leclercdrive.fr/image.ashx?id=2545421&use=l&cat=p&typeid=i","cat":325345},{"id":150576,"n":"Barre protéine noisette ISOSTAR  énergétique -3x35 - 105g","p":4.26,"u":"40,57 €/KG","img":"https://fd1-photos.leclercdrive.fr/image.ashx?id=2663425&use=l&cat=p&typeid=i","cat":318652},{"id":150763,"n":"Imperméabilisant protecteur Cuir Daim Nubuck 250ml","p":2.68,"u":"10,72 €/L","img":"https://fd1-photos.leclercdrive.fr/image.ashx?id=2835208&use=l&cat=p&typeid=i","cat":285201},{"id":150764,"n":"Désinfectant chaussures 100ml","p":2.11,"u":"21,10 €/L","img":"https://fd1-photos.leclercdrive.fr/image.ashx?id=2460667&use=l&cat=p&typeid=i","cat":285201},{"id":150789,"n":"Détartrant multi-usages Melitta 375ml","p":3.71,"u":"9,89 €/L","img":"https://fd1-photos.leclercdrive.fr/image.ashx?id=2871070&use=l&cat=p&typeid=i","cat":325362},{"id":150793,"n":"HERTA Tendre Croc Jambon Fromage sans nitrite 400g x4","p":3.68,"u":"9,20 €/KG","img":"https://fd1-photos.leclercdrive.fr/image.ashx?id=2070144&use=l&cat=p&typeid=i","cat":333671},{"id":150797,"n":"Cire dépilatoire Roll On Nair au sucre lait et miel - 100ml","p":5.23,"u":"52,30 €/L","img":"https://fd1-photos.leclercdrive.fr/image.ashx?id=2903242&use=l&cat=p&typeid=i","cat":325351},{"id":150798,"n":"HERTA Tendre Croc Comté Jambon sans nitrite 200g x2","p":2.2,"u":"11,00 €/KG","img":"https://fd1-photos.leclercdrive.fr/image.ashx?id=2070147&use=l&cat=p&typeid=i","cat":333671},{"id":150804,"n":"Shampoing hydratant Fructis Hair food Aloe Vera - 350ml","p":3.49,"u":"9,97 €/L","img":"https://fd1-photos.leclercdrive.fr/image.ashx?id=2830594&use=l&cat=p&typeid=i","cat":284606},{"id":151103,"n":"Vin France Cabernet Sauvignon Rosé - Cambras - Merlot - 75cl","p":2.14,"u":"2,85 €/L","img":"https://fd1-photos.leclercdrive.fr/image.ashx?id=2941026&use=l&cat=p&typeid=i","cat":289558},{"id":151130,"n":"Yaourt à boire Actimel Fraise - 6x100g","p":2.94,"u":"4,90 €/KG","img":"https://fd1-photos.leclercdrive.fr/image.ashx?id=2996482&use=l&cat=p&typeid=i","cat":284415},{"id":151131,"n":"Charbon de bois Beaux Jours 40L","p":11.99,"u":"0,30 €/L","img":"https://fd1-photos.leclercdrive.fr/image.ashx?id=2078371&use=l&cat=p&typeid=i","cat":335917},{"id":151170,"n":"Riz au lait Andros Coco vanille - 4x100g","p":3.24,"u":"8,10 €/KG","img":"https://fd1-photos.leclercdrive.fr/image.ashx?id=2872024&use=l&cat=p&typeid=i","cat":316071},{"id":151235,"n":"HERTA Blanc de poulet nature sans nitrite - 140g 4T","p":2.06,"u":"14,71 €/KG","img":"https://fd1-photos.leclercdrive.fr/image.ashx?id=2731348&use=l&cat=p&typeid=i","cat":316010},{"id":151247,"n":"IGP Pays d'Oc Vin blanc LYV - 75cl","p":8.51,"u":"113,47 €/KG","img":"https://fd1-photos.leclercdrive.fr/image.ashx?id=2674686&use=l&cat=p&typeid=i","cat":289557},{"id":151290,"n":"Herta Blanc de poulet -25% de sel sans nitrite 140g 4T","p":2.54,"u":"18,14 €/KG","img":"https://fd1-photos.leclercdrive.fr/image.ashx?id=2307733&use=l&cat=p&typeid=i","cat":316010},{"id":151448,"n":"Nettoyant multi-usages Carolin Eucalyptus & Arbre à thé 1L","p":1.98,"u":"1,98 €/L","img":"https://fd1-photos.leclercdrive.fr/image.ashx?id=2667460&use=l&cat=p&typeid=i","cat":284907},{"id":151461,"n":"Chorizo Espuna Sarta noble - 200g","p":3.51,"u":"17,55 €/KG","img":"https://fd1-photos.leclercdrive.fr/image.ashx?id=2073287&use=l&cat=p&typeid=i","cat":316006},{"id":151464,"n":"Fromage blanc Calin Extra Nature - 8x100g","p":2.24,"u":"2,80 €/KG","img":"https://fd1-photos.leclercdrive.fr/image.ashx?id=2973736&use=l&cat=p&typeid=i","cat":284409},{"id":151472,"n":"Fromage blanc Calin Extra Nature - 850g","p":2.4,"u":"2,82 €/KG","img":"https://fd1-photos.leclercdrive.fr/image.ashx?id=2973739&use=l&cat=p&typeid=i","cat":284409},{"id":151474,"n":"Fromage blanc Calin 0% Extra Naure - 8x100g","p":2.41,"u":"3,01 €/KG","img":"https://fd1-photos.leclercdrive.fr/image.ashx?id=2973733&use=l&cat=p&typeid=i","cat":284409},{"id":151486,"n":"Galette moelleuse Saint Michel Pépite de chocolat - 180g","p":2.09,"u":"11,61 €/KG","img":"https://fd1-photos.leclercdrive.fr/image.ashx?id=2936245&use=l&cat=p&typeid=i","cat":284495},{"id":151508,"n":"Colin MSC haché Yooji 6 mois - 120g","p":4.24,"u":"35,33 €/KG","img":"https://fd1-photos.leclercdrive.fr/image.ashx?id=2529072&use=l&cat=p&typeid=i","cat":290631},{"id":151541,"n":"Serum anti-rides N.A.E. Bio - 30ml","p":13.73,"u":"457,67 €/L","img":"https://fd1-photos.leclercdrive.fr/image.ashx?id=2073565&use=l&cat=p&typeid=i","cat":325345},{"id":151642,"n":"Bière Licorne Slash IPA 5.9%vol - 75cl","p":3.98,"u":"5,31 €/L","img":"https://fd1-photos.leclercdrive.fr/image.ashx?id=2318537&use=l&cat=p&typeid=i","cat":334878},{"id":151668,"n":"Grands Bretzels Ancel Dr Oetker x8 - 200g","p":2.61,"u":"13,05 €/KG","img":"https://fd1-photos.leclercdrive.fr/image.ashx?id=2895184&use=l&cat=p&typeid=i","cat":297000},{"id":151742,"n":"La fondue Franc-Comtoise Badoz 500g","p":9.74,"u":"19,48 €/KG","img":"https://fd1-photos.leclercdrive.fr/image.ashx?id=2277431&use=l&cat=p&typeid=i","cat":314035},{"id":151758,"n":"Mousse de foie Madrange 180g","p":1.37,"u":"7,61 €/KG","img":"https://fd1-photos.leclercdrive.fr/image.ashx?id=3008212&use=l&cat=p&typeid=i","cat":316008},{"id":151853,"n":"Litière chats Cat's Best Original agglomérante - 7L","p":6.4,"u":"0,91 €/L","img":"https://fd1-photos.leclercdrive.fr/image.ashx?id=2310452&use=l&cat=p&typeid=i","cat":284683},{"id":151871,"n":"Pruneaux d'Agen Bio Village Bio IGP Dénoyautés - 250g","p":3.99,"u":"15,96 €/KG","img":"https://fd1-photos.leclercdrive.fr/image.ashx?id=2584035&use=l&cat=p&typeid=i","cat":284357},{"id":151936,"n":"Yaourt brassé Bio Les 2 Vaches Vanille - 4x115g","p":1.99,"u":"4,33 €/KG","img":"https://fd1-photos.leclercdrive.fr/image.ashx?id=2571542&use=l&cat=p&typeid=i","cat":284410},{"id":151940,"n":"Cuisse de poulet Auvergne NRT x2 Label Rouge - 500g","p":4.85,"u":"9,70 €/KG","img":"https://fd1-photos.leclercdrive.fr/image.ashx?id=2699840&use=l&cat=p&typeid=i","cat":284336},{"id":151957,"n":"Poudre fondante L'Oréal Paris Accord Parfait 5D Sable doré","p":13.61,"img":"https://fd1-photos.leclercdrive.fr/image.ashx?id=2278055&use=l&cat=p&typeid=i","cat":287029},{"id":151958,"n":"Poudre fondante L'Oréal Paris Accord Parfait 4N Beige","p":11.14,"img":"https://fd1-photos.leclercdrive.fr/image.ashx?id=2423445&use=l&cat=p&typeid=i","cat":287029},{"id":151959,"n":"Mascara Allongeant L'OréalParis Telescopic Carbone Noir","p":11.45,"img":"https://fd1-photos.leclercdrive.fr/image.ashx?id=2886178&use=l&cat=p&typeid=i","cat":287029},{"id":151961,"n":"Fond de Teint L'Oréal Paris Accord Parfait 3.5.N Pêche","p":12.92,"img":"https://fd1-photos.leclercdrive.fr/image.ashx?id=2108273&use=l&cat=p&typeid=i","cat":287029},{"id":151962,"n":"Fond de Teint L'Oréal Paris Accord Parfait 1.R Ivoire Rosé","p":13.24,"u":"441,33 €/L","img":"https://fd1-photos.leclercdrive.fr/image.ashx?id=2395550&use=l&cat=p&typeid=i","cat":287029},{"id":151964,"n":"BB Crème Teintée L'Oréal Paris Nuance 04 médium - 30ml","p":11.32,"u":"377,33 €/L","img":"https://fd1-photos.leclercdrive.fr/image.ashx?id=3014551&use=l&cat=p&typeid=i","cat":287029},{"id":151965,"n":"CC Crème L'Oréal Paris Anti-Rougeurs","p":10.99,"img":"https://fd1-photos.leclercdrive.fr/image.ashx?id=3014557&use=l&cat=p&typeid=i","cat":287029},{"id":151966,"n":"Eyeliner Feutre L'Oréal Paris  Waterproof 01 Noir intense","p":9.85,"pp":6.5,"img":"https://fd1-photos.leclercdrive.fr/image.ashx?id=2370380&use=l&cat=p&typeid=i","cat":287029},{"id":151971,"n":"Encre à lèvres mat Maybelline Superstay Matte Ink 20 Pioneer","p":12.6,"img":"https://fd1-photos.leclercdrive.fr/image.ashx?id=2423181&use=l&cat=p&typeid=i","cat":287029},{"id":151972,"n":"Correcteur anticerne Maybelline Instant Anti-Age 00 Ivoire","p":9.79,"img":"https://fd1-photos.leclercdrive.fr/image.ashx?id=2770545&use=l&cat=p&typeid=i","cat":287029},{"id":151983,"n":"Recharge liquide vaisselle & mains Briochin Ecocert 450ml","p":2.42,"u":"5,38 €/L","img":"https://fd1-photos.leclercdrive.fr/image.ashx?id=3000743&use=l&cat=p&typeid=i","cat":284655},{"id":151986,"n":"Gel Salle de bain & WC Glade Bois de Santal & Jasmin 180g","p":1.97,"img":"https://fd1-photos.leclercdrive.fr/image.ashx?id=2453613&use=l&cat=p&typeid=i","cat":311628},{"id":151996,"n":"Fromage enfant Kiri crème 24 portions à tartiner - 432g","p":5.0,"u":"0,21 €/P","img":"https://fd1-photos.leclercdrive.fr/image.ashx?id=2973568&use=l&cat=p&typeid=i","cat":314030},{"id":152001,"n":"Gnocchi à poêler Roll Lustucru  300g","p":1.74,"u":"5,80 €/KG","img":"https://fd1-photos.leclercdrive.fr/image.ashx?id=2792408&use=l&cat=p&typeid=i","cat":333682},{"id":152023,"n":"Renovateur blanc La Vachette avec applicateur - 75ml","p":2.16,"u":"28,80 €/L","img":"https://fd1-photos.leclercdrive.fr/image.ashx?id=2075287&use=l&cat=p&typeid=i","cat":285201},{"id":152033,"n":"Coloration végétale bio Bionaïa Noire - 92g","p":7.78,"u":"84,57 €/KG","img":"https://fd1-photos.leclercdrive.fr/image.ashx?id=2075293&use=l&cat=p&typeid=i","cat":288899},{"id":152041,"n":"Déodorant bille bio BionaÏa Eau coco/Aloe Vera - 50ml","p":1.35,"u":"27,00 €/L","img":"https://fd1-photos.leclercdrive.fr/image.ashx?id=2496964&use=l&cat=p&typeid=i","cat":284595},{"id":152042,"n":"Déodorant bille bio BionaÏa A la rose/aloe vera - 50ml","p":1.35,"u":"27,00 €/L","img":"https://fd1-photos.leclercdrive.fr/image.ashx?id=2481240&use=l&cat=p&typeid=i","cat":284595},{"id":152053,"n":"Adoucissant Hyperdou Pêche x30 - 750ml","p":1.6,"u":"2,13 €/L","img":"https://fd1-photos.leclercdrive.fr/image.ashx?id=2614518&use=l&cat=p&typeid=i","cat":284650},{"id":152054,"n":"Adoucissant Hyperdou Vanille x30 - 750ml","p":1.99,"u":"2,65 €/L","img":"https://fd1-photos.leclercdrive.fr/image.ashx?id=2614521&use=l&cat=p&typeid=i","cat":284650},{"id":152124,"n":"Bière aromatisée Despérados Original - 33cl","p":1.48,"u":"4,48 €/L","img":"https://fd1-photos.leclercdrive.fr/image.ashx?id=2742989&use=l&cat=p&typeid=i","cat":334878},{"id":152297,"n":"Couches Love & Green Ecologiques T1 - x44","p":14.65,"u":"0,33 €/P","img":"https://fd1-photos.leclercdrive.fr/image.ashx?id=2830645&use=l&cat=p&typeid=i","cat":284737},{"id":152298,"n":"Couches Love & Green Ecologiques T2 - x44","p":14.65,"u":"0,33 €/P","img":"https://fd1-photos.leclercdrive.fr/image.ashx?id=2862578&use=l&cat=p&typeid=i","cat":284737},{"id":152307,"n":"Gel lavant intime Love & Green bio Apaisant - 200ml","p":3.95,"u":"19,75 €/L","img":"https://fd1-photos.leclercdrive.fr/image.ashx?id=2139574&use=l&cat=p&typeid=i","cat":284627},{"id":152348,"n":"Cure Age Perfect L'Oréal Paris Ampoules raffermissantes 7j-7ml","p":17.56,"img":"https://fd1-photos.leclercdrive.fr/image.ashx?id=2300566&use=l&cat=p&typeid=i","cat":325345},{"id":152349,"n":"Sérum nuit anti-âge L'Oréal Revitalift Rétinol Pur - 30ml","p":15.08,"u":"502,67 €/L","img":"https://fd1-photos.leclercdrive.fr/image.ashx?id=2867530&use=l&cat=p&typeid=i","cat":325345},{"id":152363,"n":"Applicateur blanc Baranne 75ml","p":2.77,"u":"36,93 €/L","img":"https://fd1-photos.leclercdrive.fr/image.ashx?id=2614221&use=l&cat=p&typeid=i","cat":285201},{"id":152365,"n":"Crème éclat La Provençale Bio Jouvence Anti-Âge - 50ml","p":10.41,"u":"208,20 €/L","img":"https://fd1-photos.leclercdrive.fr/image.ashx?id=2948147&use=l&cat=p&typeid=i","cat":325345},{"id":152372,"n":"Lessive Active Clean Skip Trio capsules - x15 - 405g","p":10.93,"u":"26,99 €/KG","img":"https://fd1-photos.leclercdrive.fr/image.ashx?id=2455554&use=l&cat=p&typeid=i","cat":284641},{"id":152414,"n":"Crème hydratante Scholl Adoucissante - 75ml","p":4.75,"u":"63,33 €/L","img":"https://fd1-photos.leclercdrive.fr/image.ashx?id=2980884&use=l&cat=p&typeid=i","cat":325354},{"id":152422,"n":"Coupe-ongles Scholl 1 pièce","p":6.03,"img":"https://fd1-photos.leclercdrive.fr/image.ashx?id=2981295&use=l&cat=p&typeid=i","cat":284630},{"id":152440,"n":"Gel Lubrifiant Massage 2 en 1 Durex Douceur Aloe Vera 200ml","p":7.96,"u":"39,80 €/L","img":"https://fd1-photos.leclercdrive.fr/image.ashx?id=2736556&use=l&cat=p&typeid=i","cat":285160},{"id":152459,"n":"Eau minérale naturelle Volvic 6x1L","p":3.11,"u":"0,52 €/L","img":"https://fd1-photos.leclercdrive.fr/image.ashx?id=2906076&use=l&cat=p&typeid=i","cat":284535},{"id":152489,"n":"Yaourt brassé végétal Nat&Vie Coco Nature - 4x100g","p":1.89,"u":"4,73 €/KG","img":"https://fd1-photos.leclercdrive.fr/image.ashx?id=2901476&use=l&cat=p&typeid=i","cat":316071},{"id":152505,"n":"Boisson végétale Bio Bjorg 1L","p":1.55,"u":"1,55 €/L","img":"https://fd1-photos.leclercdrive.fr/image.ashx?id=2972994&use=l&cat=p&typeid=i","cat":316067},{"id":152506,"n":"Boisson avoine Bio Bjorg Sans sucres - 1L","p":2.31,"u":"2,31 €/L","img":"https://fd1-photos.leclercdrive.fr/image.ashx?id=2939454&use=l&cat=p&typeid=i","cat":316067},{"id":152576,"n":"Crêpes 1/2 lune Eco+ Jambon emmental - x20 - 1kg","p":2.33,"u":"2,33 €/KG","img":"https://fd1-photos.leclercdrive.fr/image.ashx?id=2698144&use=l&cat=p&typeid=i","cat":319776},{"id":152595,"n":"Barres chocolat Toblerone Chocolat au lait - 3x100g","p":4.44,"u":"14,80 €/KG","img":"https://fd1-photos.leclercdrive.fr/image.ashx?id=2078241&use=l&cat=p&typeid=i","cat":284498},{"id":152596,"n":"Câpres Maille Surfines - 85g","p":3.12,"u":"36,71 €/KG","img":"https://fd1-photos.leclercdrive.fr/image.ashx?id=2539674&use=l&cat=p&typeid=i","cat":284458},{"id":152608,"n":"Mayonnaise de Dijon Amora 5 ingrédients - 400g","p":2.96,"u":"7,40 €/KG","img":"https://fd1-photos.leclercdrive.fr/image.ashx?id=3005392&use=l&cat=p&typeid=i","cat":298295},{"id":152610,"n":"Pasta Box Sodebo Fusilli à la Bolognaise - 330g","p":2.58,"u":"7,82 €/KG","img":"https://fd1-photos.leclercdrive.fr/image.ashx?id=2991996&use=l&cat=p&typeid=i","cat":334983},{"id":152611,"n":"Gâteaux Kinder Délice coconut Noix de coco et cacao - 10x37g","p":3.63,"u":"9,81 €/KG","img":"https://fd1-photos.leclercdrive.fr/image.ashx?id=2832482&use=l&cat=p&typeid=i","cat":284495},{"id":152612,"n":"Pasta Box Sodebo Fusilli à la Carbonara - 330g","p":2.58,"u":"7,82 €/KG","img":"https://fd1-photos.leclercdrive.fr/image.ashx?id=2919781&use=l&cat=p&typeid=i","cat":334983},{"id":152615,"n":"Pasta Box Sodebo Fusilli Fromages Italiens -330g","p":2.72,"u":"8,24 €/KG","img":"https://fd1-photos.leclercdrive.fr/image.ashx?id=2919784&use=l&cat=p&typeid=i","cat":334983},{"id":152617,"n":"Happy Cherry Haribo Sachet bonbons - 220g","p":1.93,"u":"8,77 €/KG","img":"https://fd1-photos.leclercdrive.fr/image.ashx?id=2984901&use=l&cat=p&typeid=i","cat":304250},{"id":152707,"n":"Häagen-Dazs Pot Strawberry/cheesecake - 400g","p":5.64,"u":"14,10 €/KG","img":"https://fd1-photos.leclercdrive.fr/image.ashx?id=2893465&use=l&cat=p&typeid=i","cat":284725},{"id":152774,"n":"Sauce Algérienne Heinz - 220g","p":1.71,"u":"7,77 €/KG","img":"https://fd1-photos.leclercdrive.fr/image.ashx?id=2926846&use=l&cat=p&typeid=i","cat":318431},{"id":152782,"n":"Gel entretien Vinckel Canalisations - 900ml","p":3.19,"u":"3,54 €/L","img":"https://fd1-photos.leclercdrive.fr/image.ashx?id=2652667&use=l&cat=p&typeid=i","cat":284908},{"id":152900,"n":"Spray désinfectant Steripan Antiseptique sans gaz - 100ml","p":3.99,"u":"39,90 €/L","img":"https://fd1-photos.leclercdrive.fr/image.ashx?id=2078754&use=l&cat=p&typeid=i","cat":284630},{"id":152984,"n":"AOP Prosecco rosé  Vilaveroni - 75cl","p":7.58,"u":"10,11 €/L","img":"https://fd1-photos.leclercdrive.fr/image.ashx?id=2492354&use=l&cat=p&typeid=i","cat":289558},{"id":153015,"n":"Cassonade pure canne Daddy 750g","p":2.27,"u":"3,03 €/KG","img":"https://fd1-photos.leclercdrive.fr/image.ashx?id=2944702&use=l&cat=p&typeid=i","cat":284502},{"id":153059,"n":"Cônes glacés Trium Chocolat - x6 - 423g","p":2.13,"u":"5,04 €/KG","img":"https://fd1-photos.leclercdrive.fr/image.ashx?id=2931829&use=l&cat=p&typeid=i","cat":284264},{"id":153060,"n":"Cônes glacés Trium Vanille caramel - x6 - 432g","p":2.53,"u":"5,86 €/KG","img":"https://fd1-photos.leclercdrive.fr/image.ashx?id=2931835&use=l&cat=p&typeid=i","cat":284264},{"id":153062,"n":"Cônes glacés Trium Vanille nougatine x6 - 402g","p":1.59,"u":"3,96 €/KG","img":"https://fd1-photos.leclercdrive.fr/image.ashx?id=2931805&use=l&cat=p&typeid=i","cat":284264},{"id":153068,"n":"Cônes glacés Trium Sorbet mangue passion x6 456g","p":2.52,"u":"5,53 €/KG","img":"https://fd1-photos.leclercdrive.fr/image.ashx?id=2931823&use=l&cat=p&typeid=i","cat":284264},{"id":153070,"n":"Cônes glacés Trium Menthe chocolat x6 - 414g","p":2.19,"u":"5,29 €/KG","img":"https://fd1-photos.leclercdrive.fr/image.ashx?id=2931826&use=l&cat=p&typeid=i","cat":284264},{"id":153071,"n":"Cônes glacés Trium Crème brulée - x6 - 426g","p":2.51,"u":"5,89 €/KG","img":"https://fd1-photos.leclercdrive.fr/image.ashx?id=2931820&use=l&cat=p&typeid=i","cat":284264},{"id":153072,"n":"Cônes glacés Trium Café - x6 - 426g","p":2.19,"u":"5,14 €/KG","img":"https://fd1-photos.leclercdrive.fr/image.ashx?id=2931838&use=l&cat=p&typeid=i","cat":284264},{"id":153074,"n":"Cônes glacés Trium Citron framboise x6 - 456g","p":2.67,"u":"5,86 €/KG","img":"https://fd1-photos.leclercdrive.fr/image.ashx?id=2931811&use=l&cat=p&typeid=i","cat":284264},{"id":153089,"n":"Lotion anti-insectes Autan 100 ml","p":6.96,"u":"69,60 €/L","img":"https://fd1-photos.leclercdrive.fr/image.ashx?id=2791575&use=l&cat=p&typeid=i","cat":298368},{"id":153108,"n":"Rhum blanc Clement 50° - 1L","p":21.36,"u":"21,36 €/L","img":"https://fd1-photos.leclercdrive.fr/image.ashx?id=2093244&use=l&cat=p&typeid=i","cat":284550},{"id":153147,"n":"Jambon Supérieur Fleury Michon sans nitrite x8 - 280g","p":4.89,"u":"17,46 €/KG","img":"https://fd1-photos.leclercdrive.fr/image.ashx?id=2889481&use=l&cat=p&typeid=i","cat":316009},{"id":153148,"n":"Jambon Supérieur Fleury Michon sans nitrite x6 - 210g","p":3.22,"u":"15,33 €/KG","img":"https://fd1-photos.leclercdrive.fr/image.ashx?id=2889478&use=l&cat=p&typeid=i","cat":316009},{"id":153151,"n":"Jambon Supérieur Fleury Michon sans nitrite x4 - 140g","p":2.19,"u":"15,64 €/KG","img":"https://fd1-photos.leclercdrive.fr/image.ashx?id=2889475&use=l&cat=p&typeid=i","cat":316009},{"id":153153,"n":"Jambon Supérieur Fleury Michon -25% sel sans nitrite- x2 - 70g","p":2.06,"u":"29,43 €/KG","img":"https://fd1-photos.leclercdrive.fr/image.ashx?id=2889484&use=l&cat=p&typeid=i","cat":316009},{"id":153154,"n":"Jambon Supérieur Fleury Michon -25% sel sans nitrite x6 - 210g","p":4.42,"u":"21,05 €/KG","img":"https://fd1-photos.leclercdrive.fr/image.ashx?id=2889487&use=l&cat=p&typeid=i","cat":316009},{"id":153155,"n":"Jambon Supérieur Fleury Michon -25% sel sans nitrite x4 - 140g","p":3.01,"u":"21,50 €/KG","img":"https://fd1-photos.leclercdrive.fr/image.ashx?id=2905399&use=l&cat=p&typeid=i","cat":316009},{"id":153158,"n":"Jambon Simplement Bon Fleury  Michon -25% de sel - x6 - 210g","p":3.17,"u":"15,10 €/KG","img":"https://fd1-photos.leclercdrive.fr/image.ashx?id=2842696&use=l&cat=p&typeid=i","cat":316009},{"id":153164,"n":"Jambon  Simplement Bon Fleury  Michon x4 - 160g","p":2.19,"u":"13,69 €/KG","img":"https://fd1-photos.leclercdrive.fr/image.ashx?id=2843147&use=l&cat=p&typeid=i","cat":316009},{"id":153165,"n":"Jambon Fleury Michon Simplement  Bio sans nitrite - x4 - 120g","p":4.77,"u":"39,75 €/KG","img":"https://fd1-photos.leclercdrive.fr/image.ashx?id=2959040&use=l&cat=p&typeid=i","cat":316009},{"id":153166,"n":"Jambon Simplement Bon Fleury Michon - x6 - 240g","p":2.55,"u":"10,63 €/KG","img":"https://fd1-photos.leclercdrive.fr/image.ashx?id=2843150&use=l&cat=p&typeid=i","cat":316009},{"id":153167,"n":"Jambon Simplement Bon  Fleury Michon - x8 - 320g","p":4.09,"u":"12,78 €/KG","img":"https://fd1-photos.leclercdrive.fr/image.ashx?id=3008383&use=l&cat=p&typeid=i","cat":316009},{"id":153192,"n":"Canettes Coca-cola Zéro Soda sans sucre - 12x33cl","p":7.04,"u":"1,78 €/L","img":"https://fd1-photos.leclercdrive.fr/image.ashx?id=2209194&use=l&cat=p&typeid=i","cat":284530},{"id":153229,"n":"Mayonnaise de Dijon Amora Tube - 175g","p":1.48,"u":"8,46 €/KG","img":"https://fd1-photos.leclercdrive.fr/image.ashx?id=2082711&use=l&cat=p&typeid=i","cat":298295},{"id":153230,"n":"Mayonnaise de Dijon - 705g Flacon - 705g","p":4.77,"u":"6,77 €/KG","img":"https://fd1-photos.leclercdrive.fr/image.ashx?id=2877199&use=l&cat=p&typeid=i","cat":298295},{"id":153242,"n":"Ketchup Amora  468g","p":2.1,"u":"4,49 €/KG","img":"https://fd1-photos.leclercdrive.fr/image.ashx?id=2766628&use=l&cat=p&typeid=i","cat":284455},{"id":153313,"n":"Gateau Savane Brossard Pocket chocolat - x7  210g","p":2.18,"u":"10,38 €/KG","img":"https://fd1-photos.leclercdrive.fr/image.ashx?id=2870722&use=l&cat=p&typeid=i","cat":284495},{"id":153328,"n":"Gâteaux fourrés Napolitain LU Chocolat - 180g","p":1.53,"u":"8,50 €/KG","img":"https://fd1-photos.leclercdrive.fr/image.ashx?id=3002225&use=l&cat=p&typeid=i","cat":284495},{"id":153369,"n":"Tissus d'entretien Serpillère x1","p":3.89,"img":"https://fd1-photos.leclercdrive.fr/image.ashx?id=2463615&use=l&cat=p&typeid=i","cat":284669},{"id":153393,"n":"Eau Aromatisée Vittel Aro Fraise - 1L","p":1.19,"u":"1,19 €/L","img":"https://fd1-photos.leclercdrive.fr/image.ashx?id=2788874&use=l&cat=p&typeid=i","cat":284537},{"id":153734,"n":"Pâte de curry doux Patak's 165g","p":3.0,"u":"18,18 €/KG","img":"https://fd1-photos.leclercdrive.fr/image.ashx?id=2879802&use=l&cat=p&typeid=i","cat":289012},{"id":153967,"n":"Changes bébé Lotus Baby T2 Douceur naturelle 3/6kg - x45","p":14.9,"u":"0,33 €/P","img":"https://fd1-photos.leclercdrive.fr/image.ashx?id=2909206&use=l&cat=p&typeid=i","cat":284737},{"id":153994,"n":"Lentilles vertes Vivien Paille 500g","p":1.74,"u":"3,48 €/KG","img":"https://fd1-photos.leclercdrive.fr/image.ashx?id=2247697&use=l&cat=p&typeid=i","cat":312609},{"id":154102,"n":"Street pizza Grando's Salami - 190g","p":2.18,"u":"11,47 €/KG","img":"https://fd1-photos.leclercdrive.fr/image.ashx?id=2760151&use=l&cat=p&typeid=i","cat":284256},{"id":154631,"n":"Boisson multifruits Jafun Format poche - 10x20Cl","p":3.4,"u":"1,70 €/L","img":"https://fd1-photos.leclercdrive.fr/image.ashx?id=2992561&use=l&cat=p&typeid=i","cat":284524},{"id":155123,"n":"Biscuits fourrés  BN Fraises - 285g","p":1.38,"u":"4,84 €/KG","img":"https://fd1-photos.leclercdrive.fr/image.ashx?id=2878804&use=l&cat=p&typeid=i","cat":284489},{"id":155134,"n":"Knacki original Herta x4 - 140g","p":1.38,"u":"9,86 €/KG","img":"https://fd1-photos.leclercdrive.fr/image.ashx?id=2289840&use=l&cat=p&typeid=i","cat":316012},{"id":155295,"n":"Préparation Cookies alsa Pépites de Chocolat - 240g","p":2.19,"u":"9,13 €/KG","img":"https://fd1-photos.leclercdrive.fr/image.ashx?id=2996446&use=l&cat=p&typeid=i","cat":284505},{"id":155300,"n":"Capsules Starbucks by Nespresso  Italian Style Int 11 - x10","p":3.8,"u":"67,86 €/KG","img":"https://fd1-photos.leclercdrive.fr/image.ashx?id=2654068&use=l&cat=p&typeid=i","cat":284749},{"id":155301,"n":"Biscuit BN chocolat 285g","p":1.36,"u":"4,77 €/KG","img":"https://fd1-photos.leclercdrive.fr/image.ashx?id=2810705&use=l&cat=p&typeid=i","cat":284488},{"id":155303,"n":"Briochettes Pasquier x12 - 480g","p":2.28,"u":"4,75 €/KG","img":"https://fd1-photos.leclercdrive.fr/image.ashx?id=2417857&use=l&cat=p&typeid=i","cat":284478},{"id":155334,"n":"Gel répulsif Junior Autan Anti-moustique - 100 ml","p":6.99,"u":"69,90 €/L","img":"https://fd1-photos.leclercdrive.fr/image.ashx?id=2791584&use=l&cat=p&typeid=i","cat":299654},{"id":155335,"n":"Répulsif anti-moustiques Autan Tropical - 100ml","p":6.52,"u":"65,20 €/L","img":"https://fd1-photos.leclercdrive.fr/image.ashx?id=2791572&use=l&cat=p&typeid=i","cat":298368},{"id":155340,"n":"Spray répulsif moustiques Autan Tropical - 100 ml","p":8.41,"u":"84,10 €/L","img":"https://fd1-photos.leclercdrive.fr/image.ashx?id=2791566&use=l&cat=p&typeid=i","cat":299654},{"id":155352,"n":"Piles alcalines Eco+ LR14/C x6","p":2.95,"img":"https://fd1-photos.leclercdrive.fr/image.ashx?id=2102974&use=l&cat=p&typeid=i","cat":300572},{"id":155411,"n":"Chewing-gum Mentos Pure Fresh  Cerise sans sucres - 100g","p":4.29,"u":"42,90 €/KG","img":"https://fd1-photos.leclercdrive.fr/image.ashx?id=2659807&use=l&cat=p&typeid=i","cat":304251},{"id":155437,"n":"Tête franges la Véritable Elephant - x1","p":5.78,"img":"https://fd1-photos.leclercdrive.fr/image.ashx?id=2571494&use=l&cat=p&typeid=i","cat":284669},{"id":155511,"n":"Nettoyant Lave-Linge Destop  Désinfectant - x2","p":5.09,"u":"10,18 €/L","img":"https://fd1-photos.leclercdrive.fr/image.ashx?id=2831735&use=l&cat=p&typeid=i","cat":284653},{"id":155549,"n":"Glace Bâtonnet MAGNUM Double Gold Caramel 4x85ml","p":2.97,"u":"10,46 €/KG","img":"https://fd1-photos.leclercdrive.fr/image.ashx?id=2770620&use=l&cat=p&typeid=i","cat":284265},{"id":155551,"n":"Mini bâtonnet Magnum  Double gold caramel x6 - 282g","p":4.54,"u":"16,10 €/KG","img":"https://fd1-photos.leclercdrive.fr/image.ashx?id=2769239&use=l&cat=p&typeid=i","cat":284265},{"id":155717,"n":"Sauce apéritif  Doritos Goût salsa douce -280g","p":2.48,"u":"8,86 €/KG","img":"https://fd1-photos.leclercdrive.fr/image.ashx?id=3014476&use=l&cat=p&typeid=i","cat":284451},{"id":155772,"n":"Spray Détachant à Sec Vanish  500ml","p":4.98,"u":"9,96 €/L","img":"https://fd1-photos.leclercdrive.fr/image.ashx?id=2680410&use=l&cat=p&typeid=i","cat":284651},{"id":155776,"n":"Shampoing Le Petit Marseillais  Calendula & coco - 250ml","p":2.15,"u":"8,60 €/L","img":"https://fd1-photos.leclercdrive.fr/image.ashx?id=2684173&use=l&cat=p&typeid=i","cat":284606},{"id":155795,"n":"Soda Coca-Cola - SANS SUCRES Canette - 6x33cl","p":3.45,"u":"1,74 €/L","img":"https://fd1-photos.leclercdrive.fr/image.ashx?id=2736805&use=l&cat=p&typeid=i","cat":284530},{"id":155816,"n":"Compote avec morceaux Andros Framboise - 4x100g","p":2.66,"u":"6,65 €/KG","img":"https://fd1-photos.leclercdrive.fr/image.ashx?id=2908201&use=l&cat=p&typeid=i","cat":284416},{"id":155820,"n":"Salade Batavia verte 1p","p":0.99,"img":"https://fd1-photos.leclercdrive.fr/image.ashx?id=1633577&use=l&cat=p&typeid=i","cat":284352},{"id":155821,"n":"Chou romanesco 1p","p":3.99,"img":"https://fd1-photos.leclercdrive.fr/image.ashx?id=1631949&use=l&cat=p&typeid=i","cat":284352},{"id":155823,"n":"Oignon botte 1p","p":1.99,"img":"https://fd1-photos.leclercdrive.fr/image.ashx?id=1631355&use=l&cat=p&typeid=i","cat":284352},{"id":155828,"n":"Chou rouge 1p","p":2.89,"img":"https://fd1-photos.leclercdrive.fr/image.ashx?id=560850&use=l&cat=p&typeid=i","cat":284352},{"id":155829,"n":"Salade laitue verte 1p","p":0.99,"img":"https://fd1-photos.leclercdrive.fr/image.ashx?id=1633040&use=l&cat=p&typeid=i","cat":284352},{"id":155833,"n":"Feuille de chêne rouge 1p","p":1.49,"img":"https://fd1-photos.leclercdrive.fr/image.ashx?id=1633670&use=l&cat=p&typeid=i","cat":284352},{"id":155892,"n":"Blanc de Poulet Le Gaulois Sans nitrites x4 - 160g","p":2.26,"u":"14,13 €/KG","img":"https://fd1-photos.leclercdrive.fr/image.ashx?id=2962620&use=l&cat=p&typeid=i","cat":316010},{"id":155894,"n":"Blanc de Dinde Le Gaulois Sans nitrites x4 tranches -160g","p":2.18,"u":"13,63 €/KG","img":"https://fd1-photos.leclercdrive.fr/image.ashx?id=2962623&use=l&cat=p&typeid=i","cat":316010},{"id":155900,"n":"Boisson aux Fruits Jafun Tropical - 10x20cl","p":3.4,"u":"1,70 €/L","img":"https://fd1-photos.leclercdrive.fr/image.ashx?id=2992567&use=l&cat=p&typeid=i","cat":295018},{"id":155913,"n":"Brochette 15cm x75","p":0.67,"img":"https://fd1-photos.leclercdrive.fr/image.ashx?id=2118066&use=l&cat=p&typeid=i","cat":334135},{"id":155917,"n":"Bol pâtissier inox x1","p":6.9,"img":"https://fd1-photos.leclercdrive.fr/image.ashx?id=2118078&use=l&cat=p&typeid=i","cat":334135},{"id":155945,"n":"Couvercles extensibles en silicone-  x5","p":4.9,"img":"https://fd1-photos.leclercdrive.fr/image.ashx?id=2118150&use=l&cat=p&typeid=i","cat":334134},{"id":155996,"n":"Bouchons collerette Homeside - x1","p":1.9,"img":"https://fd1-photos.leclercdrive.fr/image.ashx?id=2118075&use=l&cat=p&typeid=i","cat":334135},{"id":156020,"n":"Soda Sprite Canette - 6x33cl","p":3.63,"u":"1,83 €/L","img":"https://fd1-photos.leclercdrive.fr/image.ashx?id=2973994&use=l&cat=p&typeid=i","cat":284531},{"id":156022,"n":"Soda Coca Cola Cherry Canette 6x33cl","p":4.43,"u":"2,24 €/L","img":"https://fd1-photos.leclercdrive.fr/image.ashx?id=2997226&use=l&cat=p&typeid=i","cat":284530},{"id":156028,"n":"Sucre Poudre Daddy Extra Fin profil pack 750g","p":1.89,"u":"2,52 €/KG","img":"https://fd1-photos.leclercdrive.fr/image.ashx?id=2936074&use=l&cat=p&typeid=i","cat":284502},{"id":156047,"n":"Sardines  Connétable Huile d'olive et échalotes 135g","p":2.64,"u":"19,56 €/KG","img":"https://fd1-photos.leclercdrive.fr/image.ashx?id=2902711&use=l&cat=p&typeid=i","cat":305146},{"id":156067,"n":"Soda Coca-Cola Canette - 6x33cl","p":4.21,"u":"2,13 €/L","img":"https://fd1-photos.leclercdrive.fr/image.ashx?id=2997229&use=l&cat=p&typeid=i","cat":284530},{"id":156074,"n":"Déodorant spray Monsavon Compressé - Vanille - 2x100ml","p":4.08,"u":"20,40 €/L","img":"https://fd1-photos.leclercdrive.fr/image.ashx?id=2655226&use=l&cat=p&typeid=i","cat":284595},{"id":156132,"n":"Déodorant spray Monsavon Compressé - Cerisier - 2x100ml","p":4.05,"u":"20,25 €/L","img":"https://fd1-photos.leclercdrive.fr/image.ashx?id=2657634&use=l&cat=p&typeid=i","cat":284595},{"id":156135,"n":"Soda Coca-Cola canettes 12x33cl","p":8.56,"u":"2,16 €/L","img":"https://fd1-photos.leclercdrive.fr/image.ashx?id=2192940&use=l&cat=p&typeid=i","cat":284530},{"id":156138,"n":"Soda Coca-Cola Original Canettes - 20x33cl","p":14.05,"u":"2,13 €/L","img":"https://fd1-photos.leclercdrive.fr/image.ashx?id=2846766&use=l&cat=p&typeid=i","cat":284530},{"id":156139,"n":"Soda Coca-Cola - SANS SUCRES Canettes - 20x33cl","p":11.46,"u":"1,74 €/L","img":"https://fd1-photos.leclercdrive.fr/image.ashx?id=2174513&use=l&cat=p&typeid=i","cat":284530},{"id":156140,"n":"Soda Fanta Mangue fruit du dragon canettes - 6x33cl","p":3.25,"u":"1,64 €/L","img":"https://fd1-photos.leclercdrive.fr/image.ashx?id=2996118&use=l&cat=p&typeid=i","cat":284532},{"id":156141,"n":"Soda Fanta citron frappé canettes - 6x33cl","p":3.25,"u":"1,64 €/L","img":"https://fd1-photos.leclercdrive.fr/image.ashx?id=2660212&use=l&cat=p&typeid=i","cat":284532},{"id":156145,"n":"Thé glacé Fuze tea Saveur pêche - 1,75L","p":1.98,"u":"1,13 €/L","img":"https://fd1-photos.leclercdrive.fr/image.ashx?id=2944395&use=l&cat=p&typeid=i","cat":295019},{"id":156151,"n":"Cônes Extrême Sundae Caramel - 438g","p":3.76,"u":"8,58 €/KG","img":"https://fd1-photos.leclercdrive.fr/image.ashx?id=2844034&use=l&cat=p&typeid=i","cat":284264},{"id":156156,"n":"Fromage enfant Kiri crème 8 portions à tartiner - 144g","p":1.97,"u":"0,25 €/P","img":"https://fd1-photos.leclercdrive.fr/image.ashx?id=2973562&use=l&cat=p&typeid=i","cat":314030},{"id":156171,"n":"Sablés Michel et Augustin Parmigiano reggiano - 100g","p":2.92,"u":"29,20 €/KG","img":"https://fd1-photos.leclercdrive.fr/image.ashx?id=2114218&use=l&cat=p&typeid=i","cat":297000},{"id":156186,"n":"Mini marbrés Bio Village Bio - 140g","p":2.83,"u":"20,21 €/KG","img":"https://fd1-photos.leclercdrive.fr/image.ashx?id=2893600&use=l&cat=p&typeid=i","cat":284495},{"id":156187,"n":"Mini gâteau fourré Bio Village Fraise Bio - 140g","p":2.28,"u":"16,29 €/KG","img":"https://fd1-photos.leclercdrive.fr/image.ashx?id=2816160&use=l&cat=p&typeid=i","cat":284495},{"id":156188,"n":"Préparation Flan Pâtissier alsa Vanille - 740g","p":2.65,"u":"3,58 €/KG","img":"https://fd1-photos.leclercdrive.fr/image.ashx?id=2790591&use=l&cat=p&typeid=i","cat":284505},{"id":156193,"n":"Farine blé T45 Francine 750g","p":1.53,"u":"2,04 €/KG","img":"https://fd1-photos.leclercdrive.fr/image.ashx?id=2989141&use=l&cat=p&typeid=i","cat":284503},{"id":156198,"n":"Bière blonde Tripel Karmeliet 8,4% - 6x33cl","p":10.98,"u":"5,55 €/L","img":"https://fd1-photos.leclercdrive.fr/image.ashx?id=2675586&use=l&cat=p&typeid=i","cat":334872},{"id":156200,"n":"Wraps Old El Paso de blé nature format familial x10 - 580g","p":4.0,"u":"6,90 €/KG","img":"https://fd1-photos.leclercdrive.fr/image.ashx?id=2745352&use=l&cat=p&typeid=i","cat":288993},{"id":156223,"n":"Croquette Truite One Sterilcat Indoor formula","p":14.22,"u":"4,74 €/KG","img":"https://fd1-photos.leclercdrive.fr/image.ashx?id=2488076&use=l&cat=p&typeid=i","cat":284680},{"id":156226,"n":"Croquette chat Purina One Dual Nature cranberry 1,4kg","p":7.57,"u":"5,41 €/KG","img":"https://fd1-photos.leclercdrive.fr/image.ashx?id=2868155&use=l&cat=p&typeid=i","cat":284680},{"id":156299,"n":"Yaourt à la grecque YAOS  Vanille - 8x125g","p":4.14,"u":"4,14 €/KG","img":"https://fd1-photos.leclercdrive.fr/image.ashx?id=3007942&use=l&cat=p&typeid=i","cat":314999},{"id":156334,"n":"Grissini artigianali Florelli Multigraines - 250g","p":2.18,"u":"8,72 €/KG","img":"https://fd1-photos.leclercdrive.fr/image.ashx?id=2475864&use=l&cat=p&typeid=i","cat":289010},{"id":156343,"n":"Abondance AOP NRT L'Atelier Fromagerie - 150g","p":3.2,"u":"21,33 €/KG","img":"https://fd1-photos.leclercdrive.fr/image.ashx?id=2123907&use=l&cat=p&typeid=i","cat":314036},{"id":156345,"n":"Fromage Bleu de Laqueuille L'Atelier Fromagerie - 150g","p":2.4,"u":"16,00 €/KG","img":"https://fd1-photos.leclercdrive.fr/image.ashx?id=2130002&use=l&cat=p&typeid=i","cat":327294},{"id":156346,"n":"Pointe Brie de Meaux AOP L'Atelier Fromagerie - 200g","p":3.19,"u":"15,95 €/KG","img":"https://fd1-photos.leclercdrive.fr/image.ashx?id=2123910&use=l&cat=p&typeid=i","cat":314036},{"id":156347,"n":"Pointe de Melun AOP L'Atelier Fromagerie - 185g","p":4.25,"u":"22,97 €/KG","img":"https://fd1-photos.leclercdrive.fr/image.ashx?id=2124128&use=l&cat=p&typeid=i","cat":314036},{"id":156348,"n":"Cantal Entre deux AOP NRT L'Atelier Fromagerie - 200g","p":3.5,"u":"17,50 €/KG","img":"https://fd1-photos.leclercdrive.fr/image.ashx?id=2398788&use=l&cat=p&typeid=i","cat":327294},{"id":156352,"n":"Gruyère français IGP L'Atelier Fromagerie - 150g","p":2.59,"u":"17,27 €/KG","img":"https://fd1-photos.leclercdrive.fr/image.ashx?id=2123919&use=l&cat=p&typeid=i","cat":327294},{"id":156355,"n":"Grana padano 20 mois AOP L'Atelier Fromagerie - 180g","p":3.99,"u":"22,17 €/KG","img":"https://fd1-photos.leclercdrive.fr/image.ashx?id=2817178&use=l&cat=p&typeid=i","cat":314036},{"id":156397,"n":"Glaces Ferrero Rocher x4 chocolat lait noisettes - 200g","p":3.45,"img":"https://fd1-photos.leclercdrive.fr/image.ashx?id=2759065&use=l&cat=p&typeid=i","cat":284265},{"id":156415,"n":"Bâtonnet Raffaello  Noix de coco amandes x4 - 188g","p":3.57,"u":"18,99 €/KG","img":"https://fd1-photos.leclercdrive.fr/image.ashx?id=2863890&use=l&cat=p&typeid=i","cat":284265},{"id":156423,"n":"Filets de poulet Auvergne NRT x2 Label Rouge - 265g","p":5.99,"u":"22,60 €/KG","img":"https://fd1-photos.leclercdrive.fr/image.ashx?id=2699834&use=l&cat=p&typeid=i","cat":284336},{"id":156428,"n":"Friandises chien Pedigree Schmackos volaille x20 - 144g","p":2.44,"u":"16,94 €/KG","img":"https://fd1-photos.leclercdrive.fr/image.ashx?id=2850174&use=l&cat=p&typeid=i","cat":294527},{"id":156476,"n":"Fromage Feta Grecque Islos AOP - 150g","p":2.88,"u":"19,20 €/KG","img":"https://fd1-photos.leclercdrive.fr/image.ashx?id=2892625&use=l&cat=p&typeid=i","cat":314026},{"id":156493,"n":"Petit pot bébé Blédina 6 mois  Légumes bœuf - 2x200g","p":2.17,"u":"5,43 €/KG","img":"https://fd1-photos.leclercdrive.fr/image.ashx?id=2968091&use=l&cat=p&typeid=i","cat":312236},{"id":156495,"n":"Petit pot bébé Blédina 6 mois Légumes lieu - 2x200g","p":1.82,"u":"4,55 €/KG","img":"https://fd1-photos.leclercdrive.fr/image.ashx?id=2935771&use=l&cat=p&typeid=i","cat":312236},{"id":156496,"n":"Petit pot bébé Blédina 6 mois Potimarron jambon - 2x200g","p":2.01,"u":"5,03 €/KG","img":"https://fd1-photos.leclercdrive.fr/image.ashx?id=2935768&use=l&cat=p&typeid=i","cat":312236},{"id":156497,"n":"Petit pot bébé Blédina 8 mois Riz ratatouille poisson -2x200g","p":2.19,"u":"5,48 €/KG","img":"https://fd1-photos.leclercdrive.fr/image.ashx?id=2911208&use=l&cat=p&typeid=i","cat":312236},{"id":156499,"n":"Petit pot bébé Blédina 8 mois Légumes poulet - 2x200g","p":1.97,"u":"4,93 €/KG","img":"https://fd1-photos.leclercdrive.fr/image.ashx?id=2935765&use=l&cat=p&typeid=i","cat":312236},{"id":156501,"n":"Petit pot bébé Blédina 6 mois Légumes jambon - 2x200g","p":2.05,"u":"5,13 €/KG","img":"https://fd1-photos.leclercdrive.fr/image.ashx?id=2948767&use=l&cat=p&typeid=i","cat":312236},{"id":156503,"n":"Petit pot bébé Blédina 6 mois  Légumes verts poulet - 2x200g","p":2.21,"u":"5,53 €/KG","img":"https://fd1-photos.leclercdrive.fr/image.ashx?id=2983063&use=l&cat=p&typeid=i","cat":312236},{"id":156527,"n":"Capsules Starbucks by Nespresso  Blonde Espresso Int 6 - x18","p":5.98,"u":"63,62 €/KG","img":"https://fd1-photos.leclercdrive.fr/image.ashx?id=2668177&use=l&cat=p&typeid=i","cat":284749},{"id":156528,"n":"Petit pot bébé Blédina 4-6 mois Carotte - 2x130g","p":1.26,"u":"4,85 €/KG","img":"https://fd1-photos.leclercdrive.fr/image.ashx?id=2911870&use=l&cat=p&typeid=i","cat":312234},{"id":156538,"n":"Compote bébé Blédina 6 mois  Aux fruits - 4x130g","p":2.6,"u":"5,00 €/KG","img":"https://fd1-photos.leclercdrive.fr/image.ashx?id=2911196&use=l&cat=p&typeid=i","cat":312388},{"id":156539,"n":"Petit pot bébé Blédina 6 mois Semoule carotte dinde - 2x200g","p":2.19,"u":"5,48 €/KG","img":"https://fd1-photos.leclercdrive.fr/image.ashx?id=2935774&use=l&cat=p&typeid=i","cat":312236},{"id":156540,"n":"Petit pot bébé Blédina 6 mois Patate douce carotte-2x200g","p":1.92,"u":"4,80 €/KG","img":"https://fd1-photos.leclercdrive.fr/image.ashx?id=2951617&use=l&cat=p&typeid=i","cat":312235},{"id":156563,"n":"Petit pot bébé Blédina 6 mois Purée carotte jambon - 2x200g","p":2.07,"u":"5,18 €/KG","img":"https://fd1-photos.leclercdrive.fr/image.ashx?id=2935762&use=l&cat=p&typeid=i","cat":312236},{"id":156564,"n":"Petit pot bébé Blédina 6 mois Riz tomate poulet - 2x200g","p":2.04,"u":"5,10 €/KG","img":"https://fd1-photos.leclercdrive.fr/image.ashx?id=2951614&use=l&cat=p&typeid=i","cat":312236},{"id":156598,"n":"Biscuits fourrés bio Jardin Bio Chocolat - 300g","p":2.38,"u":"7,93 €/KG","img":"https://fd1-photos.leclercdrive.fr/image.ashx?id=2903353&use=l&cat=p&typeid=i","cat":284488},{"id":156638,"n":"Emincés de truites fumé ASC Ronde des Mers - 100g","p":4.29,"u":"42,90 €/KG","img":"https://fd1-photos.leclercdrive.fr/image.ashx?id=2953638&use=l&cat=p&typeid=i","cat":285188},{"id":157555,"n":"Olives vertes dénoyautées Au Piment d'Espelette - 200g","p":2.98,"u":"14,90 €/KG","img":"https://fd1-photos.leclercdrive.fr/image.ashx?id=2409274&use=l&cat=p&typeid=i","cat":316002},{"id":157611,"n":"Bière blonde La Bête 8° - 75cl","p":4.29,"u":"5,72 €/L","img":"https://fd1-photos.leclercdrive.fr/image.ashx?id=3011242&use=l&cat=p&typeid=i","cat":334872},{"id":157628,"n":"Crème corps Mixa  Peaux Sèches, Sensibles - 400ml","p":4.6,"u":"11,50 €/L","img":"https://fd1-photos.leclercdrive.fr/image.ashx?id=2338432&use=l&cat=p&typeid=i","cat":325350},{"id":157633,"n":"Crème Fixodent Prothesis Dual protection - 40g","p":4.66,"u":"116,50 €/KG","img":"https://fd1-photos.leclercdrive.fr/image.ashx?id=2239071&use=l&cat=p&typeid=i","cat":285158},{"id":157655,"n":"Crème main Le Petit Marseillais Réparation - Karité - 75ml","p":1.96,"u":"26,13 €/L","img":"https://fd1-photos.leclercdrive.fr/image.ashx?id=2901893&use=l&cat=p&typeid=i","cat":325354},{"id":157656,"n":"Brosse à dents électrique Oral B Cross Action - x1","p":39.91,"img":"https://fd1-photos.leclercdrive.fr/image.ashx?id=2538049&use=l&cat=p&typeid=i","cat":297133},{"id":157665,"n":"Tenders de filet de poulet Maître coq - 380g","p":4.89,"pp":3.99,"u":"10,50 €/KG","img":"https://fd1-photos.leclercdrive.fr/image.ashx?id=2373405&use=l&cat=p&typeid=i","cat":319780},{"id":157777,"n":"Lave glace hiver TECH9 -30° - Dégivrant - 5L","p":6.99,"u":"1,40 €/L","img":"https://fd1-photos.leclercdrive.fr/image.ashx?id=2162702&use=l&cat=p&typeid=i","cat":298252},{"id":157802,"n":"Nettoyant plancha Calumet 500ml","p":4.18,"u":"8,36 €/L","img":"https://fd1-photos.leclercdrive.fr/image.ashx?id=2136514&use=l&cat=p&typeid=i","cat":325357},{"id":157914,"n":"Bière Météor IPA 6 x 25cl","p":5.83,"u":"3,89 €/L","img":"https://fd1-photos.leclercdrive.fr/image.ashx?id=2989138&use=l&cat=p&typeid=i","cat":334873},{"id":157960,"n":"Infusion minceur Bio Village Bio - x20 - 30g","p":1.55,"u":"51,67 €/KG","img":"https://fd1-photos.leclercdrive.fr/image.ashx?id=2553935&use=l&cat=p&typeid=i","cat":293234},{"id":158143,"n":"Bière menthe Desperados Virgin Mojito - 00%vol - 3x33cl","p":4.01,"u":"4,05 €/L","img":"https://fd1-photos.leclercdrive.fr/image.ashx?id=2975164&use=l&cat=p&typeid=i","cat":334877},{"id":158145,"n":"Bière agrumes Desperados Virgin 0%vol - 6x33cl","p":7.74,"u":"3,91 €/L","img":"https://fd1-photos.leclercdrive.fr/image.ashx?id=2767519&use=l&cat=p&typeid=i","cat":334877},{"id":158181,"n":"Gel Douche Le Petit Marseillais  Bio peche & nectarine-250ml","p":2.41,"u":"9,64 €/L","img":"https://fd1-photos.leclercdrive.fr/image.ashx?id=2685141&use=l&cat=p&typeid=i","cat":284594},{"id":158194,"n":"Teinture liquide Ideal Mini 13 noir - 90g","p":2.14,"u":"23,78 €/KG","img":"https://fd1-photos.leclercdrive.fr/image.ashx?id=2127232&use=l&cat=p&typeid=i","cat":284651},{"id":158220,"n":"Rhum Havana Club 3 ans 37,5% vol - 70cl","p":16.24,"u":"23,20 €/L","img":"https://fd1-photos.leclercdrive.fr/image.ashx?id=2874096&use=l&cat=p&typeid=i","cat":284550},{"id":158255,"n":"Serum visage La Provençale Bio Anti-âge - 30ml","p":11.49,"u":"383,00 €/L","img":"https://fd1-photos.leclercdrive.fr/image.ashx?id=2971155&use=l&cat=p&typeid=i","cat":325345},{"id":158285,"n":"Glace Ben & Jerry's Mini pots Cool-loction 4x100ml","p":6.29,"u":"21,84 €/KG","img":"https://fd1-photos.leclercdrive.fr/image.ashx?id=3009278&use=l&cat=p&typeid=i","cat":284725},{"id":158329,"n":"Gel Douche Le Petit Marseillais  Bio amande douce - 250ml","p":2.54,"u":"10,16 €/L","img":"https://fd1-photos.leclercdrive.fr/image.ashx?id=2685144&use=l&cat=p&typeid=i","cat":284594},{"id":158352,"n":"Gel Douche Le Petit Marseillais Bio Recharge Amande - 250ml","p":1.77,"u":"7,08 €/L","img":"https://fd1-photos.leclercdrive.fr/image.ashx?id=2128914&use=l&cat=p&typeid=i","cat":284594},{"id":158374,"n":"Shampoing Le Petit Marseillais  Thym & the vert - 250ml","p":2.1,"u":"8,40 €/L","img":"https://fd1-photos.leclercdrive.fr/image.ashx?id=2684176&use=l&cat=p&typeid=i","cat":284606},{"id":158391,"n":"Nuggets végétaux HappyVore - 210g","p":3.69,"u":"17,57 €/KG","img":"https://fd1-photos.leclercdrive.fr/image.ashx?id=2965241&use=l&cat=p&typeid=i","cat":316036},{"id":158571,"n":"Plat bébé Blédina 8 mois  Pâtes tomate boeuf - 2x200g","p":2.92,"u":"7,30 €/KG","img":"https://fd1-photos.leclercdrive.fr/image.ashx?id=2975092&use=l&cat=p&typeid=i","cat":312236},{"id":158575,"n":"Single malt Scotch Glenfiddich Tripple Oak 40%vol - 70cl 12ans","p":33.45,"pp":30.95,"u":"44,21 €/L","img":"https://fd1-photos.leclercdrive.fr/image.ashx?id=2131596&use=l&cat=p&typeid=i","cat":284547},{"id":158601,"n":"Sirop La Maison Guiot Framboise fruit de la passion - 70cl","p":3.95,"u":"5,64 €/L","img":"https://fd1-photos.leclercdrive.fr/image.ashx?id=2857168&use=l&cat=p&typeid=i","cat":295020},{"id":158631,"n":"Plat bébé soir Blédiner 8 mois  Pâtes épinards - 2x200g","p":2.49,"u":"6,23 €/KG","img":"https://fd1-photos.leclercdrive.fr/image.ashx?id=2845868&use=l&cat=p&typeid=i","cat":312239},{"id":158647,"n":"Filets de poulet Périgord NRT x2 Label Rouge - 265g","p":5.99,"u":"22,60 €/KG","img":"https://fd1-photos.leclercdrive.fr/image.ashx?id=2699837&use=l&cat=p&typeid=i","cat":284336},{"id":158649,"n":"Lait céréales Blédidej 12 mois Biscuité vanille - 500ml","p":1.72,"u":"3,44 €/KG","img":"https://fd1-photos.leclercdrive.fr/image.ashx?id=2503728&use=l&cat=p&typeid=i","cat":312226},{"id":158715,"n":"Doomino St Michel Choco Noisette x6 - 180g","p":1.93,"u":"10,72 €/KG","img":"https://fd1-photos.leclercdrive.fr/image.ashx?id=2953495&use=l&cat=p&typeid=i","cat":284495},{"id":158762,"n":"Film multi-usages Alfapac 30m","p":2.1,"u":"0,08 €/MT","img":"https://fd1-photos.leclercdrive.fr/image.ashx?id=2918277&use=l&cat=p&typeid=i","cat":334134},{"id":158784,"n":"Petit pot bébé Blédina 8 mois Légumes viande poisson - 8x200g","p":8.44,"u":"5,28 €/KG","img":"https://fd1-photos.leclercdrive.fr/image.ashx?id=2935777&use=l&cat=p&typeid=i","cat":312236},{"id":158787,"n":"Petit pot bébé Blédina 6 mois Légume viande poisson - 8x200g","p":7.67,"u":"4,79 €/KG","img":"https://fd1-photos.leclercdrive.fr/image.ashx?id=2948773&use=l&cat=p&typeid=i","cat":312236},{"id":158788,"n":"Noisette décortiquée Vahiné 125g","p":3.44,"u":"27,52 €/KG","img":"https://fd1-photos.leclercdrive.fr/image.ashx?id=2559814&use=l&cat=p&typeid=i","cat":284504},{"id":158789,"n":"Levure boulanger Vahiné x6 - 48g","p":1.02,"u":"21,25 €/KG","img":"https://fd1-photos.leclercdrive.fr/image.ashx?id=2559793&use=l&cat=p&typeid=i","cat":294686},{"id":158791,"n":"Poivre noir grain Ducros 200g - n°6","p":8.09,"u":"40,45 €/KG","img":"https://fd1-photos.leclercdrive.fr/image.ashx?id=2486599&use=l&cat=p&typeid=i","cat":284457},{"id":158797,"n":"Lait céréales Blédidej 12 mois Chocolat - 500ml","p":1.78,"u":"3,56 €/L","img":"https://fd1-photos.leclercdrive.fr/image.ashx?id=2479042&use=l&cat=p&typeid=i","cat":312226},{"id":158803,"n":"Rotella Haribo Sachet bonbons réglisse - 300g","p":1.38,"u":"4,60 €/KG","img":"https://fd1-photos.leclercdrive.fr/image.ashx?id=2982402&use=l&cat=p&typeid=i","cat":304250},{"id":158805,"n":"Quinoa gourmand Tipiak Aux épices douces 240g","p":2.7,"u":"11,25 €/KG","img":"https://fd1-photos.leclercdrive.fr/image.ashx?id=2947054&use=l&cat=p&typeid=i","cat":284429},{"id":158806,"n":"Lait en poudre Blédilait Bébé 18 mois - 3 ans - 900g","p":11.14,"u":"12,38 €/KG","img":"https://fd1-photos.leclercdrive.fr/image.ashx?id=2458244&use=l&cat=p&typeid=i","cat":290219},{"id":158812,"n":"Nappage framboise Vahiné 155g","p":2.53,"u":"16,32 €/KG","img":"https://fd1-photos.leclercdrive.fr/image.ashx?id=2805267&use=l&cat=p&typeid=i","cat":284504},{"id":158861,"n":"AOP Riesling Cuvée Prestige Vin blanc Louis Hauller - 75cl","p":5.1,"u":"6,80 €/L","img":"https://fd1-photos.leclercdrive.fr/image.ashx?id=2640587&use=l&cat=p&typeid=i","cat":289557},{"id":158891,"n":"Boisson aux fruits Jafun Tropical - 1L","p":1.19,"u":"1,19 €/L","img":"https://fd1-photos.leclercdrive.fr/image.ashx?id=2913763&use=l&cat=p&typeid=i","cat":295018},{"id":158920,"n":"Petit pot bébé Blédina 6 mois Semoule épinards merlu - 2x200g","p":2.19,"u":"5,48 €/KG","img":"https://fd1-photos.leclercdrive.fr/image.ashx?id=2935759&use=l&cat=p&typeid=i","cat":312236},{"id":158936,"n":"Pains au lait La Boulangère x10 - 350g","p":1.97,"u":"5,63 €/KG","img":"https://fd1-photos.leclercdrive.fr/image.ashx?id=2912437&use=l&cat=p&typeid=i","cat":293505},{"id":158937,"n":"Sauce Tikka Masala Patak's 450g","p":2.77,"u":"6,16 €/KG","img":"https://fd1-photos.leclercdrive.fr/image.ashx?id=2593698&use=l&cat=p&typeid=i","cat":289012},{"id":158944,"n":"Sauce Tandoori Patak's 450g","p":3.34,"u":"7,42 €/KG","img":"https://fd1-photos.leclercdrive.fr/image.ashx?id=2762265&use=l&cat=p&typeid=i","cat":289012},{"id":158966,"n":"Rainbow Pik Haribo  Sachet bonbons acidulés - 200g","p":1.66,"u":"8,30 €/KG","img":"https://fd1-photos.leclercdrive.fr/image.ashx?id=2982408&use=l&cat=p&typeid=i","cat":304250},{"id":158970,"n":"Sauce Tomacouli Panzani - 200G","p":0.76,"u":"3,80 €/KG","img":"https://fd1-photos.leclercdrive.fr/image.ashx?id=2872853&use=l&cat=p&typeid=i","cat":288384},{"id":159112,"n":"Matière grasse St Hubert Doux - 500g","p":4.98,"u":"9,96 €/KG","img":"https://fd1-photos.leclercdrive.fr/image.ashx?id=2734084&use=l&cat=p&typeid=i","cat":315229},{"id":159212,"n":"Bloc WC Bref Deluxe Magnolia  Toilettes propres - 50g x1","p":1.94,"u":"38,80 €/KG","img":"https://fd1-photos.leclercdrive.fr/image.ashx?id=2907581&use=l&cat=p&typeid=i","cat":284662},{"id":159220,"n":"Dos de Cabillaud Findus MSC - x4 - 440g","p":11.55,"u":"26,25 €/KG","img":"https://fd1-photos.leclercdrive.fr/image.ashx?id=2735347&use=l&cat=p&typeid=i","cat":319786},{"id":159352,"n":"Concentré à diluer Pulco Citron Fraise - 70cl","p":2.7,"u":"3,86 €/L","img":"https://fd1-photos.leclercdrive.fr/image.ashx?id=2687782&use=l&cat=p&typeid=i","cat":295020},{"id":159394,"n":"Amandes émondées Vahiné 125g","p":4.39,"u":"35,12 €/KG","img":"https://fd1-photos.leclercdrive.fr/image.ashx?id=2606250&use=l&cat=p&typeid=i","cat":284357},{"id":159409,"n":"Amande éffilée grillée Vahiné 100g","p":4.23,"u":"42,30 €/KG","img":"https://fd1-photos.leclercdrive.fr/image.ashx?id=2387597&use=l&cat=p&typeid=i","cat":284357},{"id":159416,"n":"Thym Ducros Grand flacon - 85g","p":3.59,"u":"42,24 €/KG","img":"https://fd1-photos.leclercdrive.fr/image.ashx?id=2486557&use=l&cat=p&typeid=i","cat":298297},{"id":159448,"n":"Boisson aux fruits Jafun Pomme Cassis Framboise - 2L","p":1.49,"u":"0,75 €/L","img":"https://fd1-photos.leclercdrive.fr/image.ashx?id=2956924&use=l&cat=p&typeid=i","cat":295018},{"id":159506,"n":"Ravioli bolognaise Turini 300g","p":1.99,"u":"6,63 €/KG","img":"https://fd1-photos.leclercdrive.fr/image.ashx?id=2989709&use=l&cat=p&typeid=i","cat":333682},{"id":159519,"n":"Pates fusili Côté Snack Raclette - 300g","p":1.99,"u":"6,63 €/KG","img":"https://fd1-photos.leclercdrive.fr/image.ashx?id=2140203&use=l&cat=p&typeid=i","cat":334983},{"id":159627,"n":"Fromage Fol Epi  Originale 8 Tranches - 150g","p":2.23,"u":"14,87 €/KG","img":"https://fd1-photos.leclercdrive.fr/image.ashx?id=2456801&use=l&cat=p&typeid=i","cat":314028},{"id":159630,"n":"Pomme de terre Eco+ Epluchées - 1kg","p":1.95,"u":"1,95 €/KG","img":"https://fd1-photos.leclercdrive.fr/image.ashx?id=2699096&use=l&cat=p&typeid=i","cat":284352},{"id":159631,"n":"Betterave Eco+ 2x500g","p":1.44,"u":"1,44 €/KG","img":"https://fd1-photos.leclercdrive.fr/image.ashx?id=2669663&use=l&cat=p&typeid=i","cat":284352},{"id":159731,"n":"Pomme Gala Bio Good Goût Gourde - 4x85g","p":3.97,"u":"11,68 €/KG","img":"https://fd1-photos.leclercdrive.fr/image.ashx?id=2736118&use=l&cat=p&typeid=i","cat":312387},{"id":159732,"n":"Poire Williams Bio Good Goût Gourde - 4x85g","p":4.09,"u":"12,03 €/KG","img":"https://fd1-photos.leclercdrive.fr/image.ashx?id=2736121&use=l&cat=p&typeid=i","cat":312387},{"id":159733,"n":"Banane Bio Good Goût Gourde - 4x85g","p":4.0,"u":"11,76 €/KG","img":"https://fd1-photos.leclercdrive.fr/image.ashx?id=2736115&use=l&cat=p&typeid=i","cat":312387},{"id":159734,"n":"Pomme Figue Bio Good Goût Gourde - 120g","p":1.68,"u":"14,00 €/KG","img":"https://fd1-photos.leclercdrive.fr/image.ashx?id=2736082&use=l&cat=p&typeid=i","cat":312387},{"id":159735,"n":"Pomme Framboise Bio Good Goût - Gourde - 120g","p":1.62,"u":"13,50 €/KG","img":"https://fd1-photos.leclercdrive.fr/image.ashx?id=2736103&use=l&cat=p&typeid=i","cat":312387},{"id":159736,"n":"Biscuits Animaux Good Goût Bio Huile essentielles Citron 80g","p":3.48,"u":"43,50 €/KG","img":"https://fd1-photos.leclercdrive.fr/image.ashx?id=2697216&use=l&cat=p&typeid=i","cat":312227},{"id":159737,"n":"Biscuits Bio - Good Goût  10 mois  - 80g","p":3.7,"u":"46,25 €/KG","img":"https://fd1-photos.leclercdrive.fr/image.ashx?id=2697219&use=l&cat=p&typeid=i","cat":312227},{"id":159875,"n":"Bières Florida Sunrise - Desperados - 3x33cL","p":4.96,"u":"15,03 €/L","img":"https://fd1-photos.leclercdrive.fr/image.ashx?id=2977972&use=l&cat=p&typeid=i","cat":334878},{"id":159892,"n":"Petits pots bébé P'TITE RECETTE Risotto 8M+ - 2x200g","p":2.24,"u":"5,60 €/KG","img":"https://fd1-photos.leclercdrive.fr/image.ashx?id=2737132&use=l&cat=p&typeid=i","cat":312236},{"id":159897,"n":"Fromage Enfant Kiri Crème 12 portions à tartiner - 216g","p":2.88,"u":"13,33 €/KG","img":"https://fd1-photos.leclercdrive.fr/image.ashx?id=2973565&use=l&cat=p&typeid=i","cat":314030},{"id":159903,"n":"Boisson aux fruits Jafun Tropical - 2L","p":1.8,"u":"0,90 €/L","img":"https://fd1-photos.leclercdrive.fr/image.ashx?id=2897835&use=l&cat=p&typeid=i","cat":295018},{"id":159950,"n":"Desserts Lactés P'TIT GOURMAND  BIO Cacao  6M+ - 4x90g","p":2.34,"u":"26,00 €/KG","img":"https://fd1-photos.leclercdrive.fr/image.ashx?id=2481691&use=l&cat=p&typeid=i","cat":312392},{"id":159965,"n":"Capsules Starbucks by Nespresso  Colombia Int 7 - x18","p":5.98,"u":"59,21 €/KG","img":"https://fd1-photos.leclercdrive.fr/image.ashx?id=2668174&use=l&cat=p&typeid=i","cat":284749},{"id":159976,"n":"Repas Enfant Poulet Et Légumes  P'tite Recette - 2x200g","p":2.19,"u":"10,95 €/KG","img":"https://fd1-photos.leclercdrive.fr/image.ashx?id=2525723&use=l&cat=p&typeid=i","cat":312236},{"id":160106,"n":"Jus innocent  tutti frutti 1.5L","p":4.0,"u":"2,67 €/L","img":"https://fd1-photos.leclercdrive.fr/image.ashx?id=2907449&use=l&cat=p&typeid=i","cat":284354},{"id":160107,"n":"Jus innocent  pomme 1.5L","p":4.21,"u":"2,81 €/L","img":"https://fd1-photos.leclercdrive.fr/image.ashx?id=2893522&use=l&cat=p&typeid=i","cat":284354},{"id":160134,"n":"Tartare Végétal Lait d'Amande  Ail et Fines Herbes - 140g","p":2.19,"u":"15,64 €/KG","img":"https://fd1-photos.leclercdrive.fr/image.ashx?id=2928618&use=l&cat=p&typeid=i","cat":316070},{"id":160231,"n":"Cornichons Aigre Doux Lamelles Alélor - 72cl","p":4.12,"u":"5,72 €/L","img":"https://fd1-photos.leclercdrive.fr/image.ashx?id=2857252&use=l&cat=p&typeid=i","cat":284458},{"id":160238,"n":"Nappage Fruits rouges Vahiné 155g","p":2.89,"u":"18,65 €/KG","img":"https://fd1-photos.leclercdrive.fr/image.ashx?id=2805270&use=l&cat=p&typeid=i","cat":284504},{"id":160394,"n":"Yaourt à boire Actimel Nature - 6x100g","p":2.98,"u":"4,97 €/KG","img":"https://fd1-photos.leclercdrive.fr/image.ashx?id=2992723&use=l&cat=p&typeid=i","cat":284415},{"id":160428,"n":"Lessive liquide fraicheur Epsil 40 lavages - 2L","p":4.6,"u":"2,30 €/L","img":"https://fd1-photos.leclercdrive.fr/image.ashx?id=2602982&use=l&cat=p&typeid=i","cat":284640},{"id":160429,"n":"Lessive liquide printemps Epsil 40 Lavages - 2L","p":4.6,"u":"2,30 €/L","img":"https://fd1-photos.leclercdrive.fr/image.ashx?id=2602988&use=l&cat=p&typeid=i","cat":284640},{"id":160430,"n":"Lessive liquide sensitive Epsil 40 lavages - 2L","p":5.99,"u":"3,00 €/L","img":"https://fd1-photos.leclercdrive.fr/image.ashx?id=2838951&use=l&cat=p&typeid=i","cat":284640},{"id":160450,"n":"Vin de France rouge Terre Métissée - 75cl","p":6.45,"u":"8,60 €/L","img":"https://fd1-photos.leclercdrive.fr/image.ashx?id=2907608&use=l&cat=p&typeid=i","cat":289556},{"id":160454,"n":"Vin Rouge Italie  Tana Di Lupo Valpolicella 75cl","p":12.25,"u":"16,33 €/L","img":"https://fd1-photos.leclercdrive.fr/image.ashx?id=2154692&use=l&cat=p&typeid=i","cat":289556},{"id":160726,"n":"Cerise bigarreau St Mamet 240g","p":3.05,"u":"12,71 €/KG","img":"https://fd1-photos.leclercdrive.fr/image.ashx?id=2628425&use=l&cat=p&typeid=i","cat":284507},{"id":160820,"n":"Mozza Sticks Pickers by McCain Batonnets de mozzarella - 230g","p":3.19,"u":"13,87 €/KG","img":"https://fd1-photos.leclercdrive.fr/image.ashx?id=2920021&use=l&cat=p&typeid=i","cat":319822},{"id":160821,"n":"Onion rings Pickers by McCain 350g","p":3.27,"u":"9,34 €/KG","img":"https://fd1-photos.leclercdrive.fr/image.ashx?id=2920024&use=l&cat=p&typeid=i","cat":319822},{"id":160822,"n":"Italian Pops Pickers by McCain Bouchées tomates mozza - 230g","p":3.47,"u":"15,09 €/KG","img":"https://fd1-photos.leclercdrive.fr/image.ashx?id=2911588&use=l&cat=p&typeid=i","cat":319822},{"id":161003,"n":"Mayonnaise Bénédicta Nature - 510g","p":2.49,"u":"4,88 €/KG","img":"https://fd1-photos.leclercdrive.fr/image.ashx?id=2548225&use=l&cat=p&typeid=i","cat":298295},{"id":161007,"n":"Mayonnaise Bénédicta Nature - 400g","p":2.55,"u":"6,38 €/KG","img":"https://fd1-photos.leclercdrive.fr/image.ashx?id=2548237&use=l&cat=p&typeid=i","cat":298295},{"id":161043,"n":"Citrons verts bio Bio Village Barquette x3","p":2.89,"u":"0,96 €/P","img":"https://fd1-photos.leclercdrive.fr/image.ashx?id=2552017&use=l&cat=p&typeid=i","cat":284356},{"id":161082,"n":"Café capsules DOLCE GUSTO Starbucks vanilla macchiato 2x6","p":4.39,"u":"33,26 €/KG","img":"https://fd1-photos.leclercdrive.fr/image.ashx?id=2986912&use=l&cat=p&typeid=i","cat":293239},{"id":161098,"n":"Shampooing solide Bionaîa Cheveux normaux bio - 85g","p":2.99,"u":"35,18 €/KG","img":"https://fd1-photos.leclercdrive.fr/image.ashx?id=2835214&use=l&cat=p&typeid=i","cat":284606},{"id":161105,"n":"Morceaux de thon Petit Navire 2x112g","p":3.94,"u":"17,59 €/KG","img":"https://fd1-photos.leclercdrive.fr/image.ashx?id=2785130&use=l&cat=p&typeid=i","cat":303867},{"id":161117,"n":"Pizza 5 fromaggi Italpizza 520g","p":3.86,"u":"7,42 €/KG","img":"https://fd1-photos.leclercdrive.fr/image.ashx?id=2540877&use=l&cat=p&typeid=i","cat":284256},{"id":161123,"n":"Boisson aux fruits Jafun Fraise Framboise - 2L","p":2.12,"u":"1,06 €/L","img":"https://fd1-photos.leclercdrive.fr/image.ashx?id=2865287&use=l&cat=p&typeid=i","cat":295018},{"id":161126,"n":"Boisson aux fruits Jafun Multifruits - 2L","p":1.99,"u":"1,00 €/L","img":"https://fd1-photos.leclercdrive.fr/image.ashx?id=2897832&use=l&cat=p&typeid=i","cat":295018},{"id":161130,"n":"Boissons à base de fruit Jafun Pêche Abricot - 2L","p":1.99,"u":"1,00 €/L","img":"https://fd1-photos.leclercdrive.fr/image.ashx?id=2865293&use=l&cat=p&typeid=i","cat":295018},{"id":161131,"n":"Boisson à base de fruits Jafun Pomme Kiwi - 2L","p":2.6,"u":"1,30 €/L","img":"https://fd1-photos.leclercdrive.fr/image.ashx?id=2865299&use=l&cat=p&typeid=i","cat":295018},{"id":161144,"n":"Boisson à base de fruits Jafun Pomme poire - 2L","p":2.23,"u":"1,12 €/L","img":"https://fd1-photos.leclercdrive.fr/image.ashx?id=2865302&use=l&cat=p&typeid=i","cat":295018},{"id":161410,"n":"Pains hot dog La Fournée Dorée Brioch' x6 - 270g","p":1.84,"u":"6,81 €/KG","img":"https://fd1-photos.leclercdrive.fr/image.ashx?id=2406136&use=l&cat=p&typeid=i","cat":284985},{"id":161413,"n":"Confiture fraises Léonce Blanc 70% de fruits - 320g","p":2.98,"u":"9,31 €/KG","img":"https://fd1-photos.leclercdrive.fr/image.ashx?id=2181164&use=l&cat=p&typeid=i","cat":284480},{"id":161415,"n":"Confiture aux abricots Léonce Blanc 70% de fruits-320g","p":3.04,"u":"9,50 €/KG","img":"https://fd1-photos.leclercdrive.fr/image.ashx?id=2181161&use=l&cat=p&typeid=i","cat":284480},{"id":161433,"n":"Dragibus Doypack Haribo Sachet bonbons - 220g","p":1.87,"u":"8,50 €/KG","img":"https://fd1-photos.leclercdrive.fr/image.ashx?id=2984940&use=l&cat=p&typeid=i","cat":304250},{"id":161483,"n":"Lait Le Petit Marseillais Hydratant désaltérant 400ml","p":3.99,"u":"9,98 €/L","img":"https://fd1-photos.leclercdrive.fr/image.ashx?id=2157175&use=l&cat=p&typeid=i","cat":325349},{"id":161584,"n":"AOC vin blanc Alsace Riesling Bio Rebmann - 75cl","p":5.99,"u":"7,99 €/L","img":"https://fd1-photos.leclercdrive.fr/image.ashx?id=2685702&use=l&cat=p&typeid=i","cat":289557},{"id":161619,"n":"IGP pâtes Grand-Mère Coquillettes - 500g","p":1.93,"u":"3,86 €/KG","img":"https://fd1-photos.leclercdrive.fr/image.ashx?id=2191993&use=l&cat=p&typeid=i","cat":284427},{"id":161709,"n":"Déodorant bille Men Expert Thermic Resist - 50ml","p":2.55,"u":"51,00 €/L","img":"https://fd1-photos.leclercdrive.fr/image.ashx?id=2300518&use=l&cat=p&typeid=i","cat":284618},{"id":161766,"n":"AOP Coteaux Aix en Provence Rosé Estantdon X -75cl","p":6.95,"u":"9,27 €/L","img":"https://fd1-photos.leclercdrive.fr/image.ashx?id=2902720&use=l&cat=p&typeid=i","cat":289558},{"id":161809,"n":"Lait Solaire Soleil des Iles au monoï Spray IP50 - 150ml","p":9.92,"u":"66,13 €/L","img":"https://fd1-photos.leclercdrive.fr/image.ashx?id=2161675&use=l&cat=p&typeid=i","cat":325355},{"id":161867,"n":"Pineau des Charentes rosé Jules Gautret 17%vol. - 75cl","p":9.15,"u":"12,20 €/L","img":"https://fd1-photos.leclercdrive.fr/image.ashx?id=2503740&use=l&cat=p&typeid=i","cat":284913},{"id":161891,"n":"Pain burger Beau & Bon Harry's Brioché x4 - 300g","p":2.21,"u":"7,37 €/KG","img":"https://fd1-photos.leclercdrive.fr/image.ashx?id=2526830&use=l&cat=p&typeid=i","cat":325067},{"id":161894,"n":"Pain de mie 100% Mie Harrys Complet sans sucre ajouté- 500g","p":2.7,"u":"5,40 €/KG","img":"https://fd1-photos.leclercdrive.fr/image.ashx?id=2565780&use=l&cat=p&typeid=i","cat":284477},{"id":161914,"n":"Boisson aux fruits Jafun Tropical light - 2L","p":1.39,"u":"0,70 €/L","img":"https://fd1-photos.leclercdrive.fr/image.ashx?id=2720184&use=l&cat=p&typeid=i","cat":295018},{"id":161915,"n":"Boisson tropical brick Jafun 6x20cl","p":2.19,"u":"1,83 €/L","img":"https://fd1-photos.leclercdrive.fr/image.ashx?id=2529617&use=l&cat=p&typeid=i","cat":295018},{"id":162177,"n":"Gel Salle de bain & WC Glade Cerise & Pivoine 180g","p":1.97,"img":"https://fd1-photos.leclercdrive.fr/image.ashx?id=2454421&use=l&cat=p&typeid=i","cat":311628},{"id":162187,"n":"Skyr Bio Les 2 vaches Nature 0%MG - 480g","p":3.47,"u":"7,23 €/KG","img":"https://fd1-photos.leclercdrive.fr/image.ashx?id=2787293&use=l&cat=p&typeid=i","cat":315000},{"id":162257,"n":"Boisson pétillante Kidibul Pomme tropical - 75cl","p":2.89,"pp":1.91,"u":"2,55 €/L","img":"https://fd1-photos.leclercdrive.fr/image.ashx?id=2766063&use=l&cat=p&typeid=i","cat":289460},{"id":162271,"n":"Tablette de chocolat noir Lindt Intense 70% - 2x200g","p":6.46,"pp":4.26,"u":"10,65 €/KG","img":"https://fd1-photos.leclercdrive.fr/image.ashx?id=2208936&use=l&cat=p&typeid=i","cat":285562},{"id":162274,"n":"Sauce Crudités Benedicta  Nature légère - 295g","p":1.88,"u":"6,37 €/KG","img":"https://fd1-photos.leclercdrive.fr/image.ashx?id=2755206&use=l&cat=p&typeid=i","cat":284456},{"id":162358,"n":"Saucisson Mini Justin Bridou Bâton de Berger Noisette - 80g","p":2.22,"u":"27,75 €/KG","img":"https://fd1-photos.leclercdrive.fr/image.ashx?id=2165251&use=l&cat=p&typeid=i","cat":316006},{"id":162407,"n":"Lasagnes à la bolognaise L'Atelier Traiteur - 900g","p":7.29,"u":"8,10 €/KG","img":"https://fd1-photos.leclercdrive.fr/image.ashx?id=2572493&use=l&cat=p&typeid=i","cat":333666},{"id":162497,"n":"Changes Pampers Hybrid Starter Kit - x1 couche + 15 inserts","p":22.62,"u":"1,13 €/P","img":"https://fd1-photos.leclercdrive.fr/image.ashx?id=2355995&use=l&cat=p&typeid=i","cat":284737},{"id":162570,"n":"Sauce apéritif Doritos Goût salsa épicée -280g","p":2.45,"u":"8,75 €/KG","img":"https://fd1-photos.leclercdrive.fr/image.ashx?id=3014473&use=l&cat=p&typeid=i","cat":284451},{"id":162572,"n":"Sauce apéritif Doritos Goût sour cream -280g","p":2.48,"u":"8,86 €/KG","img":"https://fd1-photos.leclercdrive.fr/image.ashx?id=2167528&use=l&cat=p&typeid=i","cat":284451},{"id":162579,"n":"Tranches Pain Spécial Levain 5 Céréales et Graines 500g","p":1.99,"u":"3,98 €/KG","img":"https://fd1-photos.leclercdrive.fr/image.ashx?id=2170346&use=l&cat=p&typeid=i","cat":325069},{"id":162583,"n":"Thon entier MSC Saupiquet Nature - 93g","p":2.07,"u":"22,26 €/KG","img":"https://fd1-photos.leclercdrive.fr/image.ashx?id=2731546&use=l&cat=p&typeid=i","cat":303867},{"id":162596,"n":"Boisson aux fruits Jafun Orange - 2L","p":1.65,"u":"0,83 €/L","img":"https://fd1-photos.leclercdrive.fr/image.ashx?id=2897829&use=l&cat=p&typeid=i","cat":295018},{"id":162597,"n":"Lait concentré Régilait Sucré demi-écrémé - 300g","p":1.74,"u":"5,80 €/KG","img":"https://fd1-photos.leclercdrive.fr/image.ashx?id=2169956&use=l&cat=p&typeid=i","cat":293236},{"id":162720,"n":"Dentifrice Sensodyne Extra fresh - 2x 75ml","p":6.89,"u":"45,93 €/L","img":"https://fd1-photos.leclercdrive.fr/image.ashx?id=2829913&use=l&cat=p&typeid=i","cat":284612},{"id":162865,"n":"IGP Drôme Blanc Grenache Viognier - 75cl","p":4.86,"u":"6,48 €/L","img":"https://fd1-photos.leclercdrive.fr/image.ashx?id=2170301&use=l&cat=p&typeid=i","cat":289557},{"id":162922,"n":"Confiture Fraises Extra - Bio - 370g","p":2.98,"u":"8,05 €/KG","img":"https://fd1-photos.leclercdrive.fr/image.ashx?id=2557437&use=l&cat=p&typeid=i","cat":284480},{"id":162923,"n":"Confiture Abricot Extra - Bio - 370g","p":2.98,"u":"8,05 €/KG","img":"https://fd1-photos.leclercdrive.fr/image.ashx?id=2557434&use=l&cat=p&typeid=i","cat":284480},{"id":162925,"n":"Confiture Mirabelles Extra - Bio - 370g","p":3.14,"u":"8,49 €/KG","img":"https://fd1-photos.leclercdrive.fr/image.ashx?id=2954223&use=l&cat=p&typeid=i","cat":284480},{"id":162967,"n":"AOC Crémant Brut Cattin Frères - 75cl","p":6.35,"u":"8,47 €/L","img":"https://fd1-photos.leclercdrive.fr/image.ashx?id=2927492&use=l&cat=p&typeid=i","cat":284544},{"id":163021,"n":"Biscuits Knoppers Lait / Noisettes - 6x25g","p":2.07,"u":"13,80 €/KG","img":"https://fd1-photos.leclercdrive.fr/image.ashx?id=2659151&use=l&cat=p&typeid=i","cat":284488},{"id":163022,"n":"Lait Corps Le Petit Marseillais  Peau sensible aloe vera-250ml","p":3.36,"u":"13,44 €/L","img":"https://fd1-photos.leclercdrive.fr/image.ashx?id=2739815&use=l&cat=p&typeid=i","cat":325349},{"id":163078,"n":"Lardons fumés Schneider 1kg","p":10.79,"u":"10,79 €/KG","img":"https://fd1-photos.leclercdrive.fr/image.ashx?id=2173583&use=l&cat=p&typeid=i","cat":316011},{"id":163104,"n":"Chlore multi-actions 2.4kg","p":16.99,"u":"7,08 €/KG","img":"https://fd1-photos.leclercdrive.fr/image.ashx?id=2331345&use=l&cat=p&typeid=i","cat":335918},{"id":163105,"n":"Chlore choc Beaux Jours granules - 2,5 kg","p":17.99,"u":"7,20 €/KG","img":"https://fd1-photos.leclercdrive.fr/image.ashx?id=2331348&use=l&cat=p&typeid=i","cat":335918},{"id":163109,"n":"Gel douche bio Monsavon Citron verveine - 300ml","p":3.34,"u":"11,13 €/L","img":"https://fd1-photos.leclercdrive.fr/image.ashx?id=2338675&use=l&cat=p&typeid=i","cat":284594},{"id":163127,"n":"Thon entier nature MSC Saupiquet - 2x140g","p":5.15,"u":"18,39 €/KG","img":"https://fd1-photos.leclercdrive.fr/image.ashx?id=2860871&use=l&cat=p&typeid=i","cat":303867},{"id":163129,"n":"Petits pains grillés Krisprolls Complet - 425g","p":3.03,"u":"7,13 €/KG","img":"https://fd1-photos.leclercdrive.fr/image.ashx?id=2793716&use=l&cat=p&typeid=i","cat":284479},{"id":163132,"n":"Boisson orange Jafun Brique - 6x20cl","p":2.5,"u":"2,08 €/L","img":"https://fd1-photos.leclercdrive.fr/image.ashx?id=2992582&use=l&cat=p&typeid=i","cat":284524},{"id":163133,"n":"Bière ambrée Kwak 8.4% - 75cl","p":4.6,"u":"6,13 €/L","img":"https://fd1-photos.leclercdrive.fr/image.ashx?id=2948423&use=l&cat=p&typeid=i","cat":334872},{"id":163143,"n":"Dragibus Soft Haribo Sachet bonbons - 300g","p":1.37,"u":"4,57 €/KG","img":"https://fd1-photos.leclercdrive.fr/image.ashx?id=2806123&use=l&cat=p&typeid=i","cat":304250},{"id":163145,"n":"Dragibus Original Haribo Multipack bonbons - 250g","p":1.76,"u":"7,04 €/KG","img":"https://fd1-photos.leclercdrive.fr/image.ashx?id=2984943&use=l&cat=p&typeid=i","cat":304250},{"id":163147,"n":"Bonbons Haribo Dragolo - 750g","p":4.34,"u":"5,79 €/KG","img":"https://fd1-photos.leclercdrive.fr/image.ashx?id=2803586&use=l&cat=p&typeid=i","cat":304250},{"id":163164,"n":"Bière Météor White IPA 6 x 25cl - 5%","p":5.59,"u":"3,73 €/L","img":"https://fd1-photos.leclercdrive.fr/image.ashx?id=2903059&use=l&cat=p&typeid=i","cat":334878},{"id":163236,"n":"Rasoir Gillette Proglide 5 lames - 1 pièce","p":17.31,"img":"https://fd1-photos.leclercdrive.fr/image.ashx?id=2463137&use=l&cat=p&typeid=i","cat":284616},{"id":163239,"n":"Dentifrice Sensodyne Rapide action extra fresh 75ml","p":4.87,"u":"64,93 €/L","img":"https://fd1-photos.leclercdrive.fr/image.ashx?id=2237349&use=l&cat=p&typeid=i","cat":284612},{"id":163242,"n":"Bibeleskaes Fromage Blanc Mangue Passion - 4x125g","p":2.56,"u":"5,12 €/KG","img":"https://fd1-photos.leclercdrive.fr/image.ashx?id=2578535&use=l&cat=p&typeid=i","cat":284409},{"id":163326,"n":"Assiettes plates Homeside 23 cm noir sans film PE - x20","p":1.96,"u":"0,10 €/P","img":"https://fd1-photos.leclercdrive.fr/image.ashx?id=2177397&use=l&cat=p&typeid=i","cat":334134},{"id":163350,"n":"Gobelets 25cl Homeside Chaud/froid - 25","p":1.9,"u":"0,08 €/P","img":"https://fd1-photos.leclercdrive.fr/image.ashx?id=2177355&use=l&cat=p&typeid=i","cat":334134},{"id":163354,"n":"Gobelets 20cl Eco+ Blanc - x50","p":1.26,"u":"0,03 €/P","img":"https://fd1-photos.leclercdrive.fr/image.ashx?id=2176608&use=l&cat=p&typeid=i","cat":334134},{"id":163413,"n":"Brossettes Efiseptyl Clean Expert 0.7mm - 1 pièce","p":4.41,"img":"https://fd1-photos.leclercdrive.fr/image.ashx?id=2928402&use=l&cat=p&typeid=i","cat":285159},{"id":163414,"n":"Brossettes Efiseptyl Clean Expert 0.9mm - 1 pièce","p":4.63,"img":"https://fd1-photos.leclercdrive.fr/image.ashx?id=2928405&use=l&cat=p&typeid=i","cat":285159},{"id":163416,"n":"Brosse Glamour Paris Picots ovale - 1 pièce","p":8.41,"img":"https://fd1-photos.leclercdrive.fr/image.ashx?id=2191455&use=l&cat=p&typeid=i","cat":284610},{"id":163418,"n":"Raclette gratte givre Manche mousse - 1 pièce","p":1.95,"img":"https://fd1-photos.leclercdrive.fr/image.ashx?id=2198098&use=l&cat=p&typeid=i","cat":298252},{"id":163420,"n":"Smarties Mini Bonbons Chocolats 21 boites - 315g","p":3.95,"u":"12,54 €/KG","img":"https://fd1-photos.leclercdrive.fr/image.ashx?id=2740862&use=l&cat=p&typeid=i","cat":304238},{"id":163428,"n":"Crayon à sourcils Maybelline  Duo crayon et poudre","p":9.49,"img":"https://fd1-photos.leclercdrive.fr/image.ashx?id=2377787&use=l&cat=p&typeid=i","cat":287029},{"id":163433,"n":"Râpe pédicure Glamour Institut Métallique Design - 1 pièce","p":6.14,"img":"https://fd1-photos.leclercdrive.fr/image.ashx?id=2405467&use=l&cat=p&typeid=i","cat":325354},{"id":163476,"n":"Petit pot bébé Bledina 6 mois purée Carottes Choux fleurs","p":2.1,"u":"5,25 €/KG","img":"https://fd1-photos.leclercdrive.fr/image.ashx?id=2909509&use=l&cat=p&typeid=i","cat":312235},{"id":163525,"n":"Petit pot bébé Blédina 6 mois Haricot carotte veau - 2x200g","p":2.24,"u":"5,60 €/KG","img":"https://fd1-photos.leclercdrive.fr/image.ashx?id=2935756&use=l&cat=p&typeid=i","cat":312236},{"id":163526,"n":"Petit pot bébé bledina 6 mois  Purée légumes agneau - 2x200g","p":2.19,"u":"5,48 €/KG","img":"https://fd1-photos.leclercdrive.fr/image.ashx?id=2976770&use=l&cat=p&typeid=i","cat":312236},{"id":163534,"n":"Isey Skyr Fraise - 400g","p":3.05,"u":"7,63 €/KG","img":"https://fd1-photos.leclercdrive.fr/image.ashx?id=2601193&use=l&cat=p&typeid=i","cat":315000},{"id":163541,"n":"Isey Skyr Stracciatella - 400g","p":2.97,"u":"7,43 €/KG","img":"https://fd1-photos.leclercdrive.fr/image.ashx?id=2598621&use=l&cat=p&typeid=i","cat":315000},{"id":163543,"n":"Isey Skyr Vanille - 400g","p":3.23,"u":"8,08 €/KG","img":"https://fd1-photos.leclercdrive.fr/image.ashx?id=2598609&use=l&cat=p&typeid=i","cat":315000},{"id":163584,"n":"Shampooing Ultra Doux  Huiles Argan Camélia - 400ml","p":3.67,"u":"9,18 €/L","img":"https://fd1-photos.leclercdrive.fr/image.ashx?id=2381177&use=l&cat=p&typeid=i","cat":284606},{"id":163613,"n":"Mozzarella fromage râpé  Les Croisés - 150g","p":1.39,"u":"9,27 €/KG","img":"https://fd1-photos.leclercdrive.fr/image.ashx?id=2178848&use=l&cat=p&typeid=i","cat":314035},{"id":163643,"n":"Patates douces en morceaux Bio Bio Village - 600g","p":2.08,"u":"3,47 €/KG","img":"https://fd1-photos.leclercdrive.fr/image.ashx?id=2898101&use=l&cat=p&typeid=i","cat":319805},{"id":163706,"n":"Poisson Pané Cabillaud MSC Façon Fish & Chips x4 - 400g","p":6.94,"u":"17,35 €/KG","img":"https://fd1-photos.leclercdrive.fr/image.ashx?id=2985351&use=l&cat=p&typeid=i","cat":319788},{"id":163709,"n":"Fromage à tartiner Madame Loïk Fouetté Nature - 460g","p":3.62,"u":"7,87 €/KG","img":"https://fd1-photos.leclercdrive.fr/image.ashx?id=2967801&use=l&cat=p&typeid=i","cat":314029},{"id":163749,"n":"Mousseline Purina Gourmet Boeuf nappé de sauce - 4x57g","p":3.05,"u":"13,38 €/KG","img":"https://fd1-photos.leclercdrive.fr/image.ashx?id=2861773&use=l&cat=p&typeid=i","cat":285286},{"id":163750,"n":"Mousseline Purina Gourmet Poulet nappé de sauce - 4x57g","p":3.12,"u":"13,68 €/KG","img":"https://fd1-photos.leclercdrive.fr/image.ashx?id=2864197&use=l&cat=p&typeid=i","cat":285286},{"id":163810,"n":"Bière Météor ALE Bio 6x25cl","p":5.84,"u":"3,89 €/L","img":"https://fd1-photos.leclercdrive.fr/image.ashx?id=2731462&use=l&cat=p&typeid=i","cat":334873},{"id":163818,"n":"Croquette chien Physyo Pet Food Sans céréales - 2kg","p":8.64,"u":"4,32 €/KG","img":"https://fd1-photos.leclercdrive.fr/image.ashx?id=2687032&use=l&cat=p&typeid=i","cat":284672},{"id":163910,"n":"Daddy pure canne bio 750g","p":3.03,"u":"4,04 €/KG","img":"https://fd1-photos.leclercdrive.fr/image.ashx?id=2936077&use=l&cat=p&typeid=i","cat":284502},{"id":163918,"n":"Salame Finocchiona IGP Tradizioni d'Italia - 100g","p":2.89,"u":"28,90 €/KG","img":"https://fd1-photos.leclercdrive.fr/image.ashx?id=2925213&use=l&cat=p&typeid=i","cat":316007},{"id":163930,"n":"Chorizo doux tranché L'Atelier Charcuterie - 100g","p":2.46,"u":"24,60 €/KG","img":"https://fd1-photos.leclercdrive.fr/image.ashx?id=2856666&use=l&cat=p&typeid=i","cat":316007},{"id":163944,"n":"Aura sticks pack duo Coco - 2x30ml","p":5.49,"u":"91,50 €/L","img":"https://fd1-photos.leclercdrive.fr/image.ashx?id=2507275&use=l&cat=p&typeid=i","cat":311627},{"id":163945,"n":"Aura sticks pack duo Vanille - 2x30ml","p":5.49,"u":"91,50 €/L","img":"https://fd1-photos.leclercdrive.fr/image.ashx?id=2191101&use=l&cat=p&typeid=i","cat":311627},{"id":163951,"n":"Aura sticks pack duo Fruits rouges - 2x30ml","p":4.88,"u":"81,33 €/L","img":"https://fd1-photos.leclercdrive.fr/image.ashx?id=2191098&use=l&cat=p&typeid=i","cat":311627},{"id":164235,"n":"Bière Triple Lefort 75cl","p":5.6,"u":"7,47 €/L","img":"https://fd1-photos.leclercdrive.fr/image.ashx?id=2398682&use=l&cat=p&typeid=i","cat":334872},{"id":164271,"n":"Café grains Méo  Excellence - 1kg","p":18.95,"u":"18,95 €/KG","img":"https://fd1-photos.leclercdrive.fr/image.ashx?id=2601521&use=l&cat=p&typeid=i","cat":293237},{"id":164449,"n":"Yaourt à la Grecque Yaos Citron - 4x125g + 2 offerts","p":2.06,"u":"2,75 €/KG","img":"https://fd1-photos.leclercdrive.fr/image.ashx?id=2561631&use=l&cat=p&typeid=i","cat":314999},{"id":164464,"n":"Dessert Charles & Alice Coco/Stracciatella - 2x110g","p":1.37,"u":"6,23 €/KG","img":"https://fd1-photos.leclercdrive.fr/image.ashx?id=2911354&use=l&cat=p&typeid=i","cat":316071},{"id":164537,"n":"Duo poivre sel Sainte Lucie 63g","p":1.57,"u":"24,92 €/KG","img":"https://fd1-photos.leclercdrive.fr/image.ashx?id=2775065&use=l&cat=p&typeid=i","cat":284457},{"id":164540,"n":"Bouquet garni Sainte Lucie 7.5g - lot de 3","p":2.36,"u":"337,14 €/KG","img":"https://fd1-photos.leclercdrive.fr/image.ashx?id=2774451&use=l&cat=p&typeid=i","cat":293607},{"id":164541,"n":"Maïs Bonduelle Sans Résidu De Pesticides 285g","p":1.28,"u":"4,49 €/KG","img":"https://fd1-photos.leclercdrive.fr/image.ashx?id=2972892&use=l&cat=p&typeid=i","cat":312611},{"id":164542,"n":"Cumin entier Sainte Lucie 38g","p":2.6,"u":"68,42 €/KG","img":"https://fd1-photos.leclercdrive.fr/image.ashx?id=2774412&use=l&cat=p&typeid=i","cat":298297},{"id":164544,"n":"Colorants alimentaires Sainte L 30g","p":2.86,"u":"95,33 €/KG","img":"https://fd1-photos.leclercdrive.fr/image.ashx?id=2774319&use=l&cat=p&typeid=i","cat":284504},{"id":164547,"n":"Mélange pour paella Sainte Luci 55g","p":2.25,"u":"40,91 €/KG","img":"https://fd1-photos.leclercdrive.fr/image.ashx?id=2187763&use=l&cat=p&typeid=i","cat":298297},{"id":164548,"n":"Levure boulangère Sainte Lucie Traditionnelle - 40g","p":1.34,"u":"33,50 €/KG","img":"https://fd1-photos.leclercdrive.fr/image.ashx?id=2829949&use=l&cat=p&typeid=i","cat":284504},{"id":164550,"n":"Nappage caramel Sainte Lucie 200g","p":2.25,"u":"11,25 €/KG","img":"https://fd1-photos.leclercdrive.fr/image.ashx?id=2775709&use=l&cat=p&typeid=i","cat":284504},{"id":164551,"n":"Cannelle poudre Sainte Lucie 45g","p":2.16,"u":"48,00 €/KG","img":"https://fd1-photos.leclercdrive.fr/image.ashx?id=2972934&use=l&cat=p&typeid=i","cat":298297},{"id":164552,"n":"Coriandre Sainte Lucie 25g","p":2.05,"u":"82,00 €/KG","img":"https://fd1-photos.leclercdrive.fr/image.ashx?id=2974333&use=l&cat=p&typeid=i","cat":298297},{"id":164554,"n":"Origan sèche Sainte Lucie 13g","p":1.8,"u":"138,46 €/KG","img":"https://fd1-photos.leclercdrive.fr/image.ashx?id=2975182&use=l&cat=p&typeid=i","cat":298297},{"id":164556,"n":"Chili poudre Sainte Lucie 45g","p":2.38,"u":"52,89 €/KG","img":"https://fd1-photos.leclercdrive.fr/image.ashx?id=2187739&use=l&cat=p&typeid=i","cat":298297},{"id":164567,"n":"Eau nettoyante Cadum Bébé  Douceur - 750ml","p":3.3,"u":"4,40 €/L","img":"https://fd1-photos.leclercdrive.fr/image.ashx?id=2278451&use=l&cat=p&typeid=i","cat":284741},{"id":164569,"n":"Gel nettoyant Cadum Bébé  Corps et Cheveux - 750ml","p":3.3,"u":"4,40 €/L","img":"https://fd1-photos.leclercdrive.fr/image.ashx?id=2377799&use=l&cat=p&typeid=i","cat":284740},{"id":164570,"n":"Gel Douche Sans Savon Cadum Huile d'Amandes Douces - 750ml","p":3.23,"u":"4,31 €/L","img":"https://fd1-photos.leclercdrive.fr/image.ashx?id=2352870&use=l&cat=p&typeid=i","cat":284594},{"id":164582,"n":"Gel douche Bio Ushuaïa Coco - 250ml","p":3.26,"u":"13,04 €/L","img":"https://fd1-photos.leclercdrive.fr/image.ashx?id=2439332&use=l&cat=p&typeid=i","cat":284594},{"id":164583,"n":"Gel Lavant enfant Cadum Corps & cheveux - 750ml","p":4.44,"u":"5,92 €/L","img":"https://fd1-photos.leclercdrive.fr/image.ashx?id=2839496&use=l&cat=p&typeid=i","cat":284594},{"id":164584,"n":"Crème Douche surgras Cadum Beurre de Karité - 750ml","p":3.23,"u":"4,31 €/L","img":"https://fd1-photos.leclercdrive.fr/image.ashx?id=2395020&use=l&cat=p&typeid=i","cat":284594},{"id":164596,"n":"Gel Douche Tonifiant Ushuaïa Extrait de Cèdre - 300ml","p":2.38,"u":"7,93 €/L","img":"https://fd1-photos.leclercdrive.fr/image.ashx?id=2445343&use=l&cat=p&typeid=i","cat":284594},{"id":164598,"n":"40 sacs congélation Alfapac avec lien Moyen modèle","p":1.96,"u":"0,05 €/P","img":"https://fd1-photos.leclercdrive.fr/image.ashx?id=2918700&use=l&cat=p&typeid=i","cat":334134},{"id":164602,"n":"Lessive liquide fraîcheur ECO+ 40 lavages - 2L","p":2.16,"u":"1,08 €/L","img":"https://fd1-photos.leclercdrive.fr/image.ashx?id=2597988&use=l&cat=p&typeid=i","cat":284640},{"id":164603,"n":"Lessive liquide fleurie Epsil 25 lavages - 1,25L","p":3.91,"u":"3,13 €/L","img":"https://fd1-photos.leclercdrive.fr/image.ashx?id=2603000&use=l&cat=p&typeid=i","cat":284640},{"id":164604,"n":"Lessive liquide fraîcheur Epsil 25 lavages - 1,25L","p":3.33,"u":"2,66 €/L","img":"https://fd1-photos.leclercdrive.fr/image.ashx?id=2602994&use=l&cat=p&typeid=i","cat":284640},{"id":164611,"n":"Glacière isotherme Jute 26 L","p":4.5,"img":"https://fd1-photos.leclercdrive.fr/image.ashx?id=2188378&use=l&cat=p&typeid=i","cat":334139},{"id":164636,"n":"Mix de graines complètes bio Happy Bio - 250g","p":3.9,"u":"15,60 €/KG","img":"https://fd1-photos.leclercdrive.fr/image.ashx?id=2971005&use=l&cat=p&typeid=i","cat":284429},{"id":164656,"n":"Jus de Citron Jardin Bio Etic bio -1L","p":4.99,"u":"4,99 €/L","img":"https://fd1-photos.leclercdrive.fr/image.ashx?id=3002102&use=l&cat=p&typeid=i","cat":288383},{"id":164869,"n":"Raclette nature pasteurisée L'Atelier Fromagerie - 250g","p":3.39,"u":"13,56 €/KG","img":"https://fd1-photos.leclercdrive.fr/image.ashx?id=2215464&use=l&cat=p&typeid=i","cat":314036},{"id":164870,"n":"Raclette au poivre pasteurisée L'Atelier Fromagerie - 250g","p":3.75,"u":"15,00 €/KG","img":"https://fd1-photos.leclercdrive.fr/image.ashx?id=2856365&use=l&cat=p&typeid=i","cat":314036},{"id":164871,"n":"Raclette fumée pasteurisée L'Atelier Fromagerie - 250g","p":3.75,"u":"15,00 €/KG","img":"https://fd1-photos.leclercdrive.fr/image.ashx?id=2856368&use=l&cat=p&typeid=i","cat":314036},{"id":164873,"n":"Raclette à l'oignon pasteurisée L'Atelier Fromagerie - 250g","p":3.75,"u":"15,00 €/KG","img":"https://fd1-photos.leclercdrive.fr/image.ashx?id=2215473&use=l&cat=p&typeid=i","cat":314036},{"id":164919,"n":"Pommes de terre vapeur sautées Panier du Primeur - 2kg","p":2.29,"u":"1,15 €/KG","img":"https://fd1-photos.leclercdrive.fr/image.ashx?id=2757506&use=l&cat=p&typeid=i","cat":284352},{"id":165040,"n":"Diffuseur Glade avec bâtonnets Orange & Néroli - 80ml","p":7.0,"u":"87,50 €/L","img":"https://fd1-photos.leclercdrive.fr/image.ashx?id=2867710&use=l&cat=p&typeid=i","cat":311627},{"id":165041,"n":"Diffuseur Glade avec bâtonnets Bergamote & Citronnelle - 80ml","p":7.0,"img":"https://fd1-photos.leclercdrive.fr/image.ashx?id=2867181&use=l&cat=p&typeid=i","cat":311627},{"id":165043,"n":"Ail violet Panier du Primeur x3","p":2.99,"u":"1,00 €/P","img":"https://fd1-photos.leclercdrive.fr/image.ashx?id=2959163&use=l&cat=p&typeid=i","cat":284352},{"id":165062,"n":"Gel Lubrifiant Intime Cherry Arome Cerise Durex 100ml","p":9.47,"u":"94,70 €/L","img":"https://fd1-photos.leclercdrive.fr/image.ashx?id=2960696&use=l&cat=p&typeid=i","cat":285160},{"id":165063,"n":"Gel Lubrifiant Intime Hot Durex Effet Chauffant Base Eau 100ml","p":9.89,"u":"98,90 €/L","img":"https://fd1-photos.leclercdrive.fr/image.ashx?id=2785487&use=l&cat=p&typeid=i","cat":285160},{"id":165064,"n":"Lessive poudre Eco + 60 lavages - 3kg","p":4.81,"u":"1,60 €/KG","img":"https://fd1-photos.leclercdrive.fr/image.ashx?id=2638524&use=l&cat=p&typeid=i","cat":284642},{"id":165138,"n":"Crème de fleur de sureau  Giffard 16% - 50cl","p":5.5,"pp":4.95,"u":"9,90 €/L","img":"https://fd1-photos.leclercdrive.fr/image.ashx?id=2219165&use=l&cat=p&typeid=i","cat":286032},{"id":165156,"n":"Jus MultiFruits Désucré Jafaden - 1L","p":1.69,"u":"1,69 €/L","img":"https://fd1-photos.leclercdrive.fr/image.ashx?id=2497971&use=l&cat=p&typeid=i","cat":284917},{"id":165193,"n":"Croquette chat Perfect Fit  Natural Vitality poisson - 1kg","p":7.67,"u":"7,67 €/KG","img":"https://fd1-photos.leclercdrive.fr/image.ashx?id=2195068&use=l&cat=p&typeid=i","cat":284680},{"id":165194,"n":"Croquettes Pour Chat Perfect Fit - 1kg","p":7.4,"u":"7,40 €/KG","img":"https://fd1-photos.leclercdrive.fr/image.ashx?id=2195071&use=l&cat=p&typeid=i","cat":284680},{"id":165198,"n":"Pate à tartiner Bonne Maman Noisette et cacao - 250g","p":3.25,"u":"13,00 €/KG","img":"https://fd1-photos.leclercdrive.fr/image.ashx?id=2891103&use=l&cat=p&typeid=i","cat":284481},{"id":165200,"n":"Pate à tartiner Bonne Maman Noisette et cacao - 580g","p":6.07,"u":"10,47 €/KG","img":"https://fd1-photos.leclercdrive.fr/image.ashx?id=2891109&use=l&cat=p&typeid=i","cat":284481},{"id":165638,"n":"Moutarde Alélor A L'ancienne - 350g","p":2.26,"u":"6,46 €/KG","img":"https://fd1-photos.leclercdrive.fr/image.ashx?id=2792495&use=l&cat=p&typeid=i","cat":288850},{"id":165656,"n":"Diffuseur Glade avec bâtonnets Lavandin & Santal - 80ml","p":7.1,"u":"88,75 €/L","img":"https://fd1-photos.leclercdrive.fr/image.ashx?id=2266083&use=l&cat=p&typeid=i","cat":311627},{"id":165666,"n":"Confitures Léonce Blanc 70% 4 agrumes - 320g","p":2.88,"u":"9,00 €/KG","img":"https://fd1-photos.leclercdrive.fr/image.ashx?id=2362591&use=l&cat=p&typeid=i","cat":284480},{"id":165678,"n":"Crème Whisky Baileys Caramel salé 17% vol - 70cl","p":11.57,"u":"16,53 €/L","img":"https://fd1-photos.leclercdrive.fr/image.ashx?id=2351475&use=l&cat=p&typeid=i","cat":286032},{"id":165690,"n":"Gel douche bio Ushuaïa Vanille - 250ml","p":3.18,"u":"12,72 €/L","img":"https://fd1-photos.leclercdrive.fr/image.ashx?id=2439326&use=l&cat=p&typeid=i","cat":284594},{"id":165691,"n":"Gel douche bio Ushuaïa Fleur d'Oranger - 250ml","p":2.88,"u":"11,52 €/L","img":"https://fd1-photos.leclercdrive.fr/image.ashx?id=2439329&use=l&cat=p&typeid=i","cat":284594},{"id":165769,"n":"After Eight Chocolat Noël Saveur fraise - 400g","p":8.28,"u":"20,70 €/KG","img":"https://fd1-photos.leclercdrive.fr/image.ashx?id=2451489&use=l&cat=p&typeid=i","cat":327595},{"id":165801,"n":"Sauce bolognaise Eco+ 420g","p":1.13,"u":"2,69 €/KG","img":"https://fd1-photos.leclercdrive.fr/image.ashx?id=2634845&use=l&cat=p&typeid=i","cat":287599},{"id":166221,"n":"Acide citrique Biovie 350g","p":5.29,"u":"15,11 €/KG","img":"https://fd1-photos.leclercdrive.fr/image.ashx?id=2997007&use=l&cat=p&typeid=i","cat":325365},{"id":166276,"n":"Boisson gazeuse Fever Tree Tonic Water - 50cl","p":2.93,"u":"5,86 €/L","img":"https://fd1-photos.leclercdrive.fr/image.ashx?id=2379904&use=l&cat=p&typeid=i","cat":284531},{"id":166304,"n":"Croquettes poisson pané Findus MSC Ail Fines Herbes x6 - 300g","p":2.9,"u":"9,67 €/KG","img":"https://fd1-photos.leclercdrive.fr/image.ashx?id=3008752&use=l&cat=p&typeid=i","cat":319788},{"id":166377,"n":"Lessive eco-recharge Uni Vert Fleur x30 lavages - 1,05L","p":4.12,"u":"3,92 €/L","img":"https://fd1-photos.leclercdrive.fr/image.ashx?id=2838942&use=l&cat=p&typeid=i","cat":284640},{"id":166398,"n":"Masque Herbal Essences Huile d'argan - 450ml","p":7.2,"u":"16,00 €/L","img":"https://fd1-photos.leclercdrive.fr/image.ashx?id=2469469&use=l&cat=p&typeid=i","cat":284608},{"id":166399,"n":"AOC Jurançon blanc Matayac Petit et Gros Manseng - 75cl","p":7.9,"u":"10,53 €/L","img":"https://fd1-photos.leclercdrive.fr/image.ashx?id=2792324&use=l&cat=p&typeid=i","cat":289557},{"id":166403,"n":"Lessive eco-recharge Uni Vert Aloe x30 lavages - 1.05L","p":4.12,"u":"3,92 €/L","img":"https://fd1-photos.leclercdrive.fr/image.ashx?id=2669780&use=l&cat=p&typeid=i","cat":284640},{"id":166404,"n":"Lessive eco-recharge Uni Vert  Aloe Vera x42 lavages - 1.5L","p":5.91,"u":"3,94 €/L","img":"https://fd1-photos.leclercdrive.fr/image.ashx?id=2838954&use=l&cat=p&typeid=i","cat":284640},{"id":166457,"n":"Masque reconstructeur Elsève Full Resist - 680ml","p":11.35,"u":"16,69 €/L","img":"https://fd1-photos.leclercdrive.fr/image.ashx?id=2520491&use=l&cat=p&typeid=i","cat":284608},{"id":166460,"n":"Shampoing solide Ultra Doux Cheveux fragiles à secs - 60g","p":4.38,"u":"73,00 €/KG","img":"https://fd1-photos.leclercdrive.fr/image.ashx?id=2647095&use=l&cat=p&typeid=i","cat":284606},{"id":166478,"n":"Démaquillant Maybelline  Waterproof biphase 2en1 - 150ml","p":2.37,"u":"15,80 €/L","img":"https://fd1-photos.leclercdrive.fr/image.ashx?id=2278169&use=l&cat=p&typeid=i","cat":284603},{"id":166486,"n":"Nectar Fruits du Verger Jafaden Sans sucre ajouté - 1L","p":1.59,"u":"1,59 €/L","img":"https://fd1-photos.leclercdrive.fr/image.ashx?id=2919658&use=l&cat=p&typeid=i","cat":284521},{"id":166488,"n":"Huile de coco désodorisée Bio Jardin Bio - 430ml","p":6.59,"u":"15,33 €/L","img":"https://fd1-photos.leclercdrive.fr/image.ashx?id=2811152&use=l&cat=p&typeid=i","cat":284453},{"id":166598,"n":"Sauce spaghetti bio Jardin Bio 510g","p":3.5,"u":"6,86 €/KG","img":"https://fd1-photos.leclercdrive.fr/image.ashx?id=2811164&use=l&cat=p&typeid=i","cat":288384},{"id":166601,"n":"Compote bio Jardin Bio Pomme banane - 680g","p":3.49,"u":"5,13 €/KG","img":"https://fd1-photos.leclercdrive.fr/image.ashx?id=2918307&use=l&cat=p&typeid=i","cat":284508},{"id":166602,"n":"Compote bio Jardin Bio Pomme fraise - 680g","p":3.46,"u":"5,09 €/KG","img":"https://fd1-photos.leclercdrive.fr/image.ashx?id=2918835&use=l&cat=p&typeid=i","cat":284508},{"id":166674,"n":"Confiture Douceur du Verger Fraise - 750g","p":2.15,"u":"2,87 €/KG","img":"https://fd1-photos.leclercdrive.fr/image.ashx?id=2965545&use=l&cat=p&typeid=i","cat":284480},{"id":166675,"n":"Confiture Douceur du Verger Abricot - 370g","p":1.27,"u":"3,43 €/KG","img":"https://fd1-photos.leclercdrive.fr/image.ashx?id=2965569&use=l&cat=p&typeid=i","cat":284480},{"id":166686,"n":"Yaourt protéiné Hipro  Coco 0%mg - 2x160g","p":2.29,"u":"7,16 €/KG","img":"https://fd1-photos.leclercdrive.fr/image.ashx?id=2807423&use=l&cat=p&typeid=i","cat":315000},{"id":166714,"n":"Jambon avec couenne Le Foué  4 tranches - 260g","p":3.99,"u":"15,35 €/KG","img":"https://fd1-photos.leclercdrive.fr/image.ashx?id=2526785&use=l&cat=p&typeid=i","cat":316009},{"id":166752,"n":"Lessive tri-dose Orient Epsil x20 - 490ml","p":4.49,"u":"9,16 €/L","img":"https://fd1-photos.leclercdrive.fr/image.ashx?id=2450116&use=l&cat=p&typeid=i","cat":284641},{"id":166753,"n":"Apéritif Apérol Spritz 12.5% vol - 1L","p":14.34,"u":"14,34 €/L","img":"https://fd1-photos.leclercdrive.fr/image.ashx?id=2957287&use=l&cat=p&typeid=i","cat":286032},{"id":166756,"n":"Blanc de poulet Fleury Michon Sans nitrite x4 - 130g","p":1.91,"u":"14,69 €/KG","img":"https://fd1-photos.leclercdrive.fr/image.ashx?id=2954833&use=l&cat=p&typeid=i","cat":316010},{"id":166757,"n":"Filet de poulet rôti Fleury Michon sans nitrite x6 - 160g","p":2.88,"u":"18,00 €/KG","img":"https://fd1-photos.leclercdrive.fr/image.ashx?id=2954830&use=l&cat=p&typeid=i","cat":316010},{"id":166759,"n":"Filet poulet rôti Fleury Michon  sans nitrite x4 - 116g","p":2.19,"u":"18,88 €/KG","img":"https://fd1-photos.leclercdrive.fr/image.ashx?id=2955173&use=l&cat=p&typeid=i","cat":316010},{"id":166819,"n":"Sucre en poudre Tablier Blanc 1kg","p":1.53,"u":"1,53 €/KG","img":"https://fd1-photos.leclercdrive.fr/image.ashx?id=3010434&use=l&cat=p&typeid=i","cat":284502},{"id":166828,"n":"Blanc de poulet Fleury Michon Sans nitrite x6 - 195g","p":3.31,"u":"16,97 €/KG","img":"https://fd1-photos.leclercdrive.fr/image.ashx?id=2962848&use=l&cat=p&typeid=i","cat":316010},{"id":166839,"n":"Fruits de mer Hamlet Chocolat praliné - 250g","p":5.23,"pp":3.45,"u":"13,80 €/KG","img":"https://fd1-photos.leclercdrive.fr/image.ashx?id=2753247&use=l&cat=p&typeid=i","cat":327595},{"id":166876,"n":"Lessive bi-doses Xeor Fraîcheur x30","p":5.24,"u":"7,13 €/L","img":"https://fd1-photos.leclercdrive.fr/image.ashx?id=2838945&use=l&cat=p&typeid=i","cat":284641},{"id":166878,"n":"Lessive bi-doses Xeor Savon de Marseille x30","p":5.24,"u":"7,13 €/L","img":"https://fd1-photos.leclercdrive.fr/image.ashx?id=2838948&use=l&cat=p&typeid=i","cat":284641},{"id":166893,"n":"Bonbons Trolli Pop eye 75g","p":1.87,"u":"24,93 €/KG","img":"https://fd1-photos.leclercdrive.fr/image.ashx?id=2854015&use=l&cat=p&typeid=i","cat":304250},{"id":167001,"n":"Dentifrice Oral-B Gum Purify Intense Clean - 75ml","p":4.56,"u":"60,80 €/L","img":"https://fd1-photos.leclercdrive.fr/image.ashx?id=2433795&use=l&cat=p&typeid=i","cat":284612},{"id":167011,"n":"Pur jus de clémentine Jafaden 90cl","p":2.15,"u":"2,39 €/L","img":"https://fd1-photos.leclercdrive.fr/image.ashx?id=2723162&use=l&cat=p&typeid=i","cat":285435},{"id":167143,"n":"Nocciolato minis Novi 130g","p":4.73,"u":"36,38 €/KG","img":"https://fd1-photos.leclercdrive.fr/image.ashx?id=2615176&use=l&cat=p&typeid=i","cat":327595},{"id":167220,"n":"Calendrier de l'Avent Smarties chocolat Noël - 223g","p":10.95,"img":"https://fd1-photos.leclercdrive.fr/image.ashx?id=2960081&use=l&cat=p&typeid=i","cat":336112},{"id":167232,"n":"Calendrier de l'Avent KitKat chocolat Noël - 209,6g","p":10.95,"u":"52,39 €/KG","img":"https://fd1-photos.leclercdrive.fr/image.ashx?id=2765378&use=l&cat=p&typeid=i","cat":336112},{"id":167242,"n":"Nougats noir et lait  Revillon Noir 70% & lait - 300g","p":11.58,"u":"38,60 €/KG","img":"https://fd1-photos.leclercdrive.fr/image.ashx?id=2661658&use=l&cat=p&typeid=i","cat":327597},{"id":167243,"n":"Papillotes Révillon Noir 70% Féerique- 360g","p":12.16,"u":"33,78 €/KG","img":"https://fd1-photos.leclercdrive.fr/image.ashx?id=2863272&use=l&cat=p&typeid=i","cat":327597},{"id":167244,"n":"Papillotes Revillon Lait   Féerique - 360g","p":12.16,"u":"33,78 €/KG","img":"https://fd1-photos.leclercdrive.fr/image.ashx?id=2863269&use=l&cat=p&typeid=i","cat":327597},{"id":167306,"n":"Soupe Déshydratée Oignon KNORR 4 portions - 94g","p":1.39,"u":"14,79 €/KG","img":"https://fd1-photos.leclercdrive.fr/image.ashx?id=2780088&use=l&cat=p&typeid=i","cat":284463},{"id":167378,"n":"Haricots verts d'aucy  Bien Cultivés - 58cl","p":2.23,"u":"3,84 €/L","img":"https://fd1-photos.leclercdrive.fr/image.ashx?id=2800770&use=l&cat=p&typeid=i","cat":312606},{"id":167379,"n":"Haricots beurre d'aucy  Bien Cultivés - 58cl","p":2.23,"u":"3,84 €/L","img":"https://fd1-photos.leclercdrive.fr/image.ashx?id=2216359&use=l&cat=p&typeid=i","cat":312606},{"id":167381,"n":"Petits pois d'aucy  Bien Cultivés - 250g","p":1.97,"u":"7,88 €/KG","img":"https://fd1-photos.leclercdrive.fr/image.ashx?id=2216353&use=l&cat=p&typeid=i","cat":312607},{"id":167382,"n":"Pois carottes d'aucy  Bien Cultivés - 250g","p":1.93,"u":"7,72 €/KG","img":"https://fd1-photos.leclercdrive.fr/image.ashx?id=2835259&use=l&cat=p&typeid=i","cat":312607},{"id":167389,"n":"Pur jus d'orange Jafaden Sans pulpe - 90cl","p":2.15,"u":"2,39 €/L","img":"https://fd1-photos.leclercdrive.fr/image.ashx?id=2723159&use=l&cat=p&typeid=i","cat":285435},{"id":167390,"n":"Pur jus de pamplemousse Jafaden Avec pulpe - 90cl","p":1.88,"u":"2,09 €/L","img":"https://fd1-photos.leclercdrive.fr/image.ashx?id=2819639&use=l&cat=p&typeid=i","cat":285435},{"id":167391,"n":"Jus de pomme Jafaden 90cl","p":1.91,"u":"2,12 €/L","img":"https://fd1-photos.leclercdrive.fr/image.ashx?id=2723171&use=l&cat=p&typeid=i","cat":285435},{"id":167392,"n":"Jus d'ananas Jafaden 90cl","p":2.21,"u":"2,46 €/L","img":"https://fd1-photos.leclercdrive.fr/image.ashx?id=2819642&use=l&cat=p&typeid=i","cat":285435},{"id":167393,"n":"Boisson au jus de citron Jafaden - 90cl","p":1.87,"u":"2,08 €/L","img":"https://fd1-photos.leclercdrive.fr/image.ashx?id=2723177&use=l&cat=p&typeid=i","cat":285435},{"id":167394,"n":"Pur jus multifruits Jafaden Pomme pêche abricot - 90cl","p":2.09,"u":"2,32 €/L","img":"https://fd1-photos.leclercdrive.fr/image.ashx?id=2723180&use=l&cat=p&typeid=i","cat":285435},{"id":167395,"n":"Pur jus d'orange frais Jafaden Avec pulpe - 1,5L","p":3.65,"u":"2,43 €/L","img":"https://fd1-photos.leclercdrive.fr/image.ashx?id=2916719&use=l&cat=p&typeid=i","cat":285435},{"id":167397,"n":"Pur jus d'orange Jafaden Avec pulpe - 90cl","p":2.21,"u":"2,46 €/L","img":"https://fd1-photos.leclercdrive.fr/image.ashx?id=2723156&use=l&cat=p&typeid=i","cat":285435},{"id":167416,"n":"Gel douche Le Petit Marseillais Noix de coco - 250ml","p":1.54,"u":"6,16 €/L","img":"https://fd1-photos.leclercdrive.fr/image.ashx?id=2681856&use=l&cat=p&typeid=i","cat":284594},{"id":167454,"n":"Crok fondant noisette moins 30%  sucres Terres et Céréales-375g","p":4.71,"u":"12,56 €/KG","img":"https://fd1-photos.leclercdrive.fr/image.ashx?id=2672296&use=l&cat=p&typeid=i","cat":309513},{"id":167529,"n":"Lait bébé en poudre Gallia Calisma 1er âge 0-6 mois 830g","p":16.09,"u":"19,39 €/KG","img":"https://fd1-photos.leclercdrive.fr/image.ashx?id=2456201&use=l&cat=p&typeid=i","cat":284726},{"id":167530,"n":"Lait bébé en poudre Gallia Calisma 2e âge 6-12 mois 830g","p":15.36,"u":"18,51 €/KG","img":"https://fd1-photos.leclercdrive.fr/image.ashx?id=2479730&use=l&cat=p&typeid=i","cat":284727},{"id":167531,"n":"Lait bébé poudre Gallia Relais Calisma  1er âge 0-6 mois 830g","p":19.54,"u":"23,54 €/KG","img":"https://fd1-photos.leclercdrive.fr/image.ashx?id=2462460&use=l&cat=p&typeid=i","cat":284726},{"id":167532,"n":"Lait bébé poudre Gallia Relais Calisma 2e âge 6-12 mois 830g","p":18.86,"u":"22,72 €/KG","img":"https://fd1-photos.leclercdrive.fr/image.ashx?id=2911217&use=l&cat=p&typeid=i","cat":284727},{"id":167533,"n":"Tagliatelle Lustucru Selection  360g","p":1.48,"u":"4,11 €/KG","img":"https://fd1-photos.leclercdrive.fr/image.ashx?id=2885351&use=l&cat=p&typeid=i","cat":333682},{"id":167534,"n":"Tagliatelle Lustucru Selection  Maxi 600g","p":2.43,"u":"4,05 €/KG","img":"https://fd1-photos.leclercdrive.fr/image.ashx?id=2792399&use=l&cat=p&typeid=i","cat":333682},{"id":167535,"n":"Fettucini Lustucru Selection  350g","p":2.01,"u":"5,74 €/KG","img":"https://fd1-photos.leclercdrive.fr/image.ashx?id=2792402&use=l&cat=p&typeid=i","cat":333682},{"id":167558,"n":"Filet de poulet jaune  Plein Champ Loué x2 - 280g","p":5.58,"u":"19,93 €/KG","img":"https://fd1-photos.leclercdrive.fr/image.ashx?id=2561694&use=l&cat=p&typeid=i","cat":284336},{"id":167559,"n":"Viande hachée charolaise 5%MG Socopa Délice du chef  - 300g","p":4.76,"u":"15,87 €/KG","img":"https://fd1-photos.leclercdrive.fr/image.ashx?id=2456198&use=l&cat=p&typeid=i","cat":284332},{"id":167561,"n":"Brique pur jus Jafaden Multifruits - 1,5L","p":2.82,"u":"1,88 €/L","img":"https://fd1-photos.leclercdrive.fr/image.ashx?id=2916722&use=l&cat=p&typeid=i","cat":285435},{"id":167573,"n":"Sauce Raifort Alélor Nature - 200g","p":2.98,"u":"14,90 €/KG","img":"https://fd1-photos.leclercdrive.fr/image.ashx?id=2492662&use=l&cat=p&typeid=i","cat":284382},{"id":167576,"n":"Sauce Raifort Alélor Rémoulade - 200g","p":2.94,"u":"14,70 €/KG","img":"https://fd1-photos.leclercdrive.fr/image.ashx?id=2493373&use=l&cat=p&typeid=i","cat":284382},{"id":167581,"n":"Confiture Fraise Rhubarbe Extra - 370g","p":2.73,"u":"7,38 €/KG","img":"https://fd1-photos.leclercdrive.fr/image.ashx?id=2763370&use=l&cat=p&typeid=i","cat":284480},{"id":167586,"n":"Bière Licorne Noël - 5,8% vol. - 75cl","p":3.14,"u":"4,19 €/L","img":"https://fd1-photos.leclercdrive.fr/image.ashx?id=2915988&use=l&cat=p&typeid=i","cat":334872},{"id":167612,"n":"Lessive Epsil Perfect Tri Doses Pure fraîcheur x20 - 490ml","p":4.99,"u":"10,18 €/L","img":"https://fd1-photos.leclercdrive.fr/image.ashx?id=2450122&use=l&cat=p&typeid=i","cat":284641},{"id":167798,"n":"AOP Munster Bio Affiné à l'ancienne - 220g","p":4.8,"u":"21,82 €/KG","img":"https://fd1-photos.leclercdrive.fr/image.ashx?id=2220722&use=l&cat=p&typeid=i","cat":329558},{"id":167812,"n":"Fromage blanc Ferme Adam Ail et fines herbes - 500g","p":2.4,"u":"4,80 €/KG","img":"https://fd1-photos.leclercdrive.fr/image.ashx?id=2583422&use=l&cat=p&typeid=i","cat":284409},{"id":167860,"n":"Pain au lait bio La Boulangère Farine complète - 280g","p":2.04,"u":"7,29 €/KG","img":"https://fd1-photos.leclercdrive.fr/image.ashx?id=2354947&use=l&cat=p&typeid=i","cat":293505},{"id":167921,"n":"Bottle Mix Lutti 300g","p":2.21,"u":"7,37 €/KG","img":"https://fd1-photos.leclercdrive.fr/image.ashx?id=2524068&use=l&cat=p&typeid=i","cat":304250},{"id":167922,"n":"Sodiafizz Lutti 300g","p":2.24,"u":"7,47 €/KG","img":"https://fd1-photos.leclercdrive.fr/image.ashx?id=2857033&use=l&cat=p&typeid=i","cat":304250},{"id":167967,"n":"Garniture Bouchées à la Reine J. Mack - 400g","p":5.7,"u":"14,25 €/KG","img":"https://fd1-photos.leclercdrive.fr/image.ashx?id=2223259&use=l&cat=p&typeid=i","cat":284441},{"id":167968,"n":"Quenelles Volaille Champignon J. Mack - 2x400g","p":4.2,"u":"5,25 €/KG","img":"https://fd1-photos.leclercdrive.fr/image.ashx?id=2223253&use=l&cat=p&typeid=i","cat":284441},{"id":167970,"n":"Quenelles Veau Sauce Financière J. Mack - 2x400g","p":4.2,"u":"5,25 €/KG","img":"https://fd1-photos.leclercdrive.fr/image.ashx?id=2799341&use=l&cat=p&typeid=i","cat":284441},{"id":167971,"n":"Quenelles Saumon sauce Crevette J. Mack - 2x400g","p":4.03,"u":"5,04 €/KG","img":"https://fd1-photos.leclercdrive.fr/image.ashx?id=2799344&use=l&cat=p&typeid=i","cat":284441},{"id":168097,"n":"Purée fruit bébé Blédina 6 mois Pomme pêche fraise - 4x100g","p":1.88,"u":"4,70 €/KG","img":"https://fd1-photos.leclercdrive.fr/image.ashx?id=2983027&use=l&cat=p&typeid=i","cat":312388},{"id":168151,"n":"Biscuit bébé Blédina 15 mois  Céréales pépites chocolat -168g","p":2.85,"u":"16,96 €/KG","img":"https://fd1-photos.leclercdrive.fr/image.ashx?id=2892421&use=l&cat=p&typeid=i","cat":312227},{"id":168154,"n":"Repas bébé Blédichef 12 mois Pdt céleri saumon -230g","p":2.22,"u":"9,65 €/KG","img":"https://fd1-photos.leclercdrive.fr/image.ashx?id=2223238&use=l&cat=p&typeid=i","cat":312237},{"id":168168,"n":"Huile d'olive Cauvin Vierge Extra - 75cl","p":9.42,"u":"12,56 €/L","img":"https://fd1-photos.leclercdrive.fr/image.ashx?id=2498353&use=l&cat=p&typeid=i","cat":284453},{"id":168169,"n":"Ferments Lactiques Tablier Blanc - 8g","p":2.42,"u":"302,50 €/KG","img":"https://fd1-photos.leclercdrive.fr/image.ashx?id=2900355&use=l&cat=p&typeid=i","cat":284504},{"id":168222,"n":"Mini galettes de pomme de terre Schneider - 320g","p":2.99,"u":"9,34 €/KG","img":"https://fd1-photos.leclercdrive.fr/image.ashx?id=2845925&use=l&cat=p&typeid=i","cat":333665},{"id":168248,"n":"Mini Gaufrettes Knoppers Lait Noisettes - 200g","p":2.37,"u":"11,85 €/KG","img":"https://fd1-photos.leclercdrive.fr/image.ashx?id=2457425&use=l&cat=p&typeid=i","cat":284488},{"id":168301,"n":"Skyr Yoplait  Nature 0%Mg - 850g","p":3.27,"u":"3,85 €/KG","img":"https://fd1-photos.leclercdrive.fr/image.ashx?id=2884444&use=l&cat=p&typeid=i","cat":315000},{"id":168354,"n":"Mascara Maybelline Sensational  - 1 pièce","p":8.95,"pp":5.91,"img":"https://fd1-photos.leclercdrive.fr/image.ashx?id=3010792&use=l&cat=p&typeid=i","cat":287029},{"id":168391,"n":"Jus de pomme désucré Jafaden 1L","p":1.39,"u":"1,39 €/L","img":"https://fd1-photos.leclercdrive.fr/image.ashx?id=2227035&use=l&cat=p&typeid=i","cat":284522},{"id":168419,"n":"Monopoly classique Dès 8 ans","p":21.9,"img":"https://fd1-photos.leclercdrive.fr/image.ashx?id=2532162&use=l&cat=p&typeid=i","cat":334378},{"id":168569,"n":"Boulettes au bœuf Charal x30 - 900g","p":8.49,"u":"9,43 €/KG","img":"https://fd1-photos.leclercdrive.fr/image.ashx?id=2901845&use=l&cat=p&typeid=i","cat":319779},{"id":168635,"n":"Chips Tuiles Pringles Crème et Oignon - 195g","p":2.44,"u":"12,51 €/KG","img":"https://fd1-photos.leclercdrive.fr/image.ashx?id=2891256&use=l&cat=p&typeid=i","cat":287899},{"id":168652,"n":"Calendrier de l'Avent Kinder Ferrero Sélection - 295g","p":14.93,"u":"50,61 €/KG","img":"https://fd1-photos.leclercdrive.fr/image.ashx?id=2940525&use=l&cat=p&typeid=i","cat":336112},{"id":168656,"n":"Schoko-bons white Kinder Chocolat - 300g","p":6.77,"u":"22,57 €/KG","img":"https://fd1-photos.leclercdrive.fr/image.ashx?id=2918071&use=l&cat=p&typeid=i","cat":327592},{"id":168677,"n":"Compotes Pom'Potes Gourdes BIO Pomme Nature - 20x90g","p":8.45,"u":"4,69 €/KG","img":"https://fd1-photos.leclercdrive.fr/image.ashx?id=2919742&use=l&cat=p&typeid=i","cat":284508},{"id":168732,"n":"Bloc de foie gras d'oie Feyel au Pinot Gris - 2x40g","p":8.4,"u":"105,00 €/KG","img":"https://fd1-photos.leclercdrive.fr/image.ashx?id=2646110&use=l&cat=p&typeid=i","cat":316008},{"id":168733,"n":"Bloc de foie gras d'oie Feyel - 2x40g","p":9.49,"u":"118,63 €/KG","img":"https://fd1-photos.leclercdrive.fr/image.ashx?id=2646104&use=l&cat=p&typeid=i","cat":316008},{"id":168734,"n":"Bloc de foie gras de canard Feyel - 2x40g","p":8.49,"u":"106,13 €/KG","img":"https://fd1-photos.leclercdrive.fr/image.ashx?id=2646101&use=l&cat=p&typeid=i","cat":316008},{"id":168735,"n":"Bloc de foie gras de canard  Feyel Muscat d'Alsace - 2x40g","p":8.9,"u":"111,25 €/KG","img":"https://fd1-photos.leclercdrive.fr/image.ashx?id=2646107&use=l&cat=p&typeid=i","cat":316008},{"id":168773,"n":"Bière de Noël Météor - 6x25cl","p":5.3,"u":"3,53 €/L","img":"https://fd1-photos.leclercdrive.fr/image.ashx?id=2921525&use=l&cat=p&typeid=i","cat":334872},{"id":168774,"n":"Boîte Sucre Cannelle Bec Verseur - Erstein - 300g","p":1.95,"u":"6,50 €/KG","img":"https://fd1-photos.leclercdrive.fr/image.ashx?id=2235224&use=l&cat=p&typeid=i","cat":284504},{"id":168784,"n":"Liqueur Pain d'Epices Theo Preiss - 35cl - 17°","p":8.25,"u":"23,57 €/L","img":"https://fd1-photos.leclercdrive.fr/image.ashx?id=2233868&use=l&cat=p&typeid=i","cat":286032},{"id":168868,"n":"Essuie-tout Uni Vert 2 = 4 rouleaux","p":2.72,"u":"1,36 €/P","img":"https://fd1-photos.leclercdrive.fr/image.ashx?id=2333715&use=l&cat=p&typeid=i","cat":284635},{"id":168869,"n":"Papier toilette Uni Vert 2 plis 4=12 - x4","p":3.38,"u":"0,85 €/P","img":"https://fd1-photos.leclercdrive.fr/image.ashx?id=2333718&use=l&cat=p&typeid=i","cat":284634},{"id":168871,"n":"Mouchoirs Boîte 3 plis Univert Mouchoir papier non blanchi x80","p":1.26,"u":"0,02 €/P","img":"https://fd1-photos.leclercdrive.fr/image.ashx?id=2571941&use=l&cat=p&typeid=i","cat":284638},{"id":168990,"n":"Burgers Eco+ x10 - 1kg","p":6.53,"u":"6,53 €/KG","img":"https://fd1-photos.leclercdrive.fr/image.ashx?id=2966523&use=l&cat=p&typeid=i","cat":319778},{"id":168992,"n":"Nuggets de volaille Eco+ 500g","p":2.18,"u":"4,36 €/KG","img":"https://fd1-photos.leclercdrive.fr/image.ashx?id=2842997&use=l&cat=p&typeid=i","cat":319780},{"id":168993,"n":"Viande hachée Eco+  800g","p":8.99,"u":"11,24 €/KG","img":"https://fd1-photos.leclercdrive.fr/image.ashx?id=2966526&use=l&cat=p&typeid=i","cat":319779},{"id":168994,"n":"Yaourt Enfant Petits Filous Tubs Aromatisés - x15","p":3.15,"u":"5,68 €/KG","img":"https://fd1-photos.leclercdrive.fr/image.ashx?id=2811038&use=l&cat=p&typeid=i","cat":284415},{"id":168995,"n":"Yaourt brassé Perle de Lait Vanille - 4x125g","p":2.04,"u":"4,08 €/KG","img":"https://fd1-photos.leclercdrive.fr/image.ashx?id=2939715&use=l&cat=p&typeid=i","cat":314999},{"id":168996,"n":"Yaourt brassé Perle de Lait Nature - 6x125g","p":2.46,"u":"3,28 €/KG","img":"https://fd1-photos.leclercdrive.fr/image.ashx?id=2994199&use=l&cat=p&typeid=i","cat":314999},{"id":169003,"n":"Yaourt brassé Perle de Lait Nature - 4x125g","p":1.94,"u":"3,88 €/KG","img":"https://fd1-photos.leclercdrive.fr/image.ashx?id=2939706&use=l&cat=p&typeid=i","cat":314999},{"id":169006,"n":"Cocktail de fruits de mer Eco+ Précuit - 500g","p":3.79,"u":"7,58 €/KG","img":"https://fd1-photos.leclercdrive.fr/image.ashx?id=2529525&use=l&cat=p&typeid=i","cat":319787},{"id":169026,"n":"Pané de colin d'Alaska Eco+ x5 - 800g","p":4.55,"u":"5,69 €/KG","img":"https://fd1-photos.leclercdrive.fr/image.ashx?id=2529747&use=l&cat=p&typeid=i","cat":319788},{"id":169045,"n":"Falafels de pois chiches Bio Hari&Co Cumin Menthe - 170g","p":2.96,"u":"17,41 €/KG","img":"https://fd1-photos.leclercdrive.fr/image.ashx?id=2903602&use=l&cat=p&typeid=i","cat":316036},{"id":169057,"n":"Pizza Margherita Eco+ x3 - 900g","p":2.63,"u":"2,92 €/KG","img":"https://fd1-photos.leclercdrive.fr/image.ashx?id=2781176&use=l&cat=p&typeid=i","cat":284256},{"id":169065,"n":"Crémeux à tartiner Violife A l'huile de noix de coco -150g","p":2.73,"u":"18,20 €/KG","img":"https://fd1-photos.leclercdrive.fr/image.ashx?id=2937829&use=l&cat=p&typeid=i","cat":316070},{"id":169070,"n":"Pâte de Pralin 225g","p":6.77,"u":"30,09 €/KG","img":"https://fd1-photos.leclercdrive.fr/image.ashx?id=2235302&use=l&cat=p&typeid=i","cat":284504},{"id":169071,"n":"Café grains Sati  Oncle Hansi - 1kg","p":18.54,"u":"18,54 €/KG","img":"https://fd1-photos.leclercdrive.fr/image.ashx?id=2235293&use=l&cat=p&typeid=i","cat":293237},{"id":169276,"n":"Moutarde à l'Ancienne Melfor - 200g","p":1.82,"u":"9,10 €/KG","img":"https://fd1-photos.leclercdrive.fr/image.ashx?id=2282982&use=l&cat=p&typeid=i","cat":288850},{"id":169282,"n":"Coca Cola 33cl","p":0.71,"u":"2,15 €/L","img":"https://fd1-photos.leclercdrive.fr/image.ashx?id=2787737&use=l&cat=p&typeid=i","cat":284530},{"id":169297,"n":"Soupe Velouté de Poireaux Knorr - 1L","p":2.9,"u":"2,90 €/L","img":"https://fd1-photos.leclercdrive.fr/image.ashx?id=2395814&use=l&cat=p&typeid=i","cat":284462},{"id":169298,"n":"Velouté Carottes Française Knorr - 1L","p":2.77,"u":"2,77 €/L","img":"https://fd1-photos.leclercdrive.fr/image.ashx?id=2395811&use=l&cat=p&typeid=i","cat":284463},{"id":169342,"n":"Lardons fumés Herta 200g","p":2.23,"u":"11,15 €/KG","img":"https://fd1-photos.leclercdrive.fr/image.ashx?id=2939307&use=l&cat=p&typeid=i","cat":316011},{"id":169344,"n":"Lardons fumés Herta Sans nitrite - 2x75g","p":1.83,"u":"12,20 €/KG","img":"https://fd1-photos.leclercdrive.fr/image.ashx?id=2731369&use=l&cat=p&typeid=i","cat":316011},{"id":169345,"n":"Lardons nature Herta 200g","p":2.23,"u":"11,15 €/KG","img":"https://fd1-photos.leclercdrive.fr/image.ashx?id=2731357&use=l&cat=p&typeid=i","cat":316011},{"id":169346,"n":"Allumettes fumées Herta Sans nitrite - 2x75g","p":1.89,"u":"12,60 €/KG","img":"https://fd1-photos.leclercdrive.fr/image.ashx?id=2868903&use=l&cat=p&typeid=i","cat":316011},{"id":169347,"n":"Allumettes nature Herta Sans nitrite - 2x75g","p":2.02,"u":"13,47 €/KG","img":"https://fd1-photos.leclercdrive.fr/image.ashx?id=2868906&use=l&cat=p&typeid=i","cat":316011},{"id":169353,"n":"Pâte feuilletée Herta Tarte en Or - 230g","p":0.97,"u":"4,22 €/KG","img":"https://fd1-photos.leclercdrive.fr/image.ashx?id=2918658&use=l&cat=p&typeid=i","cat":333681},{"id":169354,"n":"Pâte brisée Herta Tarte en Or - 230g","p":1.07,"u":"4,65 €/KG","img":"https://fd1-photos.leclercdrive.fr/image.ashx?id=2739189&use=l&cat=p&typeid=i","cat":333681},{"id":169429,"n":"Tendres Effilés en Gelée Felix Selection poissons 12x85g","p":5.02,"u":"4,92 €/KG","img":"https://fd1-photos.leclercdrive.fr/image.ashx?id=2995439&use=l&cat=p&typeid=i","cat":285286},{"id":169430,"n":"Tendres Effilés en Gelée Felix Selection campagne 12x85g","p":4.96,"u":"4,86 €/KG","img":"https://fd1-photos.leclercdrive.fr/image.ashx?id=2957668&use=l&cat=p&typeid=i","cat":285286},{"id":169432,"n":"Tendres Effilés en Gelée Felix Selection mixte - 24x85g","p":8.78,"u":"4,30 €/KG","img":"https://fd1-photos.leclercdrive.fr/image.ashx?id=2869651&use=l&cat=p&typeid=i","cat":285286},{"id":169443,"n":"Tendres Effilés Gelée 44x85g","p":17.08,"u":"4,57 €/KG","img":"https://fd1-photos.leclercdrive.fr/image.ashx?id=2957674&use=l&cat=p&typeid=i","cat":285286},{"id":169445,"n":"Duos en gelée Felix Selection campagne - 44x85g","p":16.68,"u":"4,46 €/KG","img":"https://fd1-photos.leclercdrive.fr/image.ashx?id=2976857&use=l&cat=p&typeid=i","cat":285286},{"id":169447,"n":"Emincés En Gelée Felix Selection mixte - 12x85g","p":4.15,"u":"4,07 €/KG","img":"https://fd1-photos.leclercdrive.fr/image.ashx?id=2869657&use=l&cat=p&typeid=i","cat":285286},{"id":169448,"n":"Emincés En Gelée  Felix Volaille légumes - 12x85g","p":4.09,"u":"4,01 €/KG","img":"https://fd1-photos.leclercdrive.fr/image.ashx?id=2909212&use=l&cat=p&typeid=i","cat":285286},{"id":169457,"n":"Sensation en gelée Felix Sélection mixte - 24x85g","p":9.85,"u":"4,83 €/KG","img":"https://fd1-photos.leclercdrive.fr/image.ashx?id=2378435&use=l&cat=p&typeid=i","cat":285286},{"id":169511,"n":"Margarine Oméga 3 Fruit d'Or Sans huile de palme - 450g","p":2.88,"u":"6,40 €/KG","img":"https://fd1-photos.leclercdrive.fr/image.ashx?id=2887329&use=l&cat=p&typeid=i","cat":315229},{"id":169572,"n":"Gourdes de fruits Good Goût Bio Dès 4 mois - 4x120g","p":6.1,"u":"12,71 €/KG","img":"https://fd1-photos.leclercdrive.fr/image.ashx?id=2640698&use=l&cat=p&typeid=i","cat":312387},{"id":169712,"n":"Lait UHT Demi-Ecrémé Alsace Lait Stérilisé 6x1L","p":7.44,"u":"1,24 €/L","img":"https://fd1-photos.leclercdrive.fr/image.ashx?id=2986398&use=l&cat=p&typeid=i","cat":284377},{"id":169739,"n":"Cassolettes St-Jacques saumon Tipiak  x2 - 220g","p":5.89,"u":"26,77 €/KG","img":"https://fd1-photos.leclercdrive.fr/image.ashx?id=2242173&use=l&cat=p&typeid=i","cat":284254},{"id":170171,"n":"Pistaches USA Seeberger - 150g","p":4.75,"u":"31,67 €/KG","img":"https://fd1-photos.leclercdrive.fr/image.ashx?id=2260042&use=l&cat=p&typeid=i","cat":284357},{"id":170172,"n":"Amandes Caramélisées Seeberger - 150g","p":4.68,"u":"31,20 €/KG","img":"https://fd1-photos.leclercdrive.fr/image.ashx?id=2248846&use=l&cat=p&typeid=i","cat":284357},{"id":170434,"n":"Matelote de thon D'Aucy Petits légumes 300g","p":2.91,"u":"9,70 €/KG","img":"https://fd1-photos.leclercdrive.fr/image.ashx?id=2247538&use=l&cat=p&typeid=i","cat":284953},{"id":170561,"n":"Friandises chien Tous mes Amis Sticks au Boeuf - 3x11g","p":0.5,"u":"15,15 €/KG","img":"https://fd1-photos.leclercdrive.fr/image.ashx?id=2302265&use=l&cat=p&typeid=i","cat":294527},{"id":170957,"n":"Confiture Douceur du Verger Abricot - 750g","p":2.49,"u":"3,32 €/KG","img":"https://fd1-photos.leclercdrive.fr/image.ashx?id=2965581&use=l&cat=p&typeid=i","cat":284480},{"id":171004,"n":"Ramen nouilles Tanoshi Soja Caramel - 360g","p":3.07,"u":"8,53 €/KG","img":"https://fd1-photos.leclercdrive.fr/image.ashx?id=2922971&use=l&cat=p&typeid=i","cat":288992},{"id":171020,"n":"Infusion Bio La Tisanière Brûle Graisse Citron 20 Sachets","p":2.84,"u":"94,67 €/KG","img":"https://fd1-photos.leclercdrive.fr/image.ashx?id=2476290&use=l&cat=p&typeid=i","cat":293234},{"id":171068,"n":"Gel douche So Bio Etic Fleur d'oranger bio - 450ml","p":5.4,"u":"12,00 €/L","img":"https://fd1-photos.leclercdrive.fr/image.ashx?id=2794487&use=l&cat=p&typeid=i","cat":284594},{"id":171070,"n":"Gel douche So Bio Etic Abricot bio - 450ml","p":5.04,"u":"11,20 €/L","img":"https://fd1-photos.leclercdrive.fr/image.ashx?id=2793629&use=l&cat=p&typeid=i","cat":284594},{"id":171072,"n":"Gel douche So Bio Etic Verveine Citron bio - 450ml","p":5.18,"u":"11,51 €/L","img":"https://fd1-photos.leclercdrive.fr/image.ashx?id=2813468&use=l&cat=p&typeid=i","cat":284594},{"id":171131,"n":"Pétillant D'artigny Sans Alcool - 75cl","p":5.45,"u":"7,27 €/L","img":"https://fd1-photos.leclercdrive.fr/image.ashx?id=2854312&use=l&cat=p&typeid=i","cat":289460},{"id":171187,"n":"Barres glacées Snickers  Caramel & Cacahuètes x12 - 547g","p":5.19,"u":"9,49 €/KG","img":"https://fd1-photos.leclercdrive.fr/image.ashx?id=2295505&use=l&cat=p&typeid=i","cat":284264},{"id":171188,"n":"Glace Barre Glacée Snickers  Caramel & Cacahuètes x6 - 274g","p":3.66,"u":"13,36 €/KG","img":"https://fd1-photos.leclercdrive.fr/image.ashx?id=2295508&use=l&cat=p&typeid=i","cat":284264},{"id":171191,"n":"Barre glacée Mars  Caramel x6 - 240g","p":3.26,"img":"https://fd1-photos.leclercdrive.fr/image.ashx?id=2295924&use=l&cat=p&typeid=i","cat":284264},{"id":171407,"n":"Tissu alimentaire Elembal Cire d'abeille - x3","p":9.13,"u":"3,04 €/P","img":"https://fd1-photos.leclercdrive.fr/image.ashx?id=2287613&use=l&cat=p&typeid=i","cat":334134},{"id":171409,"n":"Sac poubelle Elembal 50L - x40","p":5.99,"u":"0,15 €/P","img":"https://fd1-photos.leclercdrive.fr/image.ashx?id=2793311&use=l&cat=p&typeid=i","cat":285168},{"id":171658,"n":"AOP Blanc Jurançon Grains d'Automne - 75cl","p":10.95,"u":"14,60 €/L","img":"https://fd1-photos.leclercdrive.fr/image.ashx?id=2733394&use=l&cat=p&typeid=i","cat":289557},{"id":171719,"n":"Lessive Epsil Perfect Tri-Doses Fleurie x20 - 490ml","p":4.49,"u":"9,16 €/L","img":"https://fd1-photos.leclercdrive.fr/image.ashx?id=2450119&use=l&cat=p&typeid=i","cat":284641},{"id":171785,"n":"Escargots de Bourgogne Escal à l'Alsacienne x12 - 125g","p":7.77,"u":"62,16 €/KG","img":"https://fd1-photos.leclercdrive.fr/image.ashx?id=2255544&use=l&cat=p&typeid=i","cat":319775},{"id":171787,"n":"Escargots de Bourgogne aux Morilles x12 - 89g","p":6.61,"u":"74,27 €/KG","img":"https://fd1-photos.leclercdrive.fr/image.ashx?id=2255547&use=l&cat=p&typeid=i","cat":319775},{"id":171830,"n":"Culottes Love & Green T4 - x20","p":12.39,"u":"0,62 €/P","img":"https://fd1-photos.leclercdrive.fr/image.ashx?id=2551390&use=l&cat=p&typeid=i","cat":290633},{"id":171836,"n":"Céréales Trésor Kellogg's Chocolat au lait - 620g","p":4.52,"u":"7,29 €/KG","img":"https://fd1-photos.leclercdrive.fr/image.ashx?id=2598334&use=l&cat=p&typeid=i","cat":309513},{"id":172016,"n":"Filets de truite fumée Frangil Gourmet x2 -  125g","p":4.99,"u":"39,92 €/KG","img":"https://fd1-photos.leclercdrive.fr/image.ashx?id=2256802&use=l&cat=p&typeid=i","cat":285188},{"id":172578,"n":"L'Ortolan Fromagerie Milleret A la truffe blanche -135g","p":3.19,"u":"23,63 €/KG","img":"https://fd1-photos.leclercdrive.fr/image.ashx?id=2259658&use=l&cat=p&typeid=i","cat":314033},{"id":172592,"n":"Fromage blanc 0%MG Light & Free Vanille - 4x120g","p":2.19,"u":"4,56 €/KG","img":"https://fd1-photos.leclercdrive.fr/image.ashx?id=3008005&use=l&cat=p&typeid=i","cat":315000},{"id":172595,"n":"Mousse fromage blanc Light&Free Fraise et pêche 0%mg - 4x120g","p":2.26,"u":"4,91 €/KG","img":"https://fd1-photos.leclercdrive.fr/image.ashx?id=3008020&use=l&cat=p&typeid=i","cat":315000},{"id":172598,"n":"Yaourt aux fruits Light&free Cerise 0%MG - 4x125g","p":1.62,"u":"3,24 €/KG","img":"https://fd1-photos.leclercdrive.fr/image.ashx?id=2741682&use=l&cat=p&typeid=i","cat":315000},{"id":172649,"n":"Papier toilette Renova Progress - x40","p":9.93,"u":"0,25 €/P","img":"https://fd1-photos.leclercdrive.fr/image.ashx?id=2279894&use=l&cat=p&typeid=i","cat":284634},{"id":172718,"n":"Lessive en poudre Xeor Savon de Marseille x50 - 2.5kg","p":5.99,"u":"2,40 €/KG","img":"https://fd1-photos.leclercdrive.fr/image.ashx?id=2450161&use=l&cat=p&typeid=i","cat":284642},{"id":172725,"n":"Eau aromatisée San Pellegrino Limonata - 6x33cl","p":3.9,"u":"1,97 €/L","img":"https://fd1-photos.leclercdrive.fr/image.ashx?id=2525816&use=l&cat=p&typeid=i","cat":284536},{"id":172727,"n":"Eau aromatisée San Pellegrino Melograno e arancia - 6x33cl","p":4.08,"u":"2,06 €/L","img":"https://fd1-photos.leclercdrive.fr/image.ashx?id=2551555&use=l&cat=p&typeid=i","cat":284536},{"id":172731,"n":"Tablette chocolat Milka Chocolat au lait - 3x100g","p":4.36,"u":"14,53 €/KG","img":"https://fd1-photos.leclercdrive.fr/image.ashx?id=3009137&use=l&cat=p&typeid=i","cat":284497},{"id":172740,"n":"Farine à Pizza Mon Fournil T00 - 1kg","p":1.69,"u":"1,69 €/KG","img":"https://fd1-photos.leclercdrive.fr/image.ashx?id=2341660&use=l&cat=p&typeid=i","cat":284503},{"id":172829,"n":"Yaourt à boire protéiné Hipro  Mangue 0%mg - 300g","p":2.26,"u":"7,53 €/KG","img":"https://fd1-photos.leclercdrive.fr/image.ashx?id=2807432&use=l&cat=p&typeid=i","cat":315000},{"id":172984,"n":"Jus de Citron Vert 50cl","p":2.2,"u":"4,40 €/L","img":"https://fd1-photos.leclercdrive.fr/image.ashx?id=2263712&use=l&cat=p&typeid=i","cat":288383},{"id":173329,"n":"Soupe liquide Liebig  Poissons - Brique 1L","p":3.47,"u":"3,47 €/L","img":"https://fd1-photos.leclercdrive.fr/image.ashx?id=2647468&use=l&cat=p&typeid=i","cat":287366},{"id":173332,"n":"Soupe liquide Liebig poireaux Saint jacques - Brique 1L","p":4.5,"u":"4,50 €/L","img":"https://fd1-photos.leclercdrive.fr/image.ashx?id=2472195&use=l&cat=p&typeid=i","cat":284462},{"id":173333,"n":"Soupe liquide Liebig  Poireaux saint jacques - 2x30cl","p":3.93,"u":"6,55 €/L","img":"https://fd1-photos.leclercdrive.fr/image.ashx?id=2472198&use=l&cat=p&typeid=i","cat":284462},{"id":173989,"n":"Porc au caramel Paul et Louise Et son riz - 300g","p":2.93,"u":"9,77 €/KG","img":"https://fd1-photos.leclercdrive.fr/image.ashx?id=3008464&use=l&cat=p&typeid=i","cat":284953},{"id":174050,"n":"Vin chaud nature Noirot 12% vol. - 75cl","p":3.52,"u":"4,69 €/L","img":"https://fd1-photos.leclercdrive.fr/image.ashx?id=2276252&use=l&cat=p&typeid=i","cat":289556},{"id":174145,"n":"Confiture Douceur du Verger Cerises - 370 g","p":1.27,"u":"3,43 €/KG","img":"https://fd1-photos.leclercdrive.fr/image.ashx?id=2965599&use=l&cat=p&typeid=i","cat":284480},{"id":174147,"n":"Confiture Douceur du Verger Châtaignes/vanille - 370g","p":1.75,"u":"4,73 €/KG","img":"https://fd1-photos.leclercdrive.fr/image.ashx?id=2965593&use=l&cat=p&typeid=i","cat":284480},{"id":174148,"n":"Confiture Douceur du Verger Pêches - 370 g","p":1.6,"u":"4,32 €/KG","img":"https://fd1-photos.leclercdrive.fr/image.ashx?id=2965602&use=l&cat=p&typeid=i","cat":284480},{"id":174149,"n":"Confiture Douceur du Verger Fraises - 370 g","p":1.12,"u":"3,03 €/KG","img":"https://fd1-photos.leclercdrive.fr/image.ashx?id=2965542&use=l&cat=p&typeid=i","cat":284480},{"id":174150,"n":"Confiture Douceur du Verger Framboises - 370 g","p":1.99,"u":"5,38 €/KG","img":"https://fd1-photos.leclercdrive.fr/image.ashx?id=2965575&use=l&cat=p&typeid=i","cat":284480},{"id":174151,"n":"Confiture Douceur du Verger 4 fruits rouges - 370 g","p":1.18,"u":"3,19 €/KG","img":"https://fd1-photos.leclercdrive.fr/image.ashx?id=2965548&use=l&cat=p&typeid=i","cat":284480},{"id":174152,"n":"Sauce Tomate Provençale Panzani - 210G","p":1.27,"u":"6,05 €/KG","img":"https://fd1-photos.leclercdrive.fr/image.ashx?id=2880691&use=l&cat=p&typeid=i","cat":299047},{"id":174153,"n":"Sauce tomates cuisinées Panzani 210g","p":1.17,"u":"5,57 €/KG","img":"https://fd1-photos.leclercdrive.fr/image.ashx?id=2880688&use=l&cat=p&typeid=i","cat":299047},{"id":174154,"n":"Sauce Tomate Basilic Panzani - 210G","p":1.22,"u":"5,81 €/KG","img":"https://fd1-photos.leclercdrive.fr/image.ashx?id=2881290&use=l&cat=p&typeid=i","cat":288384},{"id":174156,"n":"Sauce tomates cuisinées Panzani 425g","p":1.65,"u":"3,88 €/KG","img":"https://fd1-photos.leclercdrive.fr/image.ashx?id=2977276&use=l&cat=p&typeid=i","cat":288384},{"id":174157,"n":"Sauce Tomate Basilic Panzani - 400G","p":2.03,"u":"5,08 €/KG","img":"https://fd1-photos.leclercdrive.fr/image.ashx?id=2968088&use=l&cat=p&typeid=i","cat":288384},{"id":174159,"n":"Sauce Tomate Basilic Panzani - 650G","p":2.46,"u":"3,78 €/KG","img":"https://fd1-photos.leclercdrive.fr/image.ashx?id=2977945&use=l&cat=p&typeid=i","cat":288384},{"id":174160,"n":"Sauce tomates fraîches Panzani 3x190g","p":2.65,"u":"4,65 €/KG","img":"https://fd1-photos.leclercdrive.fr/image.ashx?id=2835274&use=l&cat=p&typeid=i","cat":288384},{"id":174189,"n":"Beignets de calamar Eco+ 500g","p":2.46,"u":"4,92 €/KG","img":"https://fd1-photos.leclercdrive.fr/image.ashx?id=2690955&use=l&cat=p&typeid=i","cat":319788},{"id":174192,"n":"Filet de saumon de Norvège ASC  L'Atelier Poissonnerie - 600g","p":12.94,"u":"21,57 €/KG","img":"https://fd1-photos.leclercdrive.fr/image.ashx?id=3004402&use=l&cat=p&typeid=i","cat":284342},{"id":174196,"n":"Viande hachée 15% MG Férial 1kg","p":14.49,"u":"14,49 €/KG","img":"https://fd1-photos.leclercdrive.fr/image.ashx?id=2630094&use=l&cat=p&typeid=i","cat":284332},{"id":174204,"n":"Margarine Oméga 3 Fruit d'Or Sans huile de palme - 225g","p":2.04,"u":"9,07 €/KG","img":"https://fd1-photos.leclercdrive.fr/image.ashx?id=2887332&use=l&cat=p&typeid=i","cat":315229},{"id":174221,"n":"Pur jus d'orange Eco  Avec pulpe - 1L","p":2.07,"u":"2,07 €/L","img":"https://fd1-photos.leclercdrive.fr/image.ashx?id=2843102&use=l&cat=p&typeid=i","cat":285435},{"id":174222,"n":"Pur jus d'orange Eco  Sans pulpe - 1L","p":2.07,"u":"2,07 €/L","img":"https://fd1-photos.leclercdrive.fr/image.ashx?id=2779874&use=l&cat=p&typeid=i","cat":285435},{"id":174223,"n":"Pur jus de pomme Eco  1L","p":1.47,"u":"1,47 €/L","img":"https://fd1-photos.leclercdrive.fr/image.ashx?id=2779877&use=l&cat=p&typeid=i","cat":285435},{"id":174347,"n":"Chips à la crevette Suzi Wan 50g","p":1.22,"u":"24,40 €/KG","img":"https://fd1-photos.leclercdrive.fr/image.ashx?id=2270572&use=l&cat=p&typeid=i","cat":288992},{"id":174369,"n":"Confiture Extra Beyer Abricots - 370g","p":2.25,"u":"6,08 €/KG","img":"https://fd1-photos.leclercdrive.fr/image.ashx?id=2333192&use=l&cat=p&typeid=i","cat":284480},{"id":174398,"n":"Eponges grattantes Eco + x6","p":0.96,"u":"0,16 €/P","img":"https://fd1-photos.leclercdrive.fr/image.ashx?id=2761295&use=l&cat=p&typeid=i","cat":284667},{"id":174517,"n":"Pur jus multifruits Jafaden 90cl","p":1.7,"u":"1,89 €/L","img":"https://fd1-photos.leclercdrive.fr/image.ashx?id=2723153&use=l&cat=p&typeid=i","cat":285435},{"id":174565,"n":"Fruits au sirop St Mamet Pêche Poire Ananas - 475g","p":3.47,"u":"7,31 €/KG","img":"https://fd1-photos.leclercdrive.fr/image.ashx?id=2412438&use=l&cat=p&typeid=i","cat":284507},{"id":174709,"n":"Confiture Douceur du Verger 4 fruits rouges - 750 g","p":2.39,"u":"3,19 €/KG","img":"https://fd1-photos.leclercdrive.fr/image.ashx?id=2965554&use=l&cat=p&typeid=i","cat":284480},{"id":174710,"n":"Confiture Douceur du Verger Mirabelles - 370g","p":1.64,"u":"4,43 €/KG","img":"https://fd1-photos.leclercdrive.fr/image.ashx?id=2965560&use=l&cat=p&typeid=i","cat":284480},{"id":174712,"n":"Confiture Douceur du Verger Figues - 370g","p":1.57,"u":"4,24 €/KG","img":"https://fd1-photos.leclercdrive.fr/image.ashx?id=2965587&use=l&cat=p&typeid=i","cat":284480},{"id":174714,"n":"Confiture Douceur du Verger Mûres - 370g","p":1.99,"u":"5,38 €/KG","img":"https://fd1-photos.leclercdrive.fr/image.ashx?id=2970587&use=l&cat=p&typeid=i","cat":284480},{"id":174815,"n":"Confiture Douceur du Verger Myrtilles - 370g","p":1.72,"u":"4,65 €/KG","img":"https://fd1-photos.leclercdrive.fr/image.ashx?id=2965590&use=l&cat=p&typeid=i","cat":284480},{"id":174833,"n":"Chipolatas x6 Soutenons Nos Agriculteurs 330g","p":4.5,"u":"13,64 €/KG","img":"https://fd1-photos.leclercdrive.fr/image.ashx?id=2716018&use=l&cat=p&typeid=i","cat":284334},{"id":174844,"n":"Amandes en poudre d'Espagne Sainte Lucie - 100g","p":2.82,"u":"28,20 €/KG","img":"https://fd1-photos.leclercdrive.fr/image.ashx?id=2774331&use=l&cat=p&typeid=i","cat":284504},{"id":174875,"n":"Gelée douceur du Verger Groseilles - 370g","p":1.29,"u":"3,49 €/KG","img":"https://fd1-photos.leclercdrive.fr/image.ashx?id=2965563&use=l&cat=p&typeid=i","cat":284480},{"id":174876,"n":"Gelée Douceur du Verger Coing - 370g","p":1.29,"u":"3,49 €/KG","img":"https://fd1-photos.leclercdrive.fr/image.ashx?id=2965566&use=l&cat=p&typeid=i","cat":284480},{"id":174881,"n":"Carottes râpées Bonduelle Au Citron de Sicile - 320g","p":1.43,"u":"4,47 €/KG","img":"https://fd1-photos.leclercdrive.fr/image.ashx?id=2894194&use=l&cat=p&typeid=i","cat":333657},{"id":174884,"n":"Céleri remoulade Bonduelle Au Fromage blanc - 320g","p":1.79,"u":"5,59 €/KG","img":"https://fd1-photos.leclercdrive.fr/image.ashx?id=2904709&use=l&cat=p&typeid=i","cat":333657},{"id":174886,"n":"Aubergine Eco+ 500g","p":0.99,"u":"1,98 €/KG","img":"https://fd1-photos.leclercdrive.fr/image.ashx?id=2907153&use=l&cat=p&typeid=i","cat":284352},{"id":174927,"n":"Viande hachée 15% MG Soutenons Nos Agriculteurs 300g","p":5.59,"u":"18,63 €/KG","img":"https://fd1-photos.leclercdrive.fr/image.ashx?id=2930558&use=l&cat=p&typeid=i","cat":284332},{"id":174931,"n":"Steak haché façon bouchère x4 Soutenons Nos Agriculteurs 400g","p":6.39,"u":"15,98 €/KG","img":"https://fd1-photos.leclercdrive.fr/image.ashx?id=2968070&use=l&cat=p&typeid=i","cat":319778},{"id":174932,"n":"Poisson Pané Findus Croustibat Colin d'Alaska MSC x18 - 540g","p":4.02,"u":"7,44 €/KG","img":"https://fd1-photos.leclercdrive.fr/image.ashx?id=2653774&use=l&cat=p&typeid=i","cat":319788},{"id":174940,"n":"Dentifrice Sanogyl Soin essentiel gencives - 75ml","p":2.71,"u":"36,13 €/L","img":"https://fd1-photos.leclercdrive.fr/image.ashx?id=2453487&use=l&cat=p&typeid=i","cat":284612},{"id":174949,"n":"Crème fluide légère 3x20cl Soutenons Nos Agriculteurs","p":2.45,"u":"4,08 €/L","img":"https://fd1-photos.leclercdrive.fr/image.ashx?id=2291417&use=l&cat=p&typeid=i","cat":284381},{"id":174954,"n":"Crème liquide UHT 3x20cl Soutenons Nos Agriculteurs","p":3.49,"u":"5,82 €/L","img":"https://fd1-photos.leclercdrive.fr/image.ashx?id=2291414&use=l&cat=p&typeid=i","cat":284381},{"id":174984,"n":"Miel Soutenons nos agriculteurs Crémeux - 500 g","p":5.59,"u":"11,18 €/KG","img":"https://fd1-photos.leclercdrive.fr/image.ashx?id=2685699&use=l&cat=p&typeid=i","cat":287643},{"id":174998,"n":"Jambon supérieur 6 tranches Soutenons Nos Agriculteurs 210g","p":3.89,"u":"18,52 €/KG","img":"https://fd1-photos.leclercdrive.fr/image.ashx?id=2943710&use=l&cat=p&typeid=i","cat":316009},{"id":174999,"n":"Jambon superieur 4 tranches Soutenons Nos Agriculteurs 140g","p":2.66,"u":"19,00 €/KG","img":"https://fd1-photos.leclercdrive.fr/image.ashx?id=2943707&use=l&cat=p&typeid=i","cat":316009},{"id":175040,"n":"Soin hydratant Aloe Vera BIO  Le Petit Marseillais - 400ml","p":4.12,"u":"10,30 €/L","img":"https://fd1-photos.leclercdrive.fr/image.ashx?id=2280711&use=l&cat=p&typeid=i","cat":325350},{"id":175098,"n":"Tartines croustillantes Wasa Sésame - 250g","p":2.07,"u":"8,28 €/KG","img":"https://fd1-photos.leclercdrive.fr/image.ashx?id=3011860&use=l&cat=p&typeid=i","cat":284479},{"id":175122,"n":"Crème Douche Nourrissante Cadum Surgras Coco - 750ml","p":4.05,"u":"5,40 €/L","img":"https://fd1-photos.leclercdrive.fr/image.ashx?id=2393284&use=l&cat=p&typeid=i","cat":284594},{"id":175414,"n":"Oranges non traitées Panier du Primeur Sachet x4","p":2.29,"u":"0,57 €/P","img":"https://fd1-photos.leclercdrive.fr/image.ashx?id=2930909&use=l&cat=p&typeid=i","cat":284356},{"id":175419,"n":"Citrons jaunes non traités Panier du Primeur Sachet x4","p":1.89,"u":"0,47 €/P","img":"https://fd1-photos.leclercdrive.fr/image.ashx?id=2930906&use=l&cat=p&typeid=i","cat":284356},{"id":175553,"n":"Lait Corps Le Petit Marseillais  Huile d'abricot - 250ml","p":3.58,"u":"14,32 €/L","img":"https://fd1-photos.leclercdrive.fr/image.ashx?id=2762232&use=l&cat=p&typeid=i","cat":325349},{"id":175556,"n":"Gel Douche Le Petit Marseillais  Haute tolerance amandier-400ml","p":2.3,"u":"5,75 €/L","img":"https://fd1-photos.leclercdrive.fr/image.ashx?id=2685174&use=l&cat=p&typeid=i","cat":284594},{"id":175557,"n":"Crème Visage Jour Nivea Matifiante Peaux Mixtes - 50ml","p":3.79,"u":"75,80 €/L","img":"https://fd1-photos.leclercdrive.fr/image.ashx?id=2659139&use=l&cat=p&typeid=i","cat":325345},{"id":175564,"n":"Gel Douche Le Petit Marseillais  Haute tolerance aloevera 400ml","p":2.28,"u":"5,70 €/L","img":"https://fd1-photos.leclercdrive.fr/image.ashx?id=2677429&use=l&cat=p&typeid=i","cat":284594},{"id":175572,"n":"Thé noir Earl Grey Bio Village Bio - x20 - 36g","p":1.09,"u":"30,28 €/KG","img":"https://fd1-photos.leclercdrive.fr/image.ashx?id=2897913&use=l&cat=p&typeid=i","cat":293233},{"id":175574,"n":"Sauce bolognaise Panzani Extra riche - 400g","p":2.74,"u":"6,85 €/KG","img":"https://fd1-photos.leclercdrive.fr/image.ashx?id=2887527&use=l&cat=p&typeid=i","cat":299047},{"id":175582,"n":"Sachet fraicheur chat Sheba Soupe filets de poulet - 4x40g","p":3.03,"u":"18,94 €/KG","img":"https://fd1-photos.leclercdrive.fr/image.ashx?id=2292590&use=l&cat=p&typeid=i","cat":285286},{"id":175585,"n":"Sachet fraicheur chat Sheba Soupe filets de thon - 4x40g","p":3.04,"u":"19,00 €/KG","img":"https://fd1-photos.leclercdrive.fr/image.ashx?id=2292593&use=l&cat=p&typeid=i","cat":285286},{"id":175586,"n":"Lentilles vertes Vivien Paille 1kg","p":3.6,"pp":2.38,"u":"2,38 €/KG","img":"https://fd1-photos.leclercdrive.fr/image.ashx?id=2285093&use=l&cat=p&typeid=i","cat":284430},{"id":175588,"n":"Cannelle entière Sainte Lucie 15g","p":2.38,"u":"158,67 €/KG","img":"https://fd1-photos.leclercdrive.fr/image.ashx?id=2984380&use=l&cat=p&typeid=i","cat":298297},{"id":175603,"n":"Thé vert bio Bio Village Menthe x20 - 36g","p":1.65,"u":"45,83 €/KG","img":"https://fd1-photos.leclercdrive.fr/image.ashx?id=2897907&use=l&cat=p&typeid=i","cat":293233},{"id":175616,"n":"Bavoir PEVA imperméable Tigex Mickey","p":5.15,"img":"https://fd1-photos.leclercdrive.fr/image.ashx?id=2434759&use=l&cat=p&typeid=i","cat":289435},{"id":175617,"n":"Bavoir PEVA imperméable Tigex Minnie","p":5.15,"img":"https://fd1-photos.leclercdrive.fr/image.ashx?id=2286699&use=l&cat=p&typeid=i","cat":289435},{"id":175713,"n":"Bière \"La Goudale\" Rubis - 6x25cl","p":4.74,"u":"3,16 €/L","img":"https://fd1-photos.leclercdrive.fr/image.ashx?id=2778245&use=l&cat=p&typeid=i","cat":334878},{"id":175718,"n":"Eau gazeuse aromatisée Carola  Mangue Passion - 1.25L","p":1.08,"u":"0,86 €/L","img":"https://fd1-photos.leclercdrive.fr/image.ashx?id=2960837&use=l&cat=p&typeid=i","cat":284536},{"id":175719,"n":"Eau gazeuse aromatisée Carola  Menthe - 1.25L","p":1.01,"u":"0,81 €/L","img":"https://fd1-photos.leclercdrive.fr/image.ashx?id=2660766&use=l&cat=p&typeid=i","cat":284536},{"id":175763,"n":"Chocolat noir Novi Aux noisettes - 130g","p":2.48,"u":"19,08 €/KG","img":"https://fd1-photos.leclercdrive.fr/image.ashx?id=2294516&use=l&cat=p&typeid=i","cat":284956},{"id":175764,"n":"Chocolat blanc Novi Aux noisettes - 130g","p":2.99,"u":"23,00 €/KG","img":"https://fd1-photos.leclercdrive.fr/image.ashx?id=2294519&use=l&cat=p&typeid=i","cat":284957},{"id":175765,"n":"Chocolat au lait Lindt Création Praliné Feuillantine - 110g","p":3.62,"u":"32,91 €/KG","img":"https://fd1-photos.leclercdrive.fr/image.ashx?id=2287394&use=l&cat=p&typeid=i","cat":284497},{"id":175954,"n":"Sauce Bolognaise Panzani Extra riche - 200g","p":1.69,"u":"8,45 €/KG","img":"https://fd1-photos.leclercdrive.fr/image.ashx?id=2918574&use=l&cat=p&typeid=i","cat":287599},{"id":175984,"n":"Auto-bronzant Ambre Solaire  Brume corps - 150ml","p":10.26,"u":"68,40 €/L","img":"https://fd1-photos.leclercdrive.fr/image.ashx?id=2530630&use=l&cat=p&typeid=i","cat":325355},{"id":176027,"n":"Frites Classiques McCain Just Au Four - 700g","p":2.57,"u":"3,67 €/KG","img":"https://fd1-photos.leclercdrive.fr/image.ashx?id=2997340&use=l&cat=p&typeid=i","cat":319791},{"id":176029,"n":"Frites Classiques McCain Just Au Four - 1,69kg","p":5.12,"u":"3,03 €/KG","img":"https://fd1-photos.leclercdrive.fr/image.ashx?id=2771319&use=l&cat=p&typeid=i","cat":319791},{"id":176030,"n":"Frites Allumettes McCain Just Au Four - 700g","p":2.56,"u":"3,66 €/KG","img":"https://fd1-photos.leclercdrive.fr/image.ashx?id=2772491&use=l&cat=p&typeid=i","cat":319791},{"id":176031,"n":"Frites Allumettes McCain Just Au Four - 1,69kg","p":5.25,"u":"3,11 €/KG","img":"https://fd1-photos.leclercdrive.fr/image.ashx?id=2997343&use=l&cat=p&typeid=i","cat":319791},{"id":176033,"n":"Frites Steakhouse McCain Just Au Four - 700g","p":2.76,"u":"3,94 €/KG","img":"https://fd1-photos.leclercdrive.fr/image.ashx?id=2737921&use=l&cat=p&typeid=i","cat":319791},{"id":176034,"n":"Frites Express McCain Just Au Four - 600g","p":3.07,"u":"5,12 €/KG","img":"https://fd1-photos.leclercdrive.fr/image.ashx?id=2997337&use=l&cat=p&typeid=i","cat":319791},{"id":176036,"n":"Frites friteuse McCain Tradition - 1,080kg","p":2.72,"u":"2,52 €/KG","img":"https://fd1-photos.leclercdrive.fr/image.ashx?id=2737930&use=l&cat=p&typeid=i","cat":319791},{"id":176038,"n":"Frites friteuse McCain Tradition - 2,66kg","p":5.86,"u":"2,20 €/KG","img":"https://fd1-photos.leclercdrive.fr/image.ashx?id=2737927&use=l&cat=p&typeid=i","cat":319791},{"id":176040,"n":"Frites friteuse McCain Golden Allumette - 1,080kg","p":2.98,"u":"2,76 €/KG","img":"https://fd1-photos.leclercdrive.fr/image.ashx?id=2737939&use=l&cat=p&typeid=i","cat":319791},{"id":176043,"n":"La Frite Belge McCain 1.080kg","p":3.09,"u":"2,86 €/KG","img":"https://fd1-photos.leclercdrive.fr/image.ashx?id=2737942&use=l&cat=p&typeid=i","cat":319791},{"id":176239,"n":"Gnocchi Lustucru Selection  390g","p":1.77,"u":"4,54 €/KG","img":"https://fd1-photos.leclercdrive.fr/image.ashx?id=2965999&use=l&cat=p&typeid=i","cat":333682},{"id":176384,"n":"Soin Cheveux Magique Elsève Dream Long Embellisseur - 200ml","p":7.09,"u":"35,45 €/L","img":"https://fd1-photos.leclercdrive.fr/image.ashx?id=2439308&use=l&cat=p&typeid=i","cat":284608},{"id":176387,"n":"Masque Hydra-Régénérant Elsève Hyaluron Repulp - 310ml","p":5.44,"u":"17,55 €/L","img":"https://fd1-photos.leclercdrive.fr/image.ashx?id=2865878&use=l&cat=p&typeid=i","cat":284608},{"id":176391,"n":"Sérum Hydra-Texturisant Elsève Cheveux Déshydratés - 150ml","p":11.57,"u":"77,13 €/L","img":"https://fd1-photos.leclercdrive.fr/image.ashx?id=2870677&use=l&cat=p&typeid=i","cat":284608},{"id":176400,"n":"Gnocchi à poeler Lustucru  Lot de 2 + 1 offert - 900g","p":3.13,"u":"3,48 €/KG","img":"https://fd1-photos.leclercdrive.fr/image.ashx?id=2446671&use=l&cat=p&typeid=i","cat":333682},{"id":176436,"n":"Mini BN Cœur de Lait 175g","p":1.87,"u":"10,69 €/KG","img":"https://fd1-photos.leclercdrive.fr/image.ashx?id=2730484&use=l&cat=p&typeid=i","cat":284489},{"id":176443,"n":"AOC Crémant d'Alsace Brut Horstaden - 75cl","p":5.56,"u":"7,41 €/L","img":"https://fd1-photos.leclercdrive.fr/image.ashx?id=2294998&use=l&cat=p&typeid=i","cat":284545},{"id":176534,"n":"Beurre bio Bio Village Doux  - 82% MG - 250g","p":2.85,"u":"11,40 €/KG","img":"https://fd1-photos.leclercdrive.fr/image.ashx?id=2961716&use=l&cat=p&typeid=i","cat":284379},{"id":176535,"n":"Beurre bio Bio Village  Demi-sel - 80% MG - 250g","p":2.99,"u":"11,96 €/KG","img":"https://fd1-photos.leclercdrive.fr/image.ashx?id=2961719&use=l&cat=p&typeid=i","cat":284379},{"id":176614,"n":"Compotes Pom'Potes Gourdes  Explorateurs Les Incas - 12x90g","p":5.92,"u":"5,48 €/KG","img":"https://fd1-photos.leclercdrive.fr/image.ashx?id=2900740&use=l&cat=p&typeid=i","cat":284508},{"id":176615,"n":"Compotes Pom'Potes Gourdes  Battle Multivariétés - 12x90g","p":5.49,"u":"5,08 €/KG","img":"https://fd1-photos.leclercdrive.fr/image.ashx?id=2919745&use=l&cat=p&typeid=i","cat":284508},{"id":176684,"n":"Chocolat Nestlé l'Atelier Caramel, amande, noisette 170g","p":3.56,"u":"20,94 €/KG","img":"https://fd1-photos.leclercdrive.fr/image.ashx?id=2663072&use=l&cat=p&typeid=i","cat":284497},{"id":176709,"n":"Palette cuite fumée Stoeffler - 400g","p":4.71,"u":"11,78 €/KG","img":"https://fd1-photos.leclercdrive.fr/image.ashx?id=2574287&use=l&cat=p&typeid=i","cat":316009},{"id":176846,"n":"Knacki Original Herta x6 - 210g","p":1.61,"u":"7,67 €/KG","img":"https://fd1-photos.leclercdrive.fr/image.ashx?id=2299070&use=l&cat=p&typeid=i","cat":316012},{"id":176847,"n":"Knacki Original Herta x10 - 350g","p":1.79,"u":"5,11 €/KG","img":"https://fd1-photos.leclercdrive.fr/image.ashx?id=2304111&use=l&cat=p&typeid=i","cat":316012},{"id":176848,"n":"Knacki Original Herta Sans nitrite x6 - 210g","p":2.44,"u":"11,62 €/KG","img":"https://fd1-photos.leclercdrive.fr/image.ashx?id=2299073&use=l&cat=p&typeid=i","cat":316012},{"id":176988,"n":"Bonbon à sucer Ricola Menthol Stévia - 50g","p":1.54,"u":"30,80 €/KG","img":"https://fd1-photos.leclercdrive.fr/image.ashx?id=2382201&use=l&cat=p&typeid=i","cat":304252},{"id":176990,"n":"Bonbon à sucer Ricola Citron melisse stévia - 50g","p":1.54,"u":"30,80 €/KG","img":"https://fd1-photos.leclercdrive.fr/image.ashx?id=2382207&use=l&cat=p&typeid=i","cat":304252},{"id":176997,"n":"Pesto à la Calabrese Florelli - 190g","p":2.49,"u":"13,11 €/KG","img":"https://fd1-photos.leclercdrive.fr/image.ashx?id=2904922&use=l&cat=p&typeid=i","cat":289010},{"id":177003,"n":"Tiramisu au spéculoos Equador 2x100g","p":2.25,"u":"11,25 €/KG","img":"https://fd1-photos.leclercdrive.fr/image.ashx?id=2566691&use=l&cat=p&typeid=i","cat":284419},{"id":177071,"n":"Shampooing Monoï et Karité Lovéa - 25 cl","p":3.59,"u":"14,36 €/L","img":"https://fd1-photos.leclercdrive.fr/image.ashx?id=2305502&use=l&cat=p&typeid=i","cat":284606},{"id":177111,"n":"Pralines Raffaello Noix de coco amandes x26 - 260g","p":7.18,"u":"27,62 €/KG","img":"https://fd1-photos.leclercdrive.fr/image.ashx?id=2964030&use=l&cat=p&typeid=i","cat":327595},{"id":177216,"n":"Bière blanche sans alcool 1664 0,0° - 6x25cl","p":4.98,"u":"3,32 €/L","img":"https://fd1-photos.leclercdrive.fr/image.ashx?id=2907890&use=l&cat=p&typeid=i","cat":334877},{"id":177217,"n":"Sorbet Plein Fruit L'Angélys Citron vert - 500g","p":5.26,"u":"10,52 €/KG","img":"https://fd1-photos.leclercdrive.fr/image.ashx?id=2963607&use=l&cat=p&typeid=i","cat":284263},{"id":177218,"n":"Lessive tri-doses couleurs Epsil - x20 capsules","p":4.89,"u":"0,24 €/P","img":"https://fd1-photos.leclercdrive.fr/image.ashx?id=2450113&use=l&cat=p&typeid=i","cat":284641},{"id":177258,"n":"Bâtonnets Manger Main Bio Yooji Betterave Quinoa rouge - 225g","p":3.45,"u":"15,33 €/KG","img":"https://fd1-photos.leclercdrive.fr/image.ashx?id=2529030&use=l&cat=p&typeid=i","cat":290631},{"id":177319,"n":"Boulgour Tipiak 450g","p":1.94,"u":"4,31 €/KG","img":"https://fd1-photos.leclercdrive.fr/image.ashx?id=2766445&use=l&cat=p&typeid=i","cat":284429},{"id":177366,"n":"Feuille de chêne verte  Bonduelle - 175g","p":2.14,"u":"12,23 €/KG","img":"https://fd1-photos.leclercdrive.fr/image.ashx?id=2894203&use=l&cat=p&typeid=i","cat":284353},{"id":177381,"n":"Bière blonde Ch'ti 6.8% vol. - 75cl","p":2.94,"u":"3,92 €/L","img":"https://fd1-photos.leclercdrive.fr/image.ashx?id=2840169&use=l&cat=p&typeid=i","cat":334852},{"id":177401,"n":"Vin Blanc Mousseux Soirée Blanche - 75cl","p":4.9,"pp":3.23,"u":"4,31 €/L","img":"https://fd1-photos.leclercdrive.fr/image.ashx?id=2305409&use=l&cat=p&typeid=i","cat":284544},{"id":177457,"n":"Délice Gelée Chats Poésie Volaille - 12x85g","p":6.67,"u":"6,54 €/KG","img":"https://fd1-photos.leclercdrive.fr/image.ashx?id=2380655&use=l&cat=p&typeid=i","cat":285286},{"id":177458,"n":"Bière blonde La Goudale 0° - 6x25cl","p":4.49,"u":"2,99 €/L","img":"https://fd1-photos.leclercdrive.fr/image.ashx?id=2970963&use=l&cat=p&typeid=i","cat":334877},{"id":177480,"n":"Saucisses de Toulouse Férial Label Rouge - X4 - 400g","p":4.09,"u":"10,23 €/KG","img":"https://fd1-photos.leclercdrive.fr/image.ashx?id=2835241&use=l&cat=p&typeid=i","cat":284334},{"id":177643,"n":"Gnocchi Roll à poêler Lustucru Format maxi - 500g","p":2.98,"u":"5,96 €/KG","img":"https://fd1-photos.leclercdrive.fr/image.ashx?id=2786210&use=l&cat=p&typeid=i","cat":333682},{"id":177650,"n":"Jambon Le Fumé Fleury Michon Sans nitrite x4 - 140g","p":3.22,"u":"23,00 €/KG","img":"https://fd1-photos.leclercdrive.fr/image.ashx?id=2923948&use=l&cat=p&typeid=i","cat":316009},{"id":177655,"n":"Blanc de poulet Fleury Michon Doré au Four x6 - 190g","p":1.89,"u":"9,95 €/KG","img":"https://fd1-photos.leclercdrive.fr/image.ashx?id=3004972&use=l&cat=p&typeid=i","cat":316010},{"id":177657,"n":"Blanc de dinde Fleury Michon Doré au Four x4 - 160g","p":2.37,"u":"14,81 €/KG","img":"https://fd1-photos.leclercdrive.fr/image.ashx?id=2816868&use=l&cat=p&typeid=i","cat":316010},{"id":177670,"n":"Crème fraîche entière Yoplait 30%MG - 450g","p":2.0,"u":"4,44 €/KG","img":"https://fd1-photos.leclercdrive.fr/image.ashx?id=2811044&use=l&cat=p&typeid=i","cat":284381},{"id":177676,"n":"Skyr Yoplait  Nature 0%MG - 8x100G","p":3.39,"u":"4,24 €/KG","img":"https://fd1-photos.leclercdrive.fr/image.ashx?id=2884450&use=l&cat=p&typeid=i","cat":315000},{"id":177677,"n":"Skyr Yoplait  Lit Fruits Rouges 0%MG - 8x100G","p":3.48,"u":"4,35 €/KG","img":"https://fd1-photos.leclercdrive.fr/image.ashx?id=2884453&use=l&cat=p&typeid=i","cat":315000},{"id":177698,"n":"Knacki Original Herta Sans nitrite x4 - 140g","p":1.98,"u":"14,14 €/KG","img":"https://fd1-photos.leclercdrive.fr/image.ashx?id=2309423&use=l&cat=p&typeid=i","cat":316012},{"id":177704,"n":"Knacki Original Herta 100% Porc - 210g","p":2.47,"u":"11,76 €/KG","img":"https://fd1-photos.leclercdrive.fr/image.ashx?id=2309417&use=l&cat=p&typeid=i","cat":316012},{"id":177718,"n":"Bière blonde Ch'Ti Originale 6x25cl","p":6.2,"u":"4,13 €/L","img":"https://fd1-photos.leclercdrive.fr/image.ashx?id=2309612&use=l&cat=p&typeid=i","cat":334852},{"id":177849,"n":"Lessive Sanytol désinfectante fraicheur florale - 1,70L","p":10.21,"u":"6,01 €/L","img":"https://fd1-photos.leclercdrive.fr/image.ashx?id=2902978&use=l&cat=p&typeid=i","cat":284640},{"id":177941,"n":"Courgettes Bio Bio Village Filet - 750g","p":3.99,"u":"5,32 €/KG","img":"https://fd1-photos.leclercdrive.fr/image.ashx?id=2625698&use=l&cat=p&typeid=i","cat":284352},{"id":178050,"n":"Lanterne piège insectes Stop Insectes","p":45.97,"img":"https://fd1-photos.leclercdrive.fr/image.ashx?id=2320678&use=l&cat=p&typeid=i","cat":298368},{"id":178074,"n":"Aubergine Bio Bio Village x2","p":2.29,"u":"1,15 €/P","img":"https://fd1-photos.leclercdrive.fr/image.ashx?id=2928333&use=l&cat=p&typeid=i","cat":284352},{"id":178108,"n":"Burrata de vache Casa Azzurra 125g","p":2.97,"u":"23,76 €/KG","img":"https://fd1-photos.leclercdrive.fr/image.ashx?id=2927549&use=l&cat=p&typeid=i","cat":314026},{"id":178111,"n":"Pizza Dr.Oetker Ristorante 4 fromages - 340g","p":2.54,"u":"7,47 €/KG","img":"https://fd1-photos.leclercdrive.fr/image.ashx?id=2993050&use=l&cat=p&typeid=i","cat":284256},{"id":178112,"n":"Pizza Dr.Oetker Ristorante Mozzarella - 335g","p":2.74,"u":"8,18 €/KG","img":"https://fd1-photos.leclercdrive.fr/image.ashx?id=2993062&use=l&cat=p&typeid=i","cat":284256},{"id":178113,"n":"Pizza Dr.Oetker Ristorante  Vegetale aux légumes - 385g","p":2.84,"u":"7,38 €/KG","img":"https://fd1-photos.leclercdrive.fr/image.ashx?id=2993068&use=l&cat=p&typeid=i","cat":284256},{"id":178114,"n":"Pizza Ristorante Dr Oetker Royale - 350g","p":2.94,"u":"8,40 €/KG","img":"https://fd1-photos.leclercdrive.fr/image.ashx?id=2993044&use=l&cat=p&typeid=i","cat":284256},{"id":178125,"n":"Sablé salé Michel et Augustin Jambon de Bayonne - 90g","p":3.08,"u":"34,22 €/KG","img":"https://fd1-photos.leclercdrive.fr/image.ashx?id=2315416&use=l&cat=p&typeid=i","cat":297000},{"id":178127,"n":"Sablé salé Michel et Augustin Coppa corse - 90g","p":2.99,"u":"33,22 €/KG","img":"https://fd1-photos.leclercdrive.fr/image.ashx?id=2315422&use=l&cat=p&typeid=i","cat":297000},{"id":178144,"n":"Thé glacé MayTea Saveur Pêche - 1,2L","p":2.01,"u":"1,68 €/L","img":"https://fd1-photos.leclercdrive.fr/image.ashx?id=2648661&use=l&cat=p&typeid=i","cat":295019},{"id":178147,"n":"Céréales Trésor Kellogg's Chocolat noisettes - 620g","p":4.45,"u":"7,18 €/KG","img":"https://fd1-photos.leclercdrive.fr/image.ashx?id=2598331&use=l&cat=p&typeid=i","cat":309513},{"id":178161,"n":"Pizza Dr.Oetker Ristorante Jambon salami champignons 345g","p":2.87,"u":"8,32 €/KG","img":"https://fd1-photos.leclercdrive.fr/image.ashx?id=2993059&use=l&cat=p&typeid=i","cat":284256},{"id":178163,"n":"Thé glacé MayTea Saveur Menthe - 1,2L","p":1.94,"u":"1,62 €/L","img":"https://fd1-photos.leclercdrive.fr/image.ashx?id=2648664&use=l&cat=p&typeid=i","cat":295019},{"id":178251,"n":"Brocoli Eco+ 400g","p":0.99,"u":"2,48 €/KG","img":"https://fd1-photos.leclercdrive.fr/image.ashx?id=2953398&use=l&cat=p&typeid=i","cat":284352},{"id":178253,"n":"Yaourt aux fruits Eco+ Panaché - 12x125g","p":2.47,"u":"1,65 €/KG","img":"https://fd1-photos.leclercdrive.fr/image.ashx?id=2849635&use=l&cat=p&typeid=i","cat":284410},{"id":178273,"n":"Bretzels et Sticks d'Epeautre Bio Naturaline - 290g","p":3.33,"u":"11,48 €/KG","img":"https://fd1-photos.leclercdrive.fr/image.ashx?id=2316682&use=l&cat=p&typeid=i","cat":297000},{"id":178346,"n":"Thé glacé MayTea Saveur Framboise - 1,2L","p":1.95,"u":"1,63 €/L","img":"https://fd1-photos.leclercdrive.fr/image.ashx?id=2643863&use=l&cat=p&typeid=i","cat":295019},{"id":178351,"n":"Poêlée à la Mexicaine Notre Jardin - 1kg","p":3.72,"u":"3,72 €/KG","img":"https://fd1-photos.leclercdrive.fr/image.ashx?id=2771375&use=l&cat=p&typeid=i","cat":319823},{"id":178355,"n":"Hachis Parmentier Fleury Michon à l'Emmental - 300g","p":3.19,"u":"10,63 €/KG","img":"https://fd1-photos.leclercdrive.fr/image.ashx?id=3003248&use=l&cat=p&typeid=i","cat":333665},{"id":178358,"n":"Gratin d'Endives au jambon sans nitrite Fleury michon - 280g","p":3.68,"u":"13,14 €/KG","img":"https://fd1-photos.leclercdrive.fr/image.ashx?id=3003254&use=l&cat=p&typeid=i","cat":333665},{"id":178359,"n":"Skyr 0%mg  Les 2 Vaches Vanille Bio - 480g","p":3.94,"u":"8,21 €/KG","img":"https://fd1-photos.leclercdrive.fr/image.ashx?id=2787296&use=l&cat=p&typeid=i","cat":315000},{"id":178571,"n":"Désodorisant Eco + Marine 300ml","p":0.68,"u":"2,27 €/L","img":"https://fd1-photos.leclercdrive.fr/image.ashx?id=2607897&use=l&cat=p&typeid=i","cat":311626},{"id":178620,"n":"Dentifrice L'Arbre Vert Bien-être - 75ml","p":2.57,"u":"34,27 €/L","img":"https://fd1-photos.leclercdrive.fr/image.ashx?id=2892808&use=l&cat=p&typeid=i","cat":284612},{"id":178622,"n":"Gel douche Naturé Moi relaxant Fleur de cerisier - 500ml","p":4.09,"u":"8,18 €/L","img":"https://fd1-photos.leclercdrive.fr/image.ashx?id=2849487&use=l&cat=p&typeid=i","cat":284594},{"id":178625,"n":"Recharge gel douche Sanex Zéro% Tous types de peaux - 500ml","p":3.17,"u":"6,34 €/L","img":"https://fd1-photos.leclercdrive.fr/image.ashx?id=2859986&use=l&cat=p&typeid=i","cat":284594},{"id":178789,"n":"Dentifrice Sanogyl  soin gencives - 2x75ml","p":6.59,"u":"43,93 €/L","img":"https://fd1-photos.leclercdrive.fr/image.ashx?id=2320066&use=l&cat=p&typeid=i","cat":284612},{"id":178791,"n":"Huile d'olive Terra Delyssa Bio - 75cl","p":10.35,"u":"13,80 €/L","img":"https://fd1-photos.leclercdrive.fr/image.ashx?id=2736847&use=l&cat=p&typeid=i","cat":284453},{"id":178826,"n":"Masque anti imperfections Loua Visage en tissu x1","p":2.38,"img":"https://fd1-photos.leclercdrive.fr/image.ashx?id=2633067&use=l&cat=p&typeid=i","cat":null},{"id":178844,"n":"Tampon Tampax Compak Avec applicateur - Super - x24","p":3.03,"u":"0,13 €/P","img":"https://fd1-photos.leclercdrive.fr/image.ashx?id=2850246&use=l&cat=p&typeid=i","cat":284626},{"id":178845,"n":"Tampons Tampax Compak  Avec applicateur - Super+ - x22","p":3.03,"u":"0,14 €/P","img":"https://fd1-photos.leclercdrive.fr/image.ashx?id=2850405&use=l&cat=p&typeid=i","cat":284626},{"id":178872,"n":"Spray hydratant FPS 50+ Lovea Monoï de Tahiti - 150ml","p":10.04,"u":"66,93 €/L","img":"https://fd1-photos.leclercdrive.fr/image.ashx?id=2666980&use=l&cat=p&typeid=i","cat":325355},{"id":178875,"n":"Lait corps Le Petit Marseillais Huile abricot et nacre - 400ml","p":4.07,"u":"10,18 €/L","img":"https://fd1-photos.leclercdrive.fr/image.ashx?id=2948141&use=l&cat=p&typeid=i","cat":325349},{"id":178897,"n":"Bière rouge Kwak 8% - 75cl","p":4.6,"u":"6,13 €/L","img":"https://fd1-photos.leclercdrive.fr/image.ashx?id=2548318&use=l&cat=p&typeid=i","cat":334872},{"id":178898,"n":"Bière ambrée Ch'ti  6x25cl","p":5.97,"u":"3,98 €/L","img":"https://fd1-photos.leclercdrive.fr/image.ashx?id=2321292&use=l&cat=p&typeid=i","cat":334852},{"id":178916,"n":"Sauce salade La Fraich'Touch Caesar - 350ml","p":3.55,"u":"10,14 €/L","img":"https://fd1-photos.leclercdrive.fr/image.ashx?id=2338246&use=l&cat=p&typeid=i","cat":284353},{"id":178917,"n":"Sauce salade La Fraich'Touch Crudités Bio - 350ml","p":3.68,"u":"10,51 €/L","img":"https://fd1-photos.leclercdrive.fr/image.ashx?id=2337693&use=l&cat=p&typeid=i","cat":284353},{"id":178948,"n":"Gâteau Savane Brossard Tout chocolat pocket x7 210g","p":2.48,"u":"11,81 €/KG","img":"https://fd1-photos.leclercdrive.fr/image.ashx?id=2870728&use=l&cat=p&typeid=i","cat":294776},{"id":178949,"n":"Gâteau Savane Brossard Max Barr' Pocket x7 - 210g","p":2.32,"u":"11,05 €/KG","img":"https://fd1-photos.leclercdrive.fr/image.ashx?id=2870731&use=l&cat=p&typeid=i","cat":294776},{"id":178950,"n":"Eponge Spontex  Flash - x2","p":2.29,"u":"76,33 €/KG","img":"https://fd1-photos.leclercdrive.fr/image.ashx?id=2657781&use=l&cat=p&typeid=i","cat":284667},{"id":178951,"n":"Sacs poubelle Handy Bag   Ultra résistant 50L - x10","p":3.02,"u":"0,30 €/P","img":"https://fd1-photos.leclercdrive.fr/image.ashx?id=2918970&use=l&cat=p&typeid=i","cat":285168},{"id":178954,"n":"Mouchoirs Family Kleenex® Boîte x128","p":1.83,"u":"0,01 €/P","img":"https://fd1-photos.leclercdrive.fr/image.ashx?id=3009017&use=l&cat=p&typeid=i","cat":284638},{"id":178974,"n":"Mouchoirs Balsam Kleenex® Boîte x64","p":1.84,"u":"0,03 €/P","img":"https://fd1-photos.leclercdrive.fr/image.ashx?id=2853353&use=l&cat=p&typeid=i","cat":284638},{"id":178981,"n":"Crème adhésive Fixodent Plus Barrière anti-particules - 40g","p":4.49,"u":"112,25 €/KG","img":"https://fd1-photos.leclercdrive.fr/image.ashx?id=2737513&use=l&cat=p&typeid=i","cat":285158},{"id":179002,"n":"Préservatifs Durex Confort Essential Confiance x24","p":9.07,"u":"0,38 €/P","img":"https://fd1-photos.leclercdrive.fr/image.ashx?id=2962029&use=l&cat=p&typeid=i","cat":284631},{"id":179025,"n":"Sacs poubelle 30L Handy Bag Ultra résistant - x20","p":2.8,"u":"0,14 €/P","img":"https://fd1-photos.leclercdrive.fr/image.ashx?id=2603800&use=l&cat=p&typeid=i","cat":285168},{"id":179026,"n":"Sacs poubelle 50L Handy Bag Ultra résistant - x10","p":2.1,"u":"0,21 €/P","img":"https://fd1-photos.leclercdrive.fr/image.ashx?id=2906730&use=l&cat=p&typeid=i","cat":285168},{"id":179028,"n":"Gel douche Sanex zéro 0% Peaux normales - 725ml","p":4.61,"u":"6,36 €/L","img":"https://fd1-photos.leclercdrive.fr/image.ashx?id=2685540&use=l&cat=p&typeid=i","cat":284594},{"id":179030,"n":"Sacs poubelle 30L Handy Bag Ultra résistant - x15","p":3.21,"u":"0,21 €/P","img":"https://fd1-photos.leclercdrive.fr/image.ashx?id=2633145&use=l&cat=p&typeid=i","cat":285168},{"id":179031,"n":"Gel douche Sanex zéro 0% Peaux normales - 475ml","p":3.17,"u":"6,67 €/L","img":"https://fd1-photos.leclercdrive.fr/image.ashx?id=2648851&use=l&cat=p&typeid=i","cat":284594},{"id":179032,"n":"Sac poubelle 50L Handy Bag Fixation élastique x10","p":3.78,"u":"0,08 €/L","img":"https://fd1-photos.leclercdrive.fr/image.ashx?id=2906721&use=l&cat=p&typeid=i","cat":285168},{"id":179039,"n":"Film fraîcheur Albal 30m","p":2.38,"img":"https://fd1-photos.leclercdrive.fr/image.ashx?id=2929056&use=l&cat=p&typeid=i","cat":334134},{"id":179049,"n":"Complément alimentaire Zohi Sommeil 30 jours - 180g","p":12.43,"u":"69,06 €/KG","img":"https://fd1-photos.leclercdrive.fr/image.ashx?id=2985366&use=l&cat=p&typeid=i","cat":313217},{"id":179056,"n":"Dentifrice Signal Integral 8  Fraîcheur et détox -75ml","p":2.09,"u":"27,87 €/L","img":"https://fd1-photos.leclercdrive.fr/image.ashx?id=2960228&use=l&cat=p&typeid=i","cat":284612},{"id":179087,"n":"Liquide Vaisselle Paic Citron - 750ml","p":1.74,"u":"2,32 €/L","img":"https://fd1-photos.leclercdrive.fr/image.ashx?id=2322835&use=l&cat=p&typeid=i","cat":284655},{"id":179088,"n":"Liquide Vaisselle Paic Citron Vert - 750ml","p":1.9,"u":"2,53 €/L","img":"https://fd1-photos.leclercdrive.fr/image.ashx?id=2322838&use=l&cat=p&typeid=i","cat":284655},{"id":179235,"n":"Terreau fleurs du jardinier KB Eco-responsable - 40L","p":7.98,"u":"0,20 €/L","img":"https://fd1-photos.leclercdrive.fr/image.ashx?id=2323283&use=l&cat=p&typeid=i","cat":335919},{"id":179256,"n":"Jus Ocean Spray Classic  Cranberry - 1L","p":1.97,"u":"1,97 €/L","img":"https://fd1-photos.leclercdrive.fr/image.ashx?id=2324021&use=l&cat=p&typeid=i","cat":284915},{"id":179300,"n":"Lait bébé Candia Baby 4ème âge - 6x1L","p":11.39,"u":"1,90 €/L","img":"https://fd1-photos.leclercdrive.fr/image.ashx?id=2963358&use=l&cat=p&typeid=i","cat":284728},{"id":179326,"n":"Gel douche Sanex Zéro 0% Peaux sèches - 475ml","p":3.17,"u":"6,67 €/L","img":"https://fd1-photos.leclercdrive.fr/image.ashx?id=2692857&use=l&cat=p&typeid=i","cat":284594},{"id":179352,"n":"Eco recharge gel douche Sanex 0% Peaux sèches - 500ml","p":3.05,"u":"6,10 €/L","img":"https://fd1-photos.leclercdrive.fr/image.ashx?id=2866199&use=l&cat=p&typeid=i","cat":284594},{"id":179356,"n":"Gel douche Sanex Zéro 0% Peaux sèches - 725ml","p":4.15,"u":"5,72 €/L","img":"https://fd1-photos.leclercdrive.fr/image.ashx?id=2738392&use=l&cat=p&typeid=i","cat":284594},{"id":179380,"n":"Crème hydratante SO'BiO étic men Guarana - 50ml","p":8.68,"u":"173,60 €/L","img":"https://fd1-photos.leclercdrive.fr/image.ashx?id=2505564&use=l&cat=p&typeid=i","cat":284622},{"id":179382,"n":"Crème nutritive SO'BiO étic bio Argan Peaux matures - 50ml","p":14.19,"u":"283,80 €/L","img":"https://fd1-photos.leclercdrive.fr/image.ashx?id=2775628&use=l&cat=p&typeid=i","cat":325345},{"id":179384,"n":"Pâte à tartiner Eco+ 750g - aux noissettes","p":2.47,"u":"3,29 €/KG","img":"https://fd1-photos.leclercdrive.fr/image.ashx?id=2841148&use=l&cat=p&typeid=i","cat":284481},{"id":179397,"n":"Dentifrice Colgate Soin complet - 75ml","p":2.35,"u":"31,33 €/L","img":"https://fd1-photos.leclercdrive.fr/image.ashx?id=2625269&use=l&cat=p&typeid=i","cat":284612},{"id":179413,"n":"Piles Alcalines Energizer Max 9V - pack de 2","p":9.29,"img":"https://fd1-photos.leclercdrive.fr/image.ashx?id=2850713&use=l&cat=p&typeid=i","cat":300572},{"id":179415,"n":"Pile Alcalines Energizer Max Plus AA/LR6 - x4","p":6.75,"img":"https://fd1-photos.leclercdrive.fr/image.ashx?id=2393365&use=l&cat=p&typeid=i","cat":300572},{"id":179416,"n":"Pile Alcalines Energizer Max Plus AAA/LR03 - x4","p":6.75,"img":"https://fd1-photos.leclercdrive.fr/image.ashx?id=2393368&use=l&cat=p&typeid=i","cat":300572},{"id":179417,"n":"Pile Alcalines Energizer  Max AA/LR6 - x6","p":7.3,"img":"https://fd1-photos.leclercdrive.fr/image.ashx?id=2737198&use=l&cat=p&typeid=i","cat":300572},{"id":179418,"n":"Pile Alcalines Energizer Max AAA/LR03 - x6","p":7.3,"img":"https://fd1-photos.leclercdrive.fr/image.ashx?id=2850722&use=l&cat=p&typeid=i","cat":300572},{"id":179422,"n":"Spray désodorisant Airwick Neutralisateur Coton - 237ml","p":3.68,"u":"15,53 €/L","img":"https://fd1-photos.leclercdrive.fr/image.ashx?id=2792822&use=l&cat=p&typeid=i","cat":311626},{"id":179431,"n":"Brioche Pitch Chocolat x8 - 300g","p":1.79,"u":"5,97 €/KG","img":"https://fd1-photos.leclercdrive.fr/image.ashx?id=2452119&use=l&cat=p&typeid=i","cat":293505},{"id":179432,"n":"Brioches Pitch Fraise x8 - 300g","p":1.97,"u":"6,57 €/KG","img":"https://fd1-photos.leclercdrive.fr/image.ashx?id=2452116&use=l&cat=p&typeid=i","cat":293505},{"id":179433,"n":"Brioche Pitch Chocolat au lait x8 - 300g","p":2.22,"u":"7,40 €/KG","img":"https://fd1-photos.leclercdrive.fr/image.ashx?id=2452113&use=l&cat=p&typeid=i","cat":293505},{"id":179435,"n":"Brioche Pitch Chocolat x12 - 450g","p":3.09,"u":"6,87 €/KG","img":"https://fd1-photos.leclercdrive.fr/image.ashx?id=2452110&use=l&cat=p&typeid=i","cat":293505},{"id":179437,"n":"Brioches Pitch Pépites chocolat x8 - 300g","p":2.22,"u":"7,40 €/KG","img":"https://fd1-photos.leclercdrive.fr/image.ashx?id=2452107&use=l&cat=p&typeid=i","cat":293505},{"id":179438,"n":"Brioche Pitch Pépites de chocolat x12 - 450g","p":3.29,"u":"7,31 €/KG","img":"https://fd1-photos.leclercdrive.fr/image.ashx?id=2452104&use=l&cat=p&typeid=i","cat":293505},{"id":179440,"n":"Brioches Pitch  Choco barre lait x8 - 300g","p":2.32,"u":"7,73 €/KG","img":"https://fd1-photos.leclercdrive.fr/image.ashx?id=2454115&use=l&cat=p&typeid=i","cat":293505},{"id":179476,"n":"Masque capillaire + charlotte Bear Fruits Avocado - 20ml","p":2.81,"u":"140,50 €/L","img":"https://fd1-photos.leclercdrive.fr/image.ashx?id=2542672&use=l&cat=p&typeid=i","cat":284608},{"id":179487,"n":"Gel douche Sanex Zéro 0% Peaux sèches - 2x475ml","p":6.3,"u":"6,63 €/L","img":"https://fd1-photos.leclercdrive.fr/image.ashx?id=2676921&use=l&cat=p&typeid=i","cat":284594},{"id":179488,"n":"Gel douche Sanex Zéro 0% Peaux normales - 2x475ml","p":6.3,"u":"6,63 €/L","img":"https://fd1-photos.leclercdrive.fr/image.ashx?id=2676924&use=l&cat=p&typeid=i","cat":284594},{"id":179522,"n":"Huile d'olive Tramier savoureuse - 1L","p":12.02,"u":"12,02 €/L","img":"https://fd1-photos.leclercdrive.fr/image.ashx?id=2834050&use=l&cat=p&typeid=i","cat":284453},{"id":179533,"n":"Soda Fanta citron  bouteille - 1.25L","p":1.61,"u":"1,29 €/L","img":"https://fd1-photos.leclercdrive.fr/image.ashx?id=2659394&use=l&cat=p&typeid=i","cat":284532},{"id":179603,"n":"Bonbons Tic Tac  49g - Framboise myrtille","p":1.6,"u":"32,65 €/KG","img":"https://fd1-photos.leclercdrive.fr/image.ashx?id=2479492&use=l&cat=p&typeid=i","cat":304256},{"id":179645,"n":"Limonade double zest Lorina Bouteille - 1,25L","p":1.3,"u":"1,04 €/L","img":"https://fd1-photos.leclercdrive.fr/image.ashx?id=2723836&use=l&cat=p&typeid=i","cat":284531},{"id":179657,"n":"Capsules Café Carte Noire  Arabica Intense n°9 x10 - 55g","p":3.37,"u":"61,27 €/KG","img":"https://fd1-photos.leclercdrive.fr/image.ashx?id=2872961&use=l&cat=p&typeid=i","cat":284749},{"id":179658,"n":"Capsules Café Carte Noire  Arabica Classique n°7 x10 - 55g","p":3.46,"u":"62,91 €/KG","img":"https://fd1-photos.leclercdrive.fr/image.ashx?id=2878387&use=l&cat=p&typeid=i","cat":284749},{"id":179858,"n":"Mini bâtonnets Trium  Rocher Coco x4 - 202g","p":3.22,"u":"15,94 €/KG","img":"https://fd1-photos.leclercdrive.fr/image.ashx?id=2376103&use=l&cat=p&typeid=i","cat":284265},{"id":179860,"n":"Glaces Kinder Bueno noisettes chocolat lait x4 248g","p":3.78,"u":"15,24 €/KG","img":"https://fd1-photos.leclercdrive.fr/image.ashx?id=2759068&use=l&cat=p&typeid=i","cat":284264},{"id":179881,"n":"Crème glacée Ben & Jerry's Cookie Vermont-Ster - 324g","p":5.44,"u":"16,79 €/KG","img":"https://fd1-photos.leclercdrive.fr/image.ashx?id=2793044&use=l&cat=p&typeid=i","cat":284725},{"id":179934,"n":"Chips bio Jardin Bio Nature - 125g","p":2.57,"u":"20,56 €/KG","img":"https://fd1-photos.leclercdrive.fr/image.ashx?id=2792642&use=l&cat=p&typeid=i","cat":284447},{"id":179939,"n":"Bâtonnets Trium vanille choco blanc fruits rouges x4 - 274g","p":2.69,"u":"9,82 €/KG","img":"https://fd1-photos.leclercdrive.fr/image.ashx?id=2758312&use=l&cat=p&typeid=i","cat":284265},{"id":179961,"n":"Haricots verts Jardin Bio Etic Bio - sans sel ajouté - 185g","p":2.56,"u":"13,84 €/KG","img":"https://fd1-photos.leclercdrive.fr/image.ashx?id=2835421&use=l&cat=p&typeid=i","cat":312606},{"id":179967,"n":"Beurre de cacahuete Jardin Bio Bio - Creamy - 500g","p":6.1,"u":"12,20 €/KG","img":"https://fd1-photos.leclercdrive.fr/image.ashx?id=2926503&use=l&cat=p&typeid=i","cat":284481},{"id":179970,"n":"Thé noir bio Jardin Bio Etic Fruits rouges x20 - 28g","p":2.7,"u":"96,43 €/KG","img":"https://fd1-photos.leclercdrive.fr/image.ashx?id=2419089&use=l&cat=p&typeid=i","cat":293233},{"id":179972,"n":"Thé noir bio Jardin Bio Etic délicieuse vanille x20 - 28g","p":2.6,"u":"92,86 €/KG","img":"https://fd1-photos.leclercdrive.fr/image.ashx?id=2347924&use=l&cat=p&typeid=i","cat":293233},{"id":179973,"n":"Rosso  14,4% - 1L","p":3.52,"u":"3,52 €/L","img":"https://fd1-photos.leclercdrive.fr/image.ashx?id=2675747&use=l&cat=p&typeid=i","cat":284913},{"id":179974,"n":"Bianco 14,4% - 1L","p":3.52,"u":"3,52 €/L","img":"https://fd1-photos.leclercdrive.fr/image.ashx?id=2800231&use=l&cat=p&typeid=i","cat":284913},{"id":179975,"n":"Whisky Monkey Shoulder Smokey 40% - 70cl","p":32.59,"u":"46,56 €/L","img":"https://fd1-photos.leclercdrive.fr/image.ashx?id=2883714&use=l&cat=p&typeid=i","cat":284547},{"id":179976,"n":"Chocolat noir Lindt Excellence 28 bouchées - 154g","p":5.01,"u":"32,53 €/KG","img":"https://fd1-photos.leclercdrive.fr/image.ashx?id=2425592&use=l&cat=p&typeid=i","cat":284499},{"id":179985,"n":"Bière ambrée Ch'ti   6,2°  -75cl","p":2.79,"u":"3,72 €/L","img":"https://fd1-photos.leclercdrive.fr/image.ashx?id=2329473&use=l&cat=p&typeid=i","cat":334852},{"id":180024,"n":"Tablette de chocolat noir Lindt Noisette caramel - 100g","p":2.37,"u":"23,70 €/KG","img":"https://fd1-photos.leclercdrive.fr/image.ashx?id=2881296&use=l&cat=p&typeid=i","cat":284956},{"id":180030,"n":"Sauce Crudités Bénédicta Nature - 735g","p":3.5,"u":"4,76 €/KG","img":"https://fd1-photos.leclercdrive.fr/image.ashx?id=2549777&use=l&cat=p&typeid=i","cat":284456},{"id":180041,"n":"Chips Tuiles Pringles Paprika - 175g","p":1.74,"u":"9,94 €/KG","img":"https://fd1-photos.leclercdrive.fr/image.ashx?id=2902301&use=l&cat=p&typeid=i","cat":287899},{"id":180044,"n":"Filtres à café brun Melitta FSC 1x4 - 80 filtres","p":2.01,"u":"13,67 €/KG","img":"https://fd1-photos.leclercdrive.fr/image.ashx?id=2908276&use=l&cat=p&typeid=i","cat":284751},{"id":180056,"n":"Vinaigre balsamique Ponti de Modène IGP - 500 ml","p":2.92,"u":"5,84 €/L","img":"https://fd1-photos.leclercdrive.fr/image.ashx?id=2330191&use=l&cat=p&typeid=i","cat":298543},{"id":180061,"n":"Thé vert bio Bio village  36g","p":1.33,"u":"36,94 €/KG","img":"https://fd1-photos.leclercdrive.fr/image.ashx?id=2897910&use=l&cat=p&typeid=i","cat":293233},{"id":180065,"n":"Rillettes de thon Petit Navire 125g","p":2.07,"u":"16,56 €/KG","img":"https://fd1-photos.leclercdrive.fr/image.ashx?id=2533388&use=l&cat=p&typeid=i","cat":303867},{"id":180069,"n":"Rillettes au saumon  Petit Navire - 125g","p":1.83,"u":"14,64 €/KG","img":"https://fd1-photos.leclercdrive.fr/image.ashx?id=2533391&use=l&cat=p&typeid=i","cat":305147},{"id":180074,"n":"Fond de veau Maggi - 240g","p":3.48,"u":"14,50 €/KG","img":"https://fd1-photos.leclercdrive.fr/image.ashx?id=2918047&use=l&cat=p&typeid=i","cat":288379},{"id":180079,"n":"Biscuits chocolats Kinder Duo Chocolat blanc et lait - 150g","p":2.07,"u":"13,80 €/KG","img":"https://fd1-photos.leclercdrive.fr/image.ashx?id=2959127&use=l&cat=p&typeid=i","cat":284488},{"id":180090,"n":"Baies de Genièvre Sainte Lucie - 30g","p":2.01,"u":"67,00 €/KG","img":"https://fd1-photos.leclercdrive.fr/image.ashx?id=2776130&use=l&cat=p&typeid=i","cat":298297},{"id":180110,"n":"Chocolat noir Lindt Excellence Fleur de sel et Lait x28 - 154g","p":5.12,"u":"33,25 €/KG","img":"https://fd1-photos.leclercdrive.fr/image.ashx?id=2329765&use=l&cat=p&typeid=i","cat":284499},{"id":180118,"n":"Mais d'aucy  Bio - 2x140g","p":2.24,"u":"8,00 €/KG","img":"https://fd1-photos.leclercdrive.fr/image.ashx?id=2651825&use=l&cat=p&typeid=i","cat":312611},{"id":180121,"n":"Riz curry et poulet individuel William Saurin - 300g","p":3.03,"u":"10,10 €/KG","img":"https://fd1-photos.leclercdrive.fr/image.ashx?id=2335184&use=l&cat=p&typeid=i","cat":284953},{"id":180127,"n":"Infusion à froid Tisea  Pamplemousse orange- 33g","p":1.99,"u":"60,30 €/KG","img":"https://fd1-photos.leclercdrive.fr/image.ashx?id=2330951&use=l&cat=p&typeid=i","cat":293234},{"id":180150,"n":"Crème de coco - brique de 400ml","p":2.69,"u":"6,73 €/L","img":"https://fd1-photos.leclercdrive.fr/image.ashx?id=2906901&use=l&cat=p&typeid=i","cat":288992},{"id":180154,"n":"Chewing-gum Freedent Myrtille sans sucres 5x10 dragées -70g","p":2.7,"u":"38,57 €/KG","img":"https://fd1-photos.leclercdrive.fr/image.ashx?id=2330356&use=l&cat=p&typeid=i","cat":304251},{"id":180155,"n":"Chewing-gum Freedent White Fraise 5x10 dragées - 70g","p":2.84,"u":"40,57 €/KG","img":"https://fd1-photos.leclercdrive.fr/image.ashx?id=2330359&use=l&cat=p&typeid=i","cat":304251},{"id":180157,"n":"Gelée de Groseilles Bonne Maman - 370g","p":1.68,"u":"4,54 €/KG","img":"https://fd1-photos.leclercdrive.fr/image.ashx?id=2482975&use=l&cat=p&typeid=i","cat":284480},{"id":180180,"n":"Ramen Tanoshi saveur boeuf nouilles japonaises - 360g","p":3.11,"u":"8,64 €/KG","img":"https://fd1-photos.leclercdrive.fr/image.ashx?id=2922974&use=l&cat=p&typeid=i","cat":288992},{"id":180182,"n":"Sardines Connétable huile  d'olive piment de Cayenne -135g","p":2.6,"u":"19,26 €/KG","img":"https://fd1-photos.leclercdrive.fr/image.ashx?id=2902714&use=l&cat=p&typeid=i","cat":305146},{"id":180187,"n":"Sauce Pesto Tomates Basilic Panzani - 200G","p":1.84,"u":"9,20 €/KG","img":"https://fd1-photos.leclercdrive.fr/image.ashx?id=2977930&use=l&cat=p&typeid=i","cat":287599},{"id":180192,"n":"Sucre en grains Béghin Say doypack - 350g","p":2.49,"u":"7,11 €/KG","img":"https://fd1-photos.leclercdrive.fr/image.ashx?id=2866358&use=l&cat=p&typeid=i","cat":284502},{"id":180193,"n":"Soupe déshydratée Knorr Cèpes  champignons  - 75cl","p":1.89,"u":"20,77 €/KG","img":"https://fd1-photos.leclercdrive.fr/image.ashx?id=2790318&use=l&cat=p&typeid=i","cat":284463},{"id":180196,"n":"Brioches Pitch  Pomme poire - x8 - 300g","p":2.74,"u":"9,13 €/KG","img":"https://fd1-photos.leclercdrive.fr/image.ashx?id=2454100&use=l&cat=p&typeid=i","cat":293505},{"id":180197,"n":"Langue Pik Haribo Sachet bonbons acidulés - 180g","p":1.7,"u":"9,44 €/KG","img":"https://fd1-photos.leclercdrive.fr/image.ashx?id=2984949&use=l&cat=p&typeid=i","cat":304250},{"id":180201,"n":"Thé Earl Grey Twinings 50 sachets - 100g","p":4.0,"u":"40,00 €/KG","img":"https://fd1-photos.leclercdrive.fr/image.ashx?id=2893018&use=l&cat=p&typeid=i","cat":293233},{"id":180203,"n":"Nouilles instantanées Tanoshi Blé poulet - sachet 85g","p":0.9,"u":"10,59 €/KG","img":"https://fd1-photos.leclercdrive.fr/image.ashx?id=2912044&use=l&cat=p&typeid=i","cat":284427},{"id":180205,"n":"Bonbons Werther's Original  coeur caramel - 160g","p":1.91,"u":"11,94 €/KG","img":"https://fd1-photos.leclercdrive.fr/image.ashx?id=2660173&use=l&cat=p&typeid=i","cat":304252},{"id":180225,"n":"Rice Crackers N.A Fromage - 85g","p":1.92,"u":"22,59 €/KG","img":"https://fd1-photos.leclercdrive.fr/image.ashx?id=2354923&use=l&cat=p&typeid=i","cat":297000},{"id":180233,"n":"Crème de marrons vanille  Douceur du Verger - 500g","p":2.12,"u":"4,24 €/KG","img":"https://fd1-photos.leclercdrive.fr/image.ashx?id=2691471&use=l&cat=p&typeid=i","cat":284506},{"id":180240,"n":"Sucre roux de canne  Blonvilliers - 750g","p":2.84,"u":"3,79 €/KG","img":"https://fd1-photos.leclercdrive.fr/image.ashx?id=2460092&use=l&cat=p&typeid=i","cat":284502},{"id":180247,"n":"Double concentré de tomates  Eco+ - 440g","p":1.31,"u":"2,98 €/KG","img":"https://fd1-photos.leclercdrive.fr/image.ashx?id=2669648&use=l&cat=p&typeid=i","cat":288384},{"id":180278,"n":"Sauce tomate pour pizza Zapetti - 300g","p":1.64,"u":"5,47 €/KG","img":"https://fd1-photos.leclercdrive.fr/image.ashx?id=2579990&use=l&cat=p&typeid=i","cat":288384},{"id":180302,"n":"Biscuits Palmier St Michel  au beurre - 87g","p":1.2,"u":"13,79 €/KG","img":"https://fd1-photos.leclercdrive.fr/image.ashx?id=2555379&use=l&cat=p&typeid=i","cat":284487},{"id":180304,"n":"Semoule de couscous moyen Eco+ - 1kg","p":1.05,"u":"1,05 €/KG","img":"https://fd1-photos.leclercdrive.fr/image.ashx?id=2757906&use=l&cat=p&typeid=i","cat":284429},{"id":180308,"n":"Spray Freeze Raid Essentials Anti Fourmis et Cafards - 350ml","p":4.49,"u":"12,83 €/L","img":"https://fd1-photos.leclercdrive.fr/image.ashx?id=2331020&use=l&cat=p&typeid=i","cat":298368},{"id":180311,"n":"Double concentré de tomates  Eco+ - 200g","p":1.22,"u":"6,10 €/KG","img":"https://fd1-photos.leclercdrive.fr/image.ashx?id=2794820&use=l&cat=p&typeid=i","cat":288384},{"id":180317,"n":"Pistaches non salées Tokapi 125g","p":2.33,"u":"18,64 €/KG","img":"https://fd1-photos.leclercdrive.fr/image.ashx?id=2793302&use=l&cat=p&typeid=i","cat":284448},{"id":180330,"n":"Rice Crackers N.A Sel de mer - 85g","p":1.92,"u":"22,59 €/KG","img":"https://fd1-photos.leclercdrive.fr/image.ashx?id=2339757&use=l&cat=p&typeid=i","cat":297000},{"id":180342,"n":"Muesli avoine amande chocolat  bio Terres et Céréales - 500g","p":3.64,"pp":2.55,"u":"5,10 €/KG","img":"https://fd1-photos.leclercdrive.fr/image.ashx?id=2471877&use=l&cat=p&typeid=i","cat":309512},{"id":180344,"n":"Fromage enfant Mini Babybel 6 portions goûter - 132g","p":2.3,"u":"17,42 €/KG","img":"https://fd1-photos.leclercdrive.fr/image.ashx?id=2970822&use=l&cat=p&typeid=i","cat":314030},{"id":180345,"n":"Fromage enfant Mini Babybel 12 portions goûter - 264g","p":4.45,"u":"16,86 €/KG","img":"https://fd1-photos.leclercdrive.fr/image.ashx?id=2970825&use=l&cat=p&typeid=i","cat":314030},{"id":180356,"n":"Muesli croustillant chocolat  bio Terres et Céréales-1kg","p":6.86,"u":"6,86 €/KG","img":"https://fd1-photos.leclercdrive.fr/image.ashx?id=2802458&use=l&cat=p&typeid=i","cat":309512},{"id":180397,"n":"Barres Chocolatées KINDER BUENO  Chocolat au Lait x3 - 129g","p":2.22,"u":"17,21 €/KG","img":"https://fd1-photos.leclercdrive.fr/image.ashx?id=2762295&use=l&cat=p&typeid=i","cat":284498},{"id":180401,"n":"Mayonnaise Bénédicta Nature - 255g","p":1.81,"u":"7,10 €/KG","img":"https://fd1-photos.leclercdrive.fr/image.ashx?id=2658734&use=l&cat=p&typeid=i","cat":298295},{"id":180405,"n":"Thon au Naturel Petit Navire 2x112g","p":4.22,"u":"18,84 €/KG","img":"https://fd1-photos.leclercdrive.fr/image.ashx?id=2944618&use=l&cat=p&typeid=i","cat":303867},{"id":180414,"n":"Chips Tuiles Pringles Pizza - 175g","p":2.37,"u":"13,54 €/KG","img":"https://fd1-photos.leclercdrive.fr/image.ashx?id=2661748&use=l&cat=p&typeid=i","cat":287899},{"id":180418,"n":"Pois chiches Sultanines 530g","p":1.52,"u":"2,87 €/KG","img":"https://fd1-photos.leclercdrive.fr/image.ashx?id=2331363&use=l&cat=p&typeid=i","cat":312609},{"id":180421,"n":"Bûchettes de sucre Saint Louis 4g x 125 - coffret de 500g","p":2.75,"u":"5,50 €/KG","img":"https://fd1-photos.leclercdrive.fr/image.ashx?id=2331387&use=l&cat=p&typeid=i","cat":284502},{"id":180432,"n":"Thé noir Twinings vanille x20 - 32g","p":2.65,"u":"82,81 €/KG","img":"https://fd1-photos.leclercdrive.fr/image.ashx?id=2893057&use=l&cat=p&typeid=i","cat":293233},{"id":180433,"n":"Sérum Physiologique  Mercurochrome 30x5ml","p":3.9,"u":"26,00 €/L","img":"https://fd1-photos.leclercdrive.fr/image.ashx?id=2731474&use=l&cat=p&typeid=i","cat":284741},{"id":180444,"n":"Isey Skyr Cheesecake Citron - 400g","p":2.96,"u":"7,40 €/KG","img":"https://fd1-photos.leclercdrive.fr/image.ashx?id=2598618&use=l&cat=p&typeid=i","cat":315000},{"id":180453,"n":"Thé glacé Fuze Tea  Pêche Intense - 6x33cl","p":3.9,"u":"1,97 €/L","img":"https://fd1-photos.leclercdrive.fr/image.ashx?id=2940405&use=l&cat=p&typeid=i","cat":295019},{"id":180458,"n":"Amandes en poudre Vahiné 125g","p":3.06,"u":"24,48 €/KG","img":"https://fd1-photos.leclercdrive.fr/image.ashx?id=2785934&use=l&cat=p&typeid=i","cat":284504},{"id":180464,"n":"Caramels tendres Werthers 165g","p":2.33,"u":"14,12 €/KG","img":"https://fd1-photos.leclercdrive.fr/image.ashx?id=2660164&use=l&cat=p&typeid=i","cat":304252},{"id":180465,"n":"Eau gazeuse aromatisée Carola Mûre Myrtille - 1.25L","p":1.09,"u":"0,87 €/L","img":"https://fd1-photos.leclercdrive.fr/image.ashx?id=2660781&use=l&cat=p&typeid=i","cat":284536},{"id":180469,"n":"Sorbet Plein Fruit Erhard Citron de Sicile - 488g","p":4.49,"u":"9,20 €/KG","img":"https://fd1-photos.leclercdrive.fr/image.ashx?id=2332423&use=l&cat=p&typeid=i","cat":284263},{"id":180472,"n":"Sorbet Plein Fruit Erhard Banane - 488g","p":5.11,"u":"10,47 €/KG","img":"https://fd1-photos.leclercdrive.fr/image.ashx?id=2332429&use=l&cat=p&typeid=i","cat":284263},{"id":180498,"n":"Chips ancienne nature Lay's Sel - 155g","p":1.3,"u":"8,39 €/KG","img":"https://fd1-photos.leclercdrive.fr/image.ashx?id=2996596&use=l&cat=p&typeid=i","cat":284447},{"id":180519,"n":"Bière aromatisée Corona Sunset 5,9% - 6x33cl","p":9.24,"u":"4,67 €/L","img":"https://fd1-photos.leclercdrive.fr/image.ashx?id=2564749&use=l&cat=p&typeid=i","cat":334878},{"id":180543,"n":"Blocs WC Ball Activ'Effect Floral - x1","p":2.36,"img":"https://fd1-photos.leclercdrive.fr/image.ashx?id=2683574&use=l&cat=p&typeid=i","cat":284662},{"id":180546,"n":"Serviettes Ultra Régulier+ Nana Deo Ailettes Flux modéré - x14","p":2.08,"u":"0,15 €/P","img":"https://fd1-photos.leclercdrive.fr/image.ashx?id=2767225&use=l&cat=p&typeid=i","cat":284624},{"id":180549,"n":"Serviettes Ultra Régulier Nana Deo Ailettes Flux modéré - x28","p":3.66,"u":"0,13 €/P","img":"https://fd1-photos.leclercdrive.fr/image.ashx?id=3005299&use=l&cat=p&typeid=i","cat":284624},{"id":180550,"n":"Serviettes hygiéniques Nana Ultra - Spécial Nuit - x10","p":2.08,"u":"0,21 €/P","img":"https://fd1-photos.leclercdrive.fr/image.ashx?id=2944990&use=l&cat=p&typeid=i","cat":284624},{"id":180551,"n":"Serviettes hygiéniques Nana Ultra - Spécial Nuit - x20","p":3.05,"u":"0,15 €/P","img":"https://fd1-photos.leclercdrive.fr/image.ashx?id=2756401&use=l&cat=p&typeid=i","cat":284624},{"id":180552,"n":"Soda à l'orange Orangina 6x25cl verre","p":5.39,"u":"3,59 €/L","img":"https://fd1-photos.leclercdrive.fr/image.ashx?id=2476431&use=l&cat=p&typeid=i","cat":284532},{"id":180553,"n":"Sirop de pêche Bio Village Bio - 50cl","p":2.52,"u":"5,04 €/L","img":"https://fd1-photos.leclercdrive.fr/image.ashx?id=2873198&use=l&cat=p&typeid=i","cat":295020},{"id":180554,"n":"Sirop de cassis Bio Village Bio - 50cl","p":2.97,"u":"5,94 €/L","img":"https://fd1-photos.leclercdrive.fr/image.ashx?id=2873201&use=l&cat=p&typeid=i","cat":295020},{"id":180556,"n":"Sirop de Citron Bio Village Bio - 50cl","p":2.26,"u":"4,52 €/L","img":"https://fd1-photos.leclercdrive.fr/image.ashx?id=2873192&use=l&cat=p&typeid=i","cat":295020},{"id":180563,"n":"Viande des Grisons Aoste 10 Tranches - 70g","p":4.63,"u":"66,14 €/KG","img":"https://fd1-photos.leclercdrive.fr/image.ashx?id=2939838&use=l&cat=p&typeid=i","cat":316007},{"id":180617,"n":"Sauce à dipper La Fraich'Touch Ail - 125g","p":1.84,"u":"14,72 €/KG","img":"https://fd1-photos.leclercdrive.fr/image.ashx?id=2338252&use=l&cat=p&typeid=i","cat":284382},{"id":180618,"n":"Sauce à dipper La Fraich'Touch Fines Herbes - 125g","p":1.84,"u":"14,72 €/KG","img":"https://fd1-photos.leclercdrive.fr/image.ashx?id=2338255&use=l&cat=p&typeid=i","cat":284382},{"id":180619,"n":"Sauce à dipper La Fraich'Touch Curry - 125g","p":2.38,"u":"19,04 €/KG","img":"https://fd1-photos.leclercdrive.fr/image.ashx?id=2338258&use=l&cat=p&typeid=i","cat":316001},{"id":180621,"n":"Sauce à dipper La Fraich'Touch Tartare - 125g","p":1.84,"u":"14,72 €/KG","img":"https://fd1-photos.leclercdrive.fr/image.ashx?id=2338249&use=l&cat=p&typeid=i","cat":316001},{"id":180684,"n":"Masque capillaire + charlotte Bear Fruits Strawberry - 20ml","p":6.17,"u":"308,50 €/L","img":"https://fd1-photos.leclercdrive.fr/image.ashx?id=2685399&use=l&cat=p&typeid=i","cat":284608},{"id":180797,"n":"Mouchoirs UltraSoft Kleenex® Boîte x64","p":1.52,"img":"https://fd1-photos.leclercdrive.fr/image.ashx?id=2853350&use=l&cat=p&typeid=i","cat":284638},{"id":180800,"n":"Lait Corps Le Petit Marseillais  Bio miel argan - 250ml","p":4.98,"u":"19,92 €/L","img":"https://fd1-photos.leclercdrive.fr/image.ashx?id=2904856&use=l&cat=p&typeid=i","cat":325349},{"id":180803,"n":"Lait Corps Le Petit Marseillais  Bio amande douce - 250ml","p":5.69,"u":"22,76 €/L","img":"https://fd1-photos.leclercdrive.fr/image.ashx?id=2339751&use=l&cat=p&typeid=i","cat":null},{"id":180840,"n":"Confiture Extra Clémentines - Beyer - 370g","p":2.87,"u":"7,76 €/KG","img":"https://fd1-photos.leclercdrive.fr/image.ashx?id=2340521&use=l&cat=p&typeid=i","cat":284480},{"id":180844,"n":"AOC Vin Rouge Côtes du Rhône Croix de Bonpas - 75cl","p":8.19,"u":"10,92 €/L","img":"https://fd1-photos.leclercdrive.fr/image.ashx?id=2340506&use=l&cat=p&typeid=i","cat":289556},{"id":180868,"n":"Nettoyant Multi-Usages Carolin Huiles essentielles - 1L","p":2.99,"u":"2,99 €/L","img":"https://fd1-photos.leclercdrive.fr/image.ashx?id=2347837&use=l&cat=p&typeid=i","cat":284907},{"id":180870,"n":"Nettoyant Multi-Usages Carolin Bicarbonate - 1L","p":2.66,"u":"2,66 €/L","img":"https://fd1-photos.leclercdrive.fr/image.ashx?id=2340524&use=l&cat=p&typeid=i","cat":284907},{"id":181436,"n":"Trieur Esquisse A4 Rouge - 12 positions - x1","p":3.89,"img":"https://fd1-photos.leclercdrive.fr/image.ashx?id=2943310&use=l&cat=p&typeid=i","cat":284745},{"id":181742,"n":"Lait Corps Le Petit Marseillais  Bio fleur d'oranger - 250ml","p":4.51,"u":"18,04 €/L","img":"https://fd1-photos.leclercdrive.fr/image.ashx?id=2341591&use=l&cat=p&typeid=i","cat":null},{"id":181962,"n":"Lave glace été Eco+ 5 L","p":1.97,"u":"0,39 €/L","img":"https://fd1-photos.leclercdrive.fr/image.ashx?id=2499519&use=l&cat=p&typeid=i","cat":298252},{"id":182013,"n":"Café Moulu  Espresso - Méo - 1kg","p":15.25,"u":"15,25 €/KG","img":"https://fd1-photos.leclercdrive.fr/image.ashx?id=2571293&use=l&cat=p&typeid=i","cat":284750},{"id":182047,"n":"Jambon de Bayonne Saint Azay 6 tranches - 150g","p":3.72,"u":"24,80 €/KG","img":"https://fd1-photos.leclercdrive.fr/image.ashx?id=2342190&use=l&cat=p&typeid=i","cat":316007},{"id":182071,"n":"Croquettes chien Ultima Mini Adulte poulet - 1.35kg","p":5.34,"u":"3,96 €/KG","img":"https://fd1-photos.leclercdrive.fr/image.ashx?id=2926645&use=l&cat=p&typeid=i","cat":294526},{"id":182083,"n":"Rillettes de thon Petit Navire  Maxi format - 220g","p":3.07,"u":"13,95 €/KG","img":"https://fd1-photos.leclercdrive.fr/image.ashx?id=2519675&use=l&cat=p&typeid=i","cat":303867},{"id":182107,"n":"DOC Prosecco Perlino vin Pétillant rosé - 75cl","p":6.4,"u":"8,53 €/L","img":"https://fd1-photos.leclercdrive.fr/image.ashx?id=2612784&use=l&cat=p&typeid=i","cat":289461},{"id":182152,"n":"Emmental râpé fondant Président 350g","p":3.66,"u":"10,46 €/KG","img":"https://fd1-photos.leclercdrive.fr/image.ashx?id=2490599&use=l&cat=p&typeid=i","cat":314035},{"id":182157,"n":"Dentifrice enfants Bionaia Bio - 50ml","p":1.15,"u":"23,00 €/L","img":"https://fd1-photos.leclercdrive.fr/image.ashx?id=2498837&use=l&cat=p&typeid=i","cat":288898},{"id":182159,"n":"Recharge gel lavant Bionaia Bio - abricot - 250ml","p":0.9,"u":"3,60 €/L","img":"https://fd1-photos.leclercdrive.fr/image.ashx?id=2935543&use=l&cat=p&typeid=i","cat":284597},{"id":182179,"n":"Boisson aux fruits Oasis Tropical - 1,5L","p":2.1,"u":"1,40 €/L","img":"https://fd1-photos.leclercdrive.fr/image.ashx?id=2666698&use=l&cat=p&typeid=i","cat":295018},{"id":182180,"n":"Sirop de Grenadine Bio Village Bio - 50cl","p":2.43,"u":"4,86 €/L","img":"https://fd1-photos.leclercdrive.fr/image.ashx?id=2931947&use=l&cat=p&typeid=i","cat":295020},{"id":182181,"n":"Sirop de Menthe Bio Village Bio - 50cl","p":2.42,"u":"4,84 €/L","img":"https://fd1-photos.leclercdrive.fr/image.ashx?id=2873189&use=l&cat=p&typeid=i","cat":295020},{"id":182218,"n":"Chips paysanne nature Lay's Sel - 155g","p":1.23,"u":"7,94 €/KG","img":"https://fd1-photos.leclercdrive.fr/image.ashx?id=2818602&use=l&cat=p&typeid=i","cat":284447},{"id":182259,"n":"Chips ancienne nature Lay's Sel format familial - 295g","p":2.47,"u":"8,37 €/KG","img":"https://fd1-photos.leclercdrive.fr/image.ashx?id=2999243&use=l&cat=p&typeid=i","cat":284447},{"id":182260,"n":"Chips paysanne nature Lay's Sel format familial - 295g","p":2.47,"u":"8,37 €/KG","img":"https://fd1-photos.leclercdrive.fr/image.ashx?id=2848716&use=l&cat=p&typeid=i","cat":284447},{"id":182266,"n":"Shampooing sec Batiste Original - 200ml","p":3.46,"u":"17,30 €/L","img":"https://fd1-photos.leclercdrive.fr/image.ashx?id=2344046&use=l&cat=p&typeid=i","cat":289143},{"id":182267,"n":"Shampooing sec Batiste Blush - 200ml","p":3.4,"u":"17,00 €/L","img":"https://fd1-photos.leclercdrive.fr/image.ashx?id=2630454&use=l&cat=p&typeid=i","cat":289143},{"id":182315,"n":"Rillettes de thon Petit Navire Olives vertes - 125g","p":2.01,"u":"16,08 €/KG","img":"https://fd1-photos.leclercdrive.fr/image.ashx?id=2523924&use=l&cat=p&typeid=i","cat":303867},{"id":182340,"n":"Lait en poudre Guigoz Optipro 2ème âge - 6-12 mois - 830g","p":15.26,"u":"18,39 €/KG","img":"https://fd1-photos.leclercdrive.fr/image.ashx?id=2737747&use=l&cat=p&typeid=i","cat":284727},{"id":182342,"n":"Lait bébé en poudre Guigoz Gest 2ème âge - 6-12 mois - 830g","p":17.75,"u":"21,39 €/KG","img":"https://fd1-photos.leclercdrive.fr/image.ashx?id=2469478&use=l&cat=p&typeid=i","cat":284727},{"id":182345,"n":"Margarine Fruit d'Or Oméga 3&6 Sel de mer - 450g","p":2.88,"u":"6,40 €/KG","img":"https://fd1-photos.leclercdrive.fr/image.ashx?id=2347407&use=l&cat=p&typeid=i","cat":315229},{"id":182364,"n":"Jambon sec Saint Azay Label Rouge - 6 tranches - 100g","p":3.69,"u":"36,90 €/KG","img":"https://fd1-photos.leclercdrive.fr/image.ashx?id=2345845&use=l&cat=p&typeid=i","cat":316007},{"id":182371,"n":"Mayonnaise bio Bio Village 238g","p":2.05,"u":"8,61 €/KG","img":"https://fd1-photos.leclercdrive.fr/image.ashx?id=2664872&use=l&cat=p&typeid=i","cat":298295},{"id":182373,"n":"Skyr Siggi's  Mangue Passion - 2x140g","p":2.21,"u":"7,89 €/KG","img":"https://fd1-photos.leclercdrive.fr/image.ashx?id=2792027&use=l&cat=p&typeid=i","cat":315000},{"id":182402,"n":"Sirop de fraise Bio Village Bio - 50cl","p":2.55,"u":"5,10 €/L","img":"https://fd1-photos.leclercdrive.fr/image.ashx?id=2873195&use=l&cat=p&typeid=i","cat":295020},{"id":182479,"n":"Huile d'Olive Tramier Vierge  Extra Sans Pesticides 75cl","p":7.38,"u":"9,84 €/L","img":"https://fd1-photos.leclercdrive.fr/image.ashx?id=2647188&use=l&cat=p&typeid=i","cat":284453},{"id":182480,"n":"Lait bébé en poudre Guigoz Gest 1er âge - 0-6 mois - 830g","p":18.43,"u":"22,20 €/KG","img":"https://fd1-photos.leclercdrive.fr/image.ashx?id=2895047&use=l&cat=p&typeid=i","cat":284726},{"id":182490,"n":"Lait bébé Guigoz Pelargon Poudre- 2e âge- 6-12 mois -780g","p":18.0,"u":"23,08 €/KG","img":"https://fd1-photos.leclercdrive.fr/image.ashx?id=2347386&use=l&cat=p&typeid=i","cat":284727},{"id":182497,"n":"Chocolat noir Bio Ethiquable  76% Togo - 100g","p":3.38,"u":"33,80 €/KG","img":"https://fd1-photos.leclercdrive.fr/image.ashx?id=2870974&use=l&cat=p&typeid=i","cat":284956},{"id":182508,"n":"AOC Crémant d'Alsace Rosé Ice Petite Folie - 75cl","p":7.94,"u":"10,59 €/L","img":"https://fd1-photos.leclercdrive.fr/image.ashx?id=2347732&use=l&cat=p&typeid=i","cat":284545},{"id":182519,"n":"Croquettes petit chien Ultima  Adulte bœuf - 1,35kg","p":5.64,"u":"4,18 €/KG","img":"https://fd1-photos.leclercdrive.fr/image.ashx?id=2921909&use=l&cat=p&typeid=i","cat":294526},{"id":182542,"n":"Céréales Oreo 350g","p":4.33,"u":"12,37 €/KG","img":"https://fd1-photos.leclercdrive.fr/image.ashx?id=2764583&use=l&cat=p&typeid=i","cat":309513},{"id":182692,"n":"Nappage Caramel Vahiné 200g","p":1.71,"u":"8,55 €/KG","img":"https://fd1-photos.leclercdrive.fr/image.ashx?id=2833336&use=l&cat=p&typeid=i","cat":284504},{"id":182792,"n":"Croquettes Ultima Junior Petit chien - 1.35kg","p":5.08,"u":"3,76 €/KG","img":"https://fd1-photos.leclercdrive.fr/image.ashx?id=2928903&use=l&cat=p&typeid=i","cat":294526},{"id":182799,"n":"Cumin Moulu Ducros 40g","p":2.56,"u":"64,00 €/KG","img":"https://fd1-photos.leclercdrive.fr/image.ashx?id=2983222&use=l&cat=p&typeid=i","cat":298297},{"id":182800,"n":"Boîtes Allumettes \"Instant Passion\" - x10 Flam'Up","p":0.82,"img":"https://fd1-photos.leclercdrive.fr/image.ashx?id=3008341&use=l&cat=p&typeid=i","cat":300578},{"id":182808,"n":"Croquettes chiens Ultima Mini Senior Agevital - 1.35kg","p":5.55,"u":"4,11 €/KG","img":"https://fd1-photos.leclercdrive.fr/image.ashx?id=2921918&use=l&cat=p&typeid=i","cat":294526},{"id":182820,"n":"Céréales Weetabix original  430g","p":3.09,"u":"7,19 €/KG","img":"https://fd1-photos.leclercdrive.fr/image.ashx?id=2853347&use=l&cat=p&typeid=i","cat":309512},{"id":182859,"n":"Muesli protéines chocolat bio  Terres et Céréales -500g","p":4.58,"u":"9,16 €/KG","img":"https://fd1-photos.leclercdrive.fr/image.ashx?id=2349448&use=l&cat=p&typeid=i","cat":309512},{"id":182887,"n":"Fromage à tartiner Boursin Ail & fines herbes - 150g","p":2.23,"u":"14,87 €/KG","img":"https://fd1-photos.leclercdrive.fr/image.ashx?id=2964449&use=l&cat=p&typeid=i","cat":314029},{"id":182888,"n":"Lait bébé poudre Guigoz Optipro 1er âge - 0-6mois - 830g","p":15.15,"u":"18,25 €/KG","img":"https://fd1-photos.leclercdrive.fr/image.ashx?id=2806423&use=l&cat=p&typeid=i","cat":284726},{"id":182894,"n":"Epice Sainte Lucie mélange italien  - 30g","p":2.18,"u":"72,67 €/KG","img":"https://fd1-photos.leclercdrive.fr/image.ashx?id=2975170&use=l&cat=p&typeid=i","cat":298297},{"id":182910,"n":"Curry thai bio Céréal Bio  Lentilles repas express - 240g","p":2.49,"u":"10,38 €/KG","img":"https://fd1-photos.leclercdrive.fr/image.ashx?id=2664079&use=l&cat=p&typeid=i","cat":287600},{"id":182912,"n":"Yakisoba Céréal Bio   Bio légumes repas express 240g","p":2.89,"u":"12,04 €/KG","img":"https://fd1-photos.leclercdrive.fr/image.ashx?id=2665628&use=l&cat=p&typeid=i","cat":287600},{"id":182928,"n":"Papier cuisson Alfapac 15 feuilles","p":2.05,"img":"https://fd1-photos.leclercdrive.fr/image.ashx?id=2887740&use=l&cat=p&typeid=i","cat":334134},{"id":182938,"n":"Sauce crudités Caesar Amora 380ml","p":2.9,"u":"7,63 €/L","img":"https://fd1-photos.leclercdrive.fr/image.ashx?id=2655223&use=l&cat=p&typeid=i","cat":284456},{"id":182939,"n":"Chips Tuiles Pringles Barbecue - 175g","p":2.2,"u":"12,57 €/KG","img":"https://fd1-photos.leclercdrive.fr/image.ashx?id=2662502&use=l&cat=p&typeid=i","cat":287899},{"id":182963,"n":"Glace Trium Vanille - x4 - 294g","p":3.27,"u":"11,12 €/KG","img":"https://fd1-photos.leclercdrive.fr/image.ashx?id=2911714&use=l&cat=p&typeid=i","cat":284265},{"id":183049,"n":"Masque Tissu Skinactive Garnier Booster d'éclat Vitamine C","p":2.18,"img":"https://fd1-photos.leclercdrive.fr/image.ashx?id=2849100&use=l&cat=p&typeid=i","cat":325346},{"id":183104,"n":"Nutella Biscuit pâte à tartiner Cacao Noisettes - 207g","p":2.51,"u":"12,13 €/KG","img":"https://fd1-photos.leclercdrive.fr/image.ashx?id=2834035&use=l&cat=p&typeid=i","cat":284488},{"id":183105,"n":"Eau gazeuse San Pellegrino Essenza citron - 6x33cL","p":3.69,"u":"1,86 €/L","img":"https://fd1-photos.leclercdrive.fr/image.ashx?id=2864203&use=l&cat=p&typeid=i","cat":284536},{"id":183106,"n":"Eau gazeuse San Pellegrino Essenza sanguine - 6x33cl","p":3.68,"u":"1,86 €/L","img":"https://fd1-photos.leclercdrive.fr/image.ashx?id=2852010&use=l&cat=p&typeid=i","cat":284536},{"id":183117,"n":"Boisson Citronnade Pulco Saveur Citron et Framboise - 1L","p":1.86,"u":"1,86 €/L","img":"https://fd1-photos.leclercdrive.fr/image.ashx?id=2942266&use=l&cat=p&typeid=i","cat":295018},{"id":183128,"n":"Epinards hachés à la crème  Findus légume - 500g","p":2.4,"u":"4,80 €/KG","img":"https://fd1-photos.leclercdrive.fr/image.ashx?id=3008767&use=l&cat=p&typeid=i","cat":319805},{"id":183129,"n":"Epinards Légumes Findus branches à la crème - 480g","p":2.79,"u":"5,81 €/KG","img":"https://fd1-photos.leclercdrive.fr/image.ashx?id=2937349&use=l&cat=p&typeid=i","cat":319805},{"id":183172,"n":"Emietté de thon Petit Navire Vinaigre balsamique - 110g","p":2.19,"u":"19,91 €/KG","img":"https://fd1-photos.leclercdrive.fr/image.ashx?id=2682860&use=l&cat=p&typeid=i","cat":303867},{"id":183260,"n":"Crème corps hydratant Superfood Peaux très sèches - 380ml","p":5.37,"u":"14,13 €/L","img":"https://fd1-photos.leclercdrive.fr/image.ashx?id=2360812&use=l&cat=p&typeid=i","cat":325350},{"id":183262,"n":"Sérum Éclat Vitamine C Garnier Anti-taches - 30ml","p":8.79,"u":"293,00 €/L","img":"https://fd1-photos.leclercdrive.fr/image.ashx?id=2908180&use=l&cat=p&typeid=i","cat":325345},{"id":183306,"n":"Peluche Mimsy La Souris Tigex","p":11.9,"img":"https://fd1-photos.leclercdrive.fr/image.ashx?id=2355536&use=l&cat=p&typeid=i","cat":289435},{"id":183310,"n":"Sucettes Classic silicone Nuk 0-6 mois Chat - x2","p":5.2,"img":"https://fd1-photos.leclercdrive.fr/image.ashx?id=2689832&use=l&cat=p&typeid=i","cat":284743},{"id":183311,"n":"Sucettes Classic silicone Nuk 6-18 mois Fille - x2","p":5.2,"img":"https://fd1-photos.leclercdrive.fr/image.ashx?id=2681751&use=l&cat=p&typeid=i","cat":284743},{"id":183313,"n":"Sucettes Classic silicone Nuk 18-36 mois Mixte - x2","p":5.65,"img":"https://fd1-photos.leclercdrive.fr/image.ashx?id=2355575&use=l&cat=p&typeid=i","cat":284743},{"id":183314,"n":"Sucettes Classic silicone Nuk 18-36 mois Fille - x2","p":5.65,"img":"https://fd1-photos.leclercdrive.fr/image.ashx?id=2680978&use=l&cat=p&typeid=i","cat":284743},{"id":183315,"n":"Sucettes Jour/Nuit Reversible  Tigex - 6-18mois Mixte - x3","p":6.1,"img":"https://fd1-photos.leclercdrive.fr/image.ashx?id=2355542&use=l&cat=p&typeid=i","cat":284743},{"id":183391,"n":"Fraisoo' bool 200g","p":1.77,"u":"8,85 €/KG","img":"https://fd1-photos.leclercdrive.fr/image.ashx?id=2454172&use=l&cat=p&typeid=i","cat":304250},{"id":183395,"n":"Huile d'olive Puget 75cl","p":9.22,"u":"12,29 €/L","img":"https://fd1-photos.leclercdrive.fr/image.ashx?id=2460925&use=l&cat=p&typeid=i","cat":284453},{"id":183414,"n":"Croquettes Ultima Light Petit chien - 1,35kg","p":5.56,"u":"4,12 €/KG","img":"https://fd1-photos.leclercdrive.fr/image.ashx?id=2921912&use=l&cat=p&typeid=i","cat":294526},{"id":183512,"n":"Crème hydratante La Provençale Bio - 50ml","p":8.04,"u":"160,80 €/L","img":"https://fd1-photos.leclercdrive.fr/image.ashx?id=2357356&use=l&cat=p&typeid=i","cat":null},{"id":183523,"n":"Rexona Déodorant Femme Spray   72H Musc 200ml","p":3.53,"u":"17,65 €/L","img":"https://fd1-photos.leclercdrive.fr/image.ashx?id=2850312&use=l&cat=p&typeid=i","cat":284595},{"id":183526,"n":"Rexona Déodorant Femme Spray Anti-Transpirant 72H","p":3.0,"u":"15,00 €/L","img":"https://fd1-photos.leclercdrive.fr/image.ashx?id=2850309&use=l&cat=p&typeid=i","cat":284595},{"id":183839,"n":"Mélange à l'espagnole Ducros 48g","p":1.95,"u":"40,63 €/KG","img":"https://fd1-photos.leclercdrive.fr/image.ashx?id=2559508&use=l&cat=p&typeid=i","cat":298297},{"id":183840,"n":"Curcuma moulu Ducros 45g","p":2.3,"u":"51,11 €/KG","img":"https://fd1-photos.leclercdrive.fr/image.ashx?id=2486644&use=l&cat=p&typeid=i","cat":298297},{"id":183848,"n":"Dissolvant Maybelline New York Express sans acétone - 125ml","p":3.16,"u":"25,28 €/L","img":"https://fd1-photos.leclercdrive.fr/image.ashx?id=2358123&use=l&cat=p&typeid=i","cat":325347},{"id":183849,"n":"Déodorant L'Arbre Vert Argan   Hamamélis - 50ml","p":3.14,"u":"62,80 €/L","img":"https://fd1-photos.leclercdrive.fr/image.ashx?id=2862491&use=l&cat=p&typeid=i","cat":284595},{"id":183854,"n":"Déodorant Rexona Men anti transpirant Cobalt Dry - 200ml","p":3.54,"u":"17,70 €/L","img":"https://fd1-photos.leclercdrive.fr/image.ashx?id=2858711&use=l&cat=p&typeid=i","cat":284618},{"id":183857,"n":"Gel Douche Le Petit Marseillais  Lait d'amande douce - 650ml","p":3.22,"u":"4,95 €/L","img":"https://fd1-photos.leclercdrive.fr/image.ashx?id=2684197&use=l&cat=p&typeid=i","cat":284594},{"id":183862,"n":"Bloc WC Bref Brilliant Gel Toilettes propres - 42g x1","p":2.23,"u":"53,10 €/KG","img":"https://fd1-photos.leclercdrive.fr/image.ashx?id=2976782&use=l&cat=p&typeid=i","cat":284662},{"id":183866,"n":"Dentifrice blancheur Colgate Max white one - 75ml","p":2.01,"u":"26,80 €/L","img":"https://fd1-photos.leclercdrive.fr/image.ashx?id=2767255&use=l&cat=p&typeid=i","cat":284612},{"id":183873,"n":"Détachant poudre Vanish  Stop Odeurs - 470g","p":5.56,"u":"11,83 €/KG","img":"https://fd1-photos.leclercdrive.fr/image.ashx?id=2679936&use=l&cat=p&typeid=i","cat":284651},{"id":183877,"n":"Désodorisant diffuseur Airwick  Electrique Vanille - 19ml","p":3.6,"u":"189,47 €/L","img":"https://fd1-photos.leclercdrive.fr/image.ashx?id=2768237&use=l&cat=p&typeid=i","cat":311629},{"id":183888,"n":"Bière blonde Corona Cero 0,0% - 6x33cl","p":7.5,"u":"3,79 €/L","img":"https://fd1-photos.leclercdrive.fr/image.ashx?id=2526496&use=l&cat=p&typeid=i","cat":334877},{"id":183907,"n":"Dentifrice blancheur Colgate Max white optic - 75ml","p":2.45,"u":"32,67 €/L","img":"https://fd1-photos.leclercdrive.fr/image.ashx?id=2738395&use=l&cat=p&typeid=i","cat":284612},{"id":183910,"n":"Perles de Cire Chaude Expert  Veet A la Cire d'abeille 250ml","p":5.49,"u":"23,87 €/KG","img":"https://fd1-photos.leclercdrive.fr/image.ashx?id=2960678&use=l&cat=p&typeid=i","cat":325351},{"id":183913,"n":"Crème dépilatoire Zones Intimes Veet Men 100+50ml","p":7.11,"u":"47,40 €/L","img":"https://fd1-photos.leclercdrive.fr/image.ashx?id=2964971&use=l&cat=p&typeid=i","cat":284617},{"id":183917,"n":"Huile Miraculeuse Expert Veet Pré et Post Epilation 100ml","p":9.31,"u":"93,10 €/L","img":"https://fd1-photos.leclercdrive.fr/image.ashx?id=2828547&use=l&cat=p&typeid=i","cat":325351},{"id":183935,"n":"Fond de Teint L'Oréal Paris Infaillible 24H 130 Beige Peau","p":15.99,"pp":10.55,"img":"https://fd1-photos.leclercdrive.fr/image.ashx?id=2358183&use=l&cat=p&typeid=i","cat":287029},{"id":183937,"n":"Sachets armoire Soupline Grand  air - x3","p":3.17,"u":"1,06 €/P","img":"https://fd1-photos.leclercdrive.fr/image.ashx?id=2944470&use=l&cat=p&typeid=i","cat":325302},{"id":184000,"n":"Déodorant L'Arbre Vert Fleurs de cerisiers, Hamamélis - 50ml","p":3.33,"u":"66,60 €/L","img":"https://fd1-photos.leclercdrive.fr/image.ashx?id=2865824&use=l&cat=p&typeid=i","cat":284595},{"id":184004,"n":"Déodorant Axe Epic fresh 48h frais - 200ml","p":4.31,"u":"21,55 €/L","img":"https://fd1-photos.leclercdrive.fr/image.ashx?id=2834104&use=l&cat=p&typeid=i","cat":284618},{"id":184005,"n":"Gel Douche Le Petit Marseillais  Fleur d'oranger - 650ml","p":3.38,"u":"5,20 €/L","img":"https://fd1-photos.leclercdrive.fr/image.ashx?id=2684533&use=l&cat=p&typeid=i","cat":284594},{"id":184009,"n":"Gel WC Canard Forêt Aquatique - 750ml","p":2.54,"u":"3,39 €/L","img":"https://fd1-photos.leclercdrive.fr/image.ashx?id=2746313&use=l&cat=p&typeid=i","cat":284662},{"id":184083,"n":"Tablette chocolat noir Ouganda L'Origine du goût - 85g","p":2.62,"u":"30,82 €/KG","img":"https://fd1-photos.leclercdrive.fr/image.ashx?id=2372223&use=l&cat=p&typeid=i","cat":284956},{"id":184117,"n":"Kleenex Mouchoirs boîte Balsam - Lot de 3+1 offerte","p":4.19,"u":"0,02 €/P","img":"https://fd1-photos.leclercdrive.fr/image.ashx?id=2664533&use=l&cat=p&typeid=i","cat":284638},{"id":184119,"n":"Kleenex Mouchoirs boîte Ultra soft - Lot de 3+1 offerte","p":4.04,"u":"0,02 €/P","img":"https://fd1-photos.leclercdrive.fr/image.ashx?id=2679338&use=l&cat=p&typeid=i","cat":284638},{"id":184141,"n":"Desserts Lactés P'TIT BRASSE Mangue 6M+ - 4x90g","p":2.09,"u":"5,81 €/KG","img":"https://fd1-photos.leclercdrive.fr/image.ashx?id=2594226&use=l&cat=p&typeid=i","cat":312392},{"id":184142,"n":"Desserts Lactés P'TIT BRASSE Fruits rouges 6M+ - 4x90g","p":2.22,"u":"6,17 €/KG","img":"https://fd1-photos.leclercdrive.fr/image.ashx?id=2599943&use=l&cat=p&typeid=i","cat":312392},{"id":184148,"n":"Biscuits croquants Délichoc Chocolat au lait - 150g","p":1.91,"u":"12,73 €/KG","img":"https://fd1-photos.leclercdrive.fr/image.ashx?id=2867365&use=l&cat=p&typeid=i","cat":284488},{"id":184181,"n":"Purée mangue bébé Good Goût bio - 120g - dès 4 mois","p":1.58,"u":"13,17 €/KG","img":"https://fd1-photos.leclercdrive.fr/image.ashx?id=2640707&use=l&cat=p&typeid=i","cat":312387},{"id":184182,"n":"Purée poire bébé Good Goût bio - 120g - dès 4 mois","p":1.59,"u":"13,25 €/L","img":"https://fd1-photos.leclercdrive.fr/image.ashx?id=2640043&use=l&cat=p&typeid=i","cat":312387},{"id":184192,"n":"Purée fraise banane bébé Good Goût bio - 120g - dès 4 mois","p":1.54,"u":"12,83 €/KG","img":"https://fd1-photos.leclercdrive.fr/image.ashx?id=2640046&use=l&cat=p&typeid=i","cat":312387},{"id":184207,"n":"Lait de suite Hipp Biologique  Bio 600g - 10 mois à 3 ans","p":10.71,"u":"17,85 €/KG","img":"https://fd1-photos.leclercdrive.fr/image.ashx?id=2926825&use=l&cat=p&typeid=i","cat":290219},{"id":184208,"n":"Echalote Ducros  1ère Saveur - 10g","p":2.76,"u":"276,00 €/KG","img":"https://fd1-photos.leclercdrive.fr/image.ashx?id=2490506&use=l&cat=p&typeid=i","cat":298297},{"id":184305,"n":"Carré de porc sans os L'Atelier Boucherie x10 - 440g","p":4.94,"u":"11,23 €/KG","img":"https://fd1-photos.leclercdrive.fr/image.ashx?id=2932701&use=l&cat=p&typeid=i","cat":284331},{"id":184307,"n":"Côtes de porc première L'Atelier Boucherie x2 - 300g","p":2.7,"u":"9,00 €/KG","img":"https://fd1-photos.leclercdrive.fr/image.ashx?id=2930552&use=l&cat=p&typeid=i","cat":284331},{"id":184308,"n":"Côtes de porc échine L'Atelier Boucherie x4 - 680g","p":5.14,"u":"7,56 €/KG","img":"https://fd1-photos.leclercdrive.fr/image.ashx?id=2930555&use=l&cat=p&typeid=i","cat":284331},{"id":184310,"n":"Entrecôte de boeuf*** L'Atelier Boucherie x1 - 200g","p":6.09,"u":"30,45 €/KG","img":"https://fd1-photos.leclercdrive.fr/image.ashx?id=2913781&use=l&cat=p&typeid=i","cat":284328},{"id":184312,"n":"Faux-filet de boeuf*** L'Atelier Boucherie x1 - 180g","p":5.12,"u":"28,44 €/KG","img":"https://fd1-photos.leclercdrive.fr/image.ashx?id=2913784&use=l&cat=p&typeid=i","cat":284328},{"id":184315,"n":"Steak de boeuf** L'Atelier Boucherie x2 - 260g","p":5.39,"u":"20,73 €/KG","img":"https://fd1-photos.leclercdrive.fr/image.ashx?id=2930582&use=l&cat=p&typeid=i","cat":284328},{"id":184316,"n":"Bavette d'Aloyau*** L'Atelier Boucherie x1 - 150g","p":4.95,"u":"33,00 €/KG","img":"https://fd1-photos.leclercdrive.fr/image.ashx?id=2930585&use=l&cat=p&typeid=i","cat":284328},{"id":184317,"n":"Rumsteck en tournedos*** L'Atelier Boucherie x2 - 280g","p":7.19,"u":"25,68 €/KG","img":"https://fd1-photos.leclercdrive.fr/image.ashx?id=2930588&use=l&cat=p&typeid=i","cat":284328},{"id":184318,"n":"Rôti de boeuf*** L'Atelier Boucherie - 600g","p":14.39,"u":"23,98 €/KG","img":"https://fd1-photos.leclercdrive.fr/image.ashx?id=2930591&use=l&cat=p&typeid=i","cat":284328},{"id":184319,"n":"Pièce à fondue / Brochette L'Atelier Boucherie - 500g","p":12.99,"u":"25,98 €/KG","img":"https://fd1-photos.leclercdrive.fr/image.ashx?id=2930594&use=l&cat=p&typeid=i","cat":284328},{"id":184320,"n":"Rôti de porc L'Atelier Boucherie - 600g","p":6.59,"u":"10,98 €/KG","img":"https://fd1-photos.leclercdrive.fr/image.ashx?id=2953749&use=l&cat=p&typeid=i","cat":284331},{"id":184321,"n":"Filet mignon de porc L'Atelier Boucherie x2 - 990g","p":13.59,"u":"13,73 €/KG","img":"https://fd1-photos.leclercdrive.fr/image.ashx?id=2932704&use=l&cat=p&typeid=i","cat":284331},{"id":184322,"n":"Escalope de veau*** L'Atelier Boucherie x2 - 260g","p":6.99,"u":"26,88 €/KG","img":"https://fd1-photos.leclercdrive.fr/image.ashx?id=2930597&use=l&cat=p&typeid=i","cat":284329},{"id":184323,"n":"Sauté de veau*** à mijoter L'Atelier Boucherie - 500g","p":9.99,"u":"19,98 €/KG","img":"https://fd1-photos.leclercdrive.fr/image.ashx?id=2930600&use=l&cat=p&typeid=i","cat":284329},{"id":184353,"n":"Soda Coca-Cola Vanille Canette - Pack 6x33CL","p":4.62,"u":"2,33 €/L","img":"https://fd1-photos.leclercdrive.fr/image.ashx?id=2997238&use=l&cat=p&typeid=i","cat":284530},{"id":184355,"n":"Boisson énergisante Red Bull  Goût Fruit du Dragon, 250ml","p":1.21,"u":"4,84 €/L","img":"https://fd1-photos.leclercdrive.fr/image.ashx?id=3011992&use=l&cat=p&typeid=i","cat":284533},{"id":184393,"n":"Gousses de vanille Vahiné En poudre sucrées - 8g","p":4.78,"u":"597,50 €/KG","img":"https://fd1-photos.leclercdrive.fr/image.ashx?id=2490587&use=l&cat=p&typeid=i","cat":284504},{"id":184396,"n":"Vanille en poudre Vahiné - 5g","p":7.83,"img":"https://fd1-photos.leclercdrive.fr/image.ashx?id=2559856&use=l&cat=p&typeid=i","cat":284504},{"id":184402,"n":"Lait 1 Hipp Biologique Bio essentia 600g-de 0 à 6 mois","p":12.95,"u":"21,58 €/KG","img":"https://fd1-photos.leclercdrive.fr/image.ashx?id=2926819&use=l&cat=p&typeid=i","cat":284726},{"id":184403,"n":"Lait 2 Hipp Biologique Bio essentia 600g - dès 6 mois","p":11.88,"u":"19,80 €/KG","img":"https://fd1-photos.leclercdrive.fr/image.ashx?id=2926822&use=l&cat=p&typeid=i","cat":284727},{"id":184406,"n":"Romarin de Provence Ducros - 18g","p":2.28,"u":"126,67 €/KG","img":"https://fd1-photos.leclercdrive.fr/image.ashx?id=2486614&use=l&cat=p&typeid=i","cat":298297},{"id":184411,"n":"Croquettes chiens Ultima mini stérilisé poulet - 1,35kg","p":5.3,"u":"3,93 €/KG","img":"https://fd1-photos.leclercdrive.fr/image.ashx?id=2902184&use=l&cat=p&typeid=i","cat":294526},{"id":184427,"n":"Thé glacé Oasis Ice Tea Saveur Pêche - 1,5L","p":1.73,"u":"1,15 €/L","img":"https://fd1-photos.leclercdrive.fr/image.ashx?id=2688836&use=l&cat=p&typeid=i","cat":295019},{"id":184431,"n":"Boisson aux fruits Oasis Saveur Pomme Poire - 2L","p":2.51,"u":"1,26 €/L","img":"https://fd1-photos.leclercdrive.fr/image.ashx?id=3014455&use=l&cat=p&typeid=i","cat":295018},{"id":184432,"n":"Boisson orange brick Eco+ - 6x20cl","p":1.39,"u":"1,16 €/L","img":"https://fd1-photos.leclercdrive.fr/image.ashx?id=2863096&use=l&cat=p&typeid=i","cat":284521},{"id":184527,"n":"Semoule au lait de coco Andros Vanille de Madagascar - 4x100g","p":2.09,"u":"5,23 €/KG","img":"https://fd1-photos.leclercdrive.fr/image.ashx?id=2871988&use=l&cat=p&typeid=i","cat":316071},{"id":184540,"n":"Fromage Fouetté Nature à tartiner Les Croisés - 150g","p":1.41,"u":"9,40 €/KG","img":"https://fd1-photos.leclercdrive.fr/image.ashx?id=2933452&use=l&cat=p&typeid=i","cat":314029},{"id":184551,"n":"Lessive en poudre Xeor fraîcheur x50 - 2.5kg","p":5.99,"u":"2,40 €/KG","img":"https://fd1-photos.leclercdrive.fr/image.ashx?id=2450101&use=l&cat=p&typeid=i","cat":284642},{"id":184553,"n":"Blocs WC Syphon fraîcheur marine x2 - 110g","p":2.0,"u":"18,18 €/KG","img":"https://fd1-photos.leclercdrive.fr/image.ashx?id=2670359&use=l&cat=p&typeid=i","cat":284662},{"id":184555,"n":"Blocs WC Syphon fraîcheur pin - x2","p":2.09,"u":"1,05 €/P","img":"https://fd1-photos.leclercdrive.fr/image.ashx?id=2670362&use=l&cat=p&typeid=i","cat":284662},{"id":184559,"n":"Liquide vaisselle Paic Eucalyptus - 750ml","p":2.25,"u":"3,00 €/L","img":"https://fd1-photos.leclercdrive.fr/image.ashx?id=2363243&use=l&cat=p&typeid=i","cat":284655},{"id":184561,"n":"Glaces Kinder Bueno x4 noisettes chocolat blanc - 248g","p":3.98,"u":"16,05 €/KG","img":"https://fd1-photos.leclercdrive.fr/image.ashx?id=2759071&use=l&cat=p&typeid=i","cat":284264},{"id":184566,"n":"Boisson végétale Bio Village Noisette bio - 1l","p":1.87,"u":"1,87 €/L","img":"https://fd1-photos.leclercdrive.fr/image.ashx?id=2362504&use=l&cat=p&typeid=i","cat":316067},{"id":184568,"n":"Muesli croustillant Bio village Bio Chocolat quinoa - 500g","p":4.2,"u":"8,40 €/KG","img":"https://fd1-photos.leclercdrive.fr/image.ashx?id=2720196&use=l&cat=p&typeid=i","cat":309512},{"id":184569,"n":"Muesli croustillant Bio Village Bio Chocolat - 500g","p":3.72,"u":"7,44 €/KG","img":"https://fd1-photos.leclercdrive.fr/image.ashx?id=2559984&use=l&cat=p&typeid=i","cat":309512},{"id":184570,"n":"Muesli croustillant Bio village 3 noix Bio - 500g","p":3.36,"u":"6,72 €/KG","img":"https://fd1-photos.leclercdrive.fr/image.ashx?id=2591488&use=l&cat=p&typeid=i","cat":309512},{"id":184571,"n":"Sauce barbecue Amora 285g","p":1.74,"u":"6,11 €/KG","img":"https://fd1-photos.leclercdrive.fr/image.ashx?id=3004447&use=l&cat=p&typeid=i","cat":318431},{"id":184572,"n":"Huile Oméga 3 Tramier  3 Huiles de graines 1l","p":3.5,"u":"3,50 €/L","img":"https://fd1-photos.leclercdrive.fr/image.ashx?id=2901154&use=l&cat=p&typeid=i","cat":284453},{"id":184584,"n":"Brumisateur Evian - 400ml","p":3.83,"u":"9,58 €/L","img":"https://fd1-photos.leclercdrive.fr/image.ashx?id=2363431&use=l&cat=p&typeid=i","cat":290295},{"id":184587,"n":"Bâtonnets glacés Oasis Fraise citron framboise x10 - 400g","p":2.72,"u":"6,80 €/KG","img":"https://fd1-photos.leclercdrive.fr/image.ashx?id=2877871&use=l&cat=p&typeid=i","cat":284265},{"id":184620,"n":"AOP Gewurztraminer blanc Arthur Metz - 75cl","p":7.65,"u":"10,20 €/L","img":"https://fd1-photos.leclercdrive.fr/image.ashx?id=2376866&use=l&cat=p&typeid=i","cat":289557},{"id":184681,"n":"Trieur Esquisse A4 Transparent - 12 positions - x1","p":3.89,"img":"https://fd1-photos.leclercdrive.fr/image.ashx?id=2378847&use=l&cat=p&typeid=i","cat":284745},{"id":184683,"n":"Caprice des Dieux Lot de 2x200g","p":4.35,"u":"10,88 €/KG","img":"https://fd1-photos.leclercdrive.fr/image.ashx?id=2367283&use=l&cat=p&typeid=i","cat":314033},{"id":184828,"n":"Persillade Ducros Première saveur 19g","p":3.47,"u":"182,63 €/KG","img":"https://fd1-photos.leclercdrive.fr/image.ashx?id=2559502&use=l&cat=p&typeid=i","cat":298297},{"id":184829,"n":"Fines herbes Ducros Première saveur - 16g","p":3.04,"u":"190,00 €/KG","img":"https://fd1-photos.leclercdrive.fr/image.ashx?id=2486626&use=l&cat=p&typeid=i","cat":298297},{"id":184926,"n":"Sugo alla bolognese 340g","p":2.75,"u":"8,09 €/KG","img":"https://fd1-photos.leclercdrive.fr/image.ashx?id=2840022&use=l&cat=p&typeid=i","cat":287599},{"id":184955,"n":"Eau Aromatisée Vittel Aro Fruit Exotique - 1L","p":1.16,"u":"1,16 €/L","img":"https://fd1-photos.leclercdrive.fr/image.ashx?id=2737135&use=l&cat=p&typeid=i","cat":284537},{"id":184987,"n":"Truite fumée des Pyrénées Pêcheries Basques - 110g","p":4.89,"u":"44,45 €/KG","img":"https://fd1-photos.leclercdrive.fr/image.ashx?id=2372778&use=l&cat=p&typeid=i","cat":285188},{"id":184996,"n":"Infusion verveine Elephant Menthe, bio - x20","p":2.13,"u":"81,92 €/KG","img":"https://fd1-photos.leclercdrive.fr/image.ashx?id=2507578&use=l&cat=p&typeid=i","cat":293234},{"id":184997,"n":"Infusion bio Elephant Detox - x20","p":1.89,"u":"55,59 €/KG","img":"https://fd1-photos.leclercdrive.fr/image.ashx?id=2507566&use=l&cat=p&typeid=i","cat":293234},{"id":184998,"n":"Infusion Bio Elephant Gingembre Citron - 20 Sachets","p":1.89,"u":"55,59 €/KG","img":"https://fd1-photos.leclercdrive.fr/image.ashx?id=2507575&use=l&cat=p&typeid=i","cat":293234},{"id":184999,"n":"Infusion bio Elephant Relax - x20","p":2.24,"u":"86,15 €/KG","img":"https://fd1-photos.leclercdrive.fr/image.ashx?id=2507572&use=l&cat=p&typeid=i","cat":293234},{"id":185000,"n":"Infusion Bio Eléphant Menthe Thym - x20 sachets","p":2.51,"u":"96,54 €/KG","img":"https://fd1-photos.leclercdrive.fr/image.ashx?id=2507563&use=l&cat=p&typeid=i","cat":293234},{"id":185003,"n":"Infusion Eléphant Douce Nuit x20- 32g","p":2.2,"u":"68,75 €/KG","img":"https://fd1-photos.leclercdrive.fr/image.ashx?id=2507569&use=l&cat=p&typeid=i","cat":293234},{"id":185020,"n":"Farine Sarasin Bio Mon Fournil Sans Gluten - 400g","p":3.92,"u":"9,80 €/KG","img":"https://fd1-photos.leclercdrive.fr/image.ashx?id=2378051&use=l&cat=p&typeid=i","cat":284502},{"id":185031,"n":"Dentifrice blancheur Colgate Max White Optic - 2x75ml","p":4.3,"u":"28,67 €/L","img":"https://fd1-photos.leclercdrive.fr/image.ashx?id=2369246&use=l&cat=p&typeid=i","cat":284612},{"id":185032,"n":"Dentifrice blancheur Colgate Max White One - 2x75ml","p":4.3,"u":"28,67 €/L","img":"https://fd1-photos.leclercdrive.fr/image.ashx?id=2369249&use=l&cat=p&typeid=i","cat":284612},{"id":185157,"n":"Punch Arrangé Mojito - 70cl 32% vol.","p":24.0,"u":"34,29 €/L","img":"https://fd1-photos.leclercdrive.fr/image.ashx?id=2372862&use=l&cat=p&typeid=i","cat":284551},{"id":185160,"n":"Punch Arrangé Mojito Passion - 70cl 32% vol.","p":24.25,"u":"34,64 €/L","img":"https://fd1-photos.leclercdrive.fr/image.ashx?id=2372871&use=l&cat=p&typeid=i","cat":284551},{"id":185165,"n":"Skyr Yoplait  Coco 1%Mg - 4x100g","p":2.15,"u":"5,38 €/KG","img":"https://fd1-photos.leclercdrive.fr/image.ashx?id=2884459&use=l&cat=p&typeid=i","cat":315000},{"id":185166,"n":"Skyr Yoplait  Vanille 0%MG - 4x100G","p":2.34,"u":"5,85 €/KG","img":"https://fd1-photos.leclercdrive.fr/image.ashx?id=2884456&use=l&cat=p&typeid=i","cat":315000},{"id":185264,"n":"Piles Energizer AA - x10","p":9.88,"u":"0,99 €/P","img":"https://fd1-photos.leclercdrive.fr/image.ashx?id=2850719&use=l&cat=p&typeid=i","cat":300572},{"id":185265,"n":"Piles Energizer AAA - x10","p":9.88,"u":"0,99 €/P","img":"https://fd1-photos.leclercdrive.fr/image.ashx?id=2850725&use=l&cat=p&typeid=i","cat":300572},{"id":185327,"n":"Marc d'Alsace Gewurztraminer Theo Preiss 50cl 45% vol.","p":16.25,"u":"32,50 €/L","img":"https://fd1-photos.leclercdrive.fr/image.ashx?id=2373935&use=l&cat=p&typeid=i","cat":286032},{"id":185443,"n":"Thé vert citron Yate x25 - 37,5g","p":0.79,"u":"20,79 €/KG","img":"https://fd1-photos.leclercdrive.fr/image.ashx?id=2646008&use=l&cat=p&typeid=i","cat":293233},{"id":185494,"n":"Herbes de provence Ducros 35g","p":3.2,"u":"91,43 €/KG","img":"https://fd1-photos.leclercdrive.fr/image.ashx?id=2559505&use=l&cat=p&typeid=i","cat":298297},{"id":185567,"n":"Liniment oléo-calcaire Biolane  700 ml","p":7.01,"u":"10,01 €/L","img":"https://fd1-photos.leclercdrive.fr/image.ashx?id=2586864&use=l&cat=p&typeid=i","cat":284741},{"id":185568,"n":"Gel Lavant Biolane Corps et cheveux 750 ml","p":5.77,"u":"7,69 €/L","img":"https://fd1-photos.leclercdrive.fr/image.ashx?id=2586867&use=l&cat=p&typeid=i","cat":284740},{"id":185571,"n":"Eau pure H2O Biolane 750 ml","p":5.42,"u":"7,23 €/L","img":"https://fd1-photos.leclercdrive.fr/image.ashx?id=2733247&use=l&cat=p&typeid=i","cat":284741},{"id":185665,"n":"DOC Prosecco Rosé Mionetto - 75cl","p":6.89,"u":"9,19 €/L","img":"https://fd1-photos.leclercdrive.fr/image.ashx?id=3011914&use=l&cat=p&typeid=i","cat":289461},{"id":185768,"n":"Riz forestière individuel William Saurin - 300g","p":3.18,"u":"10,60 €/KG","img":"https://fd1-photos.leclercdrive.fr/image.ashx?id=2528726&use=l&cat=p&typeid=i","cat":284953},{"id":185789,"n":"Myrtilles Panier du Primeur 125g","p":1.99,"u":"15,92 €/KG","img":"https://fd1-photos.leclercdrive.fr/image.ashx?id=2375773&use=l&cat=p&typeid=i","cat":284356},{"id":185807,"n":"Hello Pho Wok saveur bœuf  Sauté de nouille instantané 76g","p":2.03,"u":"26,71 €/KG","img":"https://fd1-photos.leclercdrive.fr/image.ashx?id=2378678&use=l&cat=p&typeid=i","cat":288992},{"id":185831,"n":"Préparation Gâteau alsa Moelleux Marbré - 435g","p":2.19,"u":"5,03 €/KG","img":"https://fd1-photos.leclercdrive.fr/image.ashx?id=2996428&use=l&cat=p&typeid=i","cat":284505},{"id":185840,"n":"RECH SPRAY AUTO BIEN AIR AGRUMES 250ML","p":2.39,"u":"9,56 €/L","img":"https://fd1-photos.leclercdrive.fr/image.ashx?id=2531104&use=l&cat=p&typeid=i","cat":311629},{"id":185842,"n":"Soufflés Snack's Tokapi  Cacahuète - 160g","p":0.72,"u":"4,50 €/KG","img":"https://fd1-photos.leclercdrive.fr/image.ashx?id=2864942&use=l&cat=p&typeid=i","cat":284449},{"id":185950,"n":"Cristaline fontaine 8L","p":2.23,"u":"0,28 €/L","img":"https://fd1-photos.leclercdrive.fr/image.ashx?id=2418891&use=l&cat=p&typeid=i","cat":284535},{"id":185999,"n":"Boisson végétale Bio Village Riz nature bio - 1l","p":1.65,"u":"1,65 €/L","img":"https://fd1-photos.leclercdrive.fr/image.ashx?id=2381581&use=l&cat=p&typeid=i","cat":316067},{"id":186043,"n":"Lardons Nature Herta  Sans nitrite - 2x75g","p":1.91,"u":"12,73 €/KG","img":"https://fd1-photos.leclercdrive.fr/image.ashx?id=2785802&use=l&cat=p&typeid=i","cat":316011},{"id":186048,"n":"Masque 2 en 1 Energie Fruit Sans silicone Monoi - 300ml","p":4.45,"u":"14,83 €/L","img":"https://fd1-photos.leclercdrive.fr/image.ashx?id=2795878&use=l&cat=p&typeid=i","cat":284608},{"id":186055,"n":"Boisson énergisante Red Bull Goût Pastèque, 250ml","p":1.29,"u":"5,16 €/L","img":"https://fd1-photos.leclercdrive.fr/image.ashx?id=2471655&use=l&cat=p&typeid=i","cat":284533},{"id":186202,"n":"Mozzarella Les Croisés Tranchettes - 200g","p":1.99,"u":"9,95 €/KG","img":"https://fd1-photos.leclercdrive.fr/image.ashx?id=2383094&use=l&cat=p&typeid=i","cat":314026},{"id":186258,"n":"Lessive Capsules Tout-en-1 Skip Fraîcheur Intense x26 Capsules","p":10.3,"u":"18,69 €/KG","img":"https://fd1-photos.leclercdrive.fr/image.ashx?id=2978934&use=l&cat=p&typeid=i","cat":284641},{"id":186260,"n":"Lessive Capsules Skip Tout-en-1 Active Clean x26","p":9.54,"u":"17,31 €/KG","img":"https://fd1-photos.leclercdrive.fr/image.ashx?id=2940651&use=l&cat=p&typeid=i","cat":284641},{"id":186263,"n":"Lessive Capsules Tout-en-1 Skip Fraîcheur Intense 38 Lavages","p":13.53,"u":"16,79 €/KG","img":"https://fd1-photos.leclercdrive.fr/image.ashx?id=2929236&use=l&cat=p&typeid=i","cat":284641},{"id":186265,"n":"Lingettes bébé Harmonie Aqua Pampers - 48 lingettes","p":3.45,"u":"0,07 €/P","img":"https://fd1-photos.leclercdrive.fr/image.ashx?id=2805903&use=l&cat=p&typeid=i","cat":284738},{"id":186267,"n":"Lingettes bébé visage et mains Biolane - 64 lingettes","p":2.44,"u":"0,04 €/P","img":"https://fd1-photos.leclercdrive.fr/image.ashx?id=2876539&use=l&cat=p&typeid=i","cat":284738},{"id":186296,"n":"Lessive Capsules Skip Tout-en-1 Active Clean x38","p":14.07,"u":"17,46 €/KG","img":"https://fd1-photos.leclercdrive.fr/image.ashx?id=2757114&use=l&cat=p&typeid=i","cat":284641},{"id":186306,"n":"Liniment oléo-calcaire Biolane 300ml","p":3.64,"u":"12,13 €/L","img":"https://fd1-photos.leclercdrive.fr/image.ashx?id=2586861&use=l&cat=p&typeid=i","cat":284741},{"id":186308,"n":"Masque 2 en 1 Energie Fruit Sans silicone - 300ml","p":4.7,"u":"15,67 €/L","img":"https://fd1-photos.leclercdrive.fr/image.ashx?id=2795875&use=l&cat=p&typeid=i","cat":284608},{"id":186319,"n":"Spray désodorisant Airwick Neutralisateur Jasmin -237ml","p":3.98,"u":"16,79 €/L","img":"https://fd1-photos.leclercdrive.fr/image.ashx?id=2689019&use=l&cat=p&typeid=i","cat":311626},{"id":186322,"n":"Lingettes pour bébé Pampers Harmonie Aqua - 3x48","p":7.49,"u":"0,05 €/P","img":"https://fd1-photos.leclercdrive.fr/image.ashx?id=2903809&use=l&cat=p&typeid=i","cat":284738},{"id":186393,"n":"Felix Naturally Delicious Poulet - 100g","p":3.29,"u":"32,90 €/KG","img":"https://fd1-photos.leclercdrive.fr/image.ashx?id=2617477&use=l&cat=p&typeid=i","cat":285285},{"id":186459,"n":"Pâtes Tortiglioni Panzani 500g","p":1.36,"u":"2,72 €/KG","img":"https://fd1-photos.leclercdrive.fr/image.ashx?id=2902951&use=l&cat=p&typeid=i","cat":284427},{"id":186460,"n":"Pâtes Pipe Rigate Panzani 500g","p":1.25,"u":"2,50 €/KG","img":"https://fd1-photos.leclercdrive.fr/image.ashx?id=2902954&use=l&cat=p&typeid=i","cat":284427},{"id":186461,"n":"Ail lyophilisé Ducros 19g","p":3.91,"u":"205,79 €/KG","img":"https://fd1-photos.leclercdrive.fr/image.ashx?id=2486617&use=l&cat=p&typeid=i","cat":298297},{"id":186462,"n":"Ciboulette lyophilisée Ducros 3g","p":2.63,"u":"876,67 €/KG","img":"https://fd1-photos.leclercdrive.fr/image.ashx?id=2486620&use=l&cat=p&typeid=i","cat":298297},{"id":186466,"n":"Mayonnaise citron Bénédicta Bocal - 255g","p":2.24,"u":"8,78 €/KG","img":"https://fd1-photos.leclercdrive.fr/image.ashx?id=2828148&use=l&cat=p&typeid=i","cat":298295},{"id":186471,"n":"Gousses de vanille Madagascar Sainte Lucie - 5.4g","p":4.98,"u":"996,00 €/KG","img":"https://fd1-photos.leclercdrive.fr/image.ashx?id=2386569&use=l&cat=p&typeid=i","cat":284504},{"id":186497,"n":"Capsules café L'Or Espresso Saveur Caramel x10","p":3.76,"u":"72,31 €/KG","img":"https://fd1-photos.leclercdrive.fr/image.ashx?id=2387049&use=l&cat=p&typeid=i","cat":293241},{"id":186502,"n":"Sachet Chat Stérilisé Ultima Poulet, Dinde, Saumon - 4x85g","p":2.54,"u":"29,88 €/KG","img":"https://fd1-photos.leclercdrive.fr/image.ashx?id=2985633&use=l&cat=p&typeid=i","cat":285286},{"id":186548,"n":"Bougie Floral 30h Bien Air","p":2.34,"img":"https://fd1-photos.leclercdrive.fr/image.ashx?id=2939091&use=l&cat=p&typeid=i","cat":284666},{"id":186595,"n":"Crème glacée Häagen-Dazs Vanille Caramel Brownie - 541g","p":5.78,"u":"10,68 €/KG","img":"https://fd1-photos.leclercdrive.fr/image.ashx?id=2893426&use=l&cat=p&typeid=i","cat":284725},{"id":186648,"n":"Cancoillotte IGP Maison Raguin Au beurre doux - 250g","p":2.89,"u":"11,56 €/KG","img":"https://fd1-photos.leclercdrive.fr/image.ashx?id=2526773&use=l&cat=p&typeid=i","cat":314037},{"id":186649,"n":"Cancoillotte Vin Blanc - Raguin - 250g","p":2.7,"u":"10,80 €/KG","img":"https://fd1-photos.leclercdrive.fr/image.ashx?id=2560804&use=l&cat=p&typeid=i","cat":314037},{"id":186657,"n":"Crème dessert Delisse Chocolat - 6x125g","p":1.42,"u":"1,89 €/KG","img":"https://fd1-photos.leclercdrive.fr/image.ashx?id=2441492&use=l&cat=p&typeid=i","cat":285041},{"id":186659,"n":"Crème dessert Delisse Vanille - 6x125g","p":1.33,"u":"1,77 €/KG","img":"https://fd1-photos.leclercdrive.fr/image.ashx?id=2441498&use=l&cat=p&typeid=i","cat":285041},{"id":186660,"n":"Dessert végétal soja Alpro  Citron et Citron Vert - 500g","p":2.19,"u":"4,38 €/KG","img":"https://fd1-photos.leclercdrive.fr/image.ashx?id=2977678&use=l&cat=p&typeid=i","cat":316071},{"id":186661,"n":"Crème dessert Delisse Caramel - 6x125g","p":1.39,"u":"1,85 €/KG","img":"https://fd1-photos.leclercdrive.fr/image.ashx?id=2441504&use=l&cat=p&typeid=i","cat":285041},{"id":186686,"n":"Déodorant stick Homme Mennen Marine Sans Alcool - 60ml","p":3.18,"u":"53,00 €/L","img":"https://fd1-photos.leclercdrive.fr/image.ashx?id=2869107&use=l&cat=p&typeid=i","cat":284618},{"id":186688,"n":"Déodorant stick Homme Mennen Sans Alcool Anti-Traces - 60ml","p":3.18,"u":"53,00 €/L","img":"https://fd1-photos.leclercdrive.fr/image.ashx?id=2869110&use=l&cat=p&typeid=i","cat":284618},{"id":186717,"n":"Anti-transpirant 72h Rexona Men Cobalt Dry - Lot de 2","p":5.45,"u":"2,73 €/P","img":"https://fd1-photos.leclercdrive.fr/image.ashx?id=2944476&use=l&cat=p&typeid=i","cat":284618},{"id":186856,"n":"Lessive Capsules Skip Tout-en-1 Extra Détachant x24","p":10.35,"u":"20,33 €/KG","img":"https://fd1-photos.leclercdrive.fr/image.ashx?id=2956691&use=l&cat=p&typeid=i","cat":284641},{"id":186857,"n":"Lessive Capsules Skip Tout-en-1 Cajoline 36 Lavages","p":13.23,"u":"17,34 €/KG","img":"https://fd1-photos.leclercdrive.fr/image.ashx?id=2929239&use=l&cat=p&typeid=i","cat":284641},{"id":186869,"n":"Préparation pour moelleux  Tablier Blanc - 435g","p":1.93,"u":"4,44 €/KG","img":"https://fd1-photos.leclercdrive.fr/image.ashx?id=2487494&use=l&cat=p&typeid=i","cat":284504},{"id":186870,"n":"Préparation pour moelleux Tablier Blanc citron - 435g","p":1.97,"u":"4,53 €/KG","img":"https://fd1-photos.leclercdrive.fr/image.ashx?id=2487497&use=l&cat=p&typeid=i","cat":284504},{"id":186920,"n":"Tuiles Monster Munch Crazy Original - 150g","p":1.9,"u":"12,67 €/KG","img":"https://fd1-photos.leclercdrive.fr/image.ashx?id=2921735&use=l&cat=p&typeid=i","cat":287899},{"id":186923,"n":"Tuiles Monster Munch  Crazy crème oignon - 150g","p":1.9,"u":"12,67 €/KG","img":"https://fd1-photos.leclercdrive.fr/image.ashx?id=2916881&use=l&cat=p&typeid=i","cat":287899},{"id":186926,"n":"Tuiles Monster Munch Crazy paprika - 150g","p":1.9,"u":"12,67 €/KG","img":"https://fd1-photos.leclercdrive.fr/image.ashx?id=2955339&use=l&cat=p&typeid=i","cat":287899},{"id":186946,"n":"Mouliné Bio Village Bio - légumes variés  - 2x30cl","p":1.69,"u":"5,63 €/L","img":"https://fd1-photos.leclercdrive.fr/image.ashx?id=2404157&use=l&cat=p&typeid=i","cat":284462},{"id":187029,"n":"Coton-tiges ouatés Inell Boîte - x300 bâtonnets","p":0.73,"img":"https://fd1-photos.leclercdrive.fr/image.ashx?id=2824301&use=l&cat=p&typeid=i","cat":284636},{"id":187126,"n":"Crunch Chocolat Noël Moulage Renne - 88g","p":2.98,"u":"33,86 €/KG","img":"https://fd1-photos.leclercdrive.fr/image.ashx?id=2394096&use=l&cat=p&typeid=i","cat":327592},{"id":187161,"n":"Pralinés Gianduiotto Novi 250g","p":8.49,"pp":5.6,"u":"22,40 €/KG","img":"https://fd1-photos.leclercdrive.fr/image.ashx?id=2615164&use=l&cat=p&typeid=i","cat":327595},{"id":187168,"n":"Assortiment Cuadro Novi 250g","p":8.49,"pp":5.6,"u":"22,40 €/KG","img":"https://fd1-photos.leclercdrive.fr/image.ashx?id=2615173&use=l&cat=p&typeid=i","cat":327595},{"id":187173,"n":"Bouchées Chocolat Noël Nestlé L'Atelier Noir Feves Cacao 262g","p":9.98,"u":"38,09 €/KG","img":"https://fd1-photos.leclercdrive.fr/image.ashx?id=2938247&use=l&cat=p&typeid=i","cat":327595},{"id":187238,"n":"Savon Le Petit Marseillais  Solide chevrefeuile-4x100g","p":2.29,"u":"5,73 €/KG","img":"https://fd1-photos.leclercdrive.fr/image.ashx?id=2684200&use=l&cat=p&typeid=i","cat":284597},{"id":187241,"n":"Savon Le Petit Marseillais  Solide amande douce - 2x100g","p":1.86,"u":"9,30 €/KG","img":"https://fd1-photos.leclercdrive.fr/image.ashx?id=2684203&use=l&cat=p&typeid=i","cat":284597},{"id":187272,"n":"Physyo croquettes pour chien maintenance 2kg","p":8.14,"u":"4,07 €/KG","img":"https://fd1-photos.leclercdrive.fr/image.ashx?id=2735923&use=l&cat=p&typeid=i","cat":294526},{"id":187342,"n":"Bûche Nestlé 3 Chocolats 540g","p":6.16,"u":"11,41 €/KG","img":"https://fd1-photos.leclercdrive.fr/image.ashx?id=2936713&use=l&cat=p&typeid=i","cat":284266},{"id":187343,"n":"Bûche Pilpa Exquise 3 Chocolats - 535g","p":5.27,"u":"9,85 €/KG","img":"https://fd1-photos.leclercdrive.fr/image.ashx?id=2751027&use=l&cat=p&typeid=i","cat":284266},{"id":187344,"n":"Bûche Pilpa Caramel beurre salé - 535g","p":5.27,"u":"9,85 €/KG","img":"https://fd1-photos.leclercdrive.fr/image.ashx?id=2751036&use=l&cat=p&typeid=i","cat":284266},{"id":187347,"n":"Bûchettes Pilpa Les délices Pistache Chocolat Café x6 348g","p":3.24,"u":"9,31 €/KG","img":"https://fd1-photos.leclercdrive.fr/image.ashx?id=2395921&use=l&cat=p&typeid=i","cat":284266},{"id":187352,"n":"Bûche Pilpa Caprices des Îles - 564g","p":5.27,"u":"9,34 €/KG","img":"https://fd1-photos.leclercdrive.fr/image.ashx?id=2749961&use=l&cat=p&typeid=i","cat":284266},{"id":187365,"n":"Desserts Lactés P'TIT BRASSE Nature 6M+ - 4x90g","p":2.12,"u":"5,89 €/KG","img":"https://fd1-photos.leclercdrive.fr/image.ashx?id=2594223&use=l&cat=p&typeid=i","cat":312392},{"id":187379,"n":"Bûche glacée Erhard Vanille Caramel - 470g","p":9.97,"pp":6.98,"u":"14,85 €/KG","img":"https://fd1-photos.leclercdrive.fr/image.ashx?id=2395939&use=l&cat=p&typeid=i","cat":284266},{"id":187392,"n":"Tagliatelle Lustucru Selection  Basilic - 300g","p":2.23,"u":"7,43 €/KG","img":"https://fd1-photos.leclercdrive.fr/image.ashx?id=2939490&use=l&cat=p&typeid=i","cat":333682},{"id":187403,"n":"Feuilletés Jambon Fromage Eco+ x10 - 650g","p":2.63,"u":"4,05 €/KG","img":"https://fd1-photos.leclercdrive.fr/image.ashx?id=2395837&use=l&cat=p&typeid=i","cat":319776},{"id":187453,"n":"Thé noir Lipton Yellow x100 sachets - 200g","p":4.01,"u":"20,05 €/KG","img":"https://fd1-photos.leclercdrive.fr/image.ashx?id=2517655&use=l&cat=p&typeid=i","cat":293233},{"id":187461,"n":"Préparation Tablier Blanc Fondant au chocolat - 320g","p":2.19,"u":"6,84 €/KG","img":"https://fd1-photos.leclercdrive.fr/image.ashx?id=2487500&use=l&cat=p&typeid=i","cat":284505},{"id":187483,"n":"Pâtes Côté Table  Saumon épinard - 900g","p":5.92,"u":"6,58 €/KG","img":"https://fd1-photos.leclercdrive.fr/image.ashx?id=2900187&use=l&cat=p&typeid=i","cat":284254},{"id":187487,"n":"Compote de fruits Materne Multi saveurs - 16x100g","p":6.29,"u":"3,93 €/KG","img":"https://fd1-photos.leclercdrive.fr/image.ashx?id=2721598&use=l&cat=p&typeid=i","cat":284508},{"id":187488,"n":"Compote de fruits Materne Multi saveurs - 16x100g","p":6.19,"u":"3,87 €/KG","img":"https://fd1-photos.leclercdrive.fr/image.ashx?id=2729623&use=l&cat=p&typeid=i","cat":284508},{"id":187501,"n":"Fuet Extra L'Origine du Goût - 155g","p":2.85,"u":"18,39 €/KG","img":"https://fd1-photos.leclercdrive.fr/image.ashx?id=2399862&use=l&cat=p&typeid=i","cat":316006},{"id":187547,"n":"Moutarde Fine & Forte AMORA Flacon Souple - 460g","p":2.42,"u":"5,26 €/KG","img":"https://fd1-photos.leclercdrive.fr/image.ashx?id=2877271&use=l&cat=p&typeid=i","cat":288850},{"id":187576,"n":"Pâtes Coquillette Panzani Complètement Bon - 500G","p":1.32,"u":"2,64 €/KG","img":"https://fd1-photos.leclercdrive.fr/image.ashx?id=2902960&use=l&cat=p&typeid=i","cat":284427},{"id":187578,"n":"Pâtes Torti Panzani Complètement Bon - 500G","p":1.28,"u":"2,56 €/KG","img":"https://fd1-photos.leclercdrive.fr/image.ashx?id=2902963&use=l&cat=p&typeid=i","cat":284427},{"id":187602,"n":"Gousses de vanille Vahiné x4 -","p":9.41,"u":"2,35 €/P","img":"https://fd1-photos.leclercdrive.fr/image.ashx?id=2569428&use=l&cat=p&typeid=i","cat":284504},{"id":187603,"n":"Pepites de chocolats Vahiné  3 chocolats - 180g","p":4.93,"u":"27,39 €/KG","img":"https://fd1-photos.leclercdrive.fr/image.ashx?id=2397863&use=l&cat=p&typeid=i","cat":284504},{"id":187632,"n":"Boisson aux fruits Jafun Troipical - 1.5L","p":1.4,"u":"0,93 €/L","img":"https://fd1-photos.leclercdrive.fr/image.ashx?id=2956783&use=l&cat=p&typeid=i","cat":284916},{"id":187672,"n":"Gel douche lait Cottage Framboise Bio - 550ml","p":4.2,"u":"7,64 €/L","img":"https://fd1-photos.leclercdrive.fr/image.ashx?id=2398880&use=l&cat=p&typeid=i","cat":284594},{"id":187673,"n":"Gel douche lait Cottage Vanille Pecan Bio -  550ml","p":4.35,"u":"7,91 €/L","img":"https://fd1-photos.leclercdrive.fr/image.ashx?id=2398883&use=l&cat=p&typeid=i","cat":284594},{"id":187690,"n":"Fond de teint L'Oréal Paris Infaillible 140 haute couvrance","p":14.37,"img":"https://fd1-photos.leclercdrive.fr/image.ashx?id=2735365&use=l&cat=p&typeid=i","cat":287029},{"id":187706,"n":"Madeleine Bonne Maman Citron - 300g","p":3.59,"u":"11,97 €/KG","img":"https://fd1-photos.leclercdrive.fr/image.ashx?id=2936227&use=l&cat=p&typeid=i","cat":284492},{"id":187802,"n":"Confiture Extra Beyer Pêche de vigne - 370g","p":3.02,"u":"8,16 €/KG","img":"https://fd1-photos.leclercdrive.fr/image.ashx?id=2557440&use=l&cat=p&typeid=i","cat":284480},{"id":187929,"n":"Nouilles Sautées Yakisoba Classique - 93g","p":1.97,"u":"21,18 €/KG","img":"https://fd1-photos.leclercdrive.fr/image.ashx?id=2536140&use=l&cat=p&typeid=i","cat":288992},{"id":187930,"n":"Nouilles Sautées Yakisoba Poulet - 93g","p":2.03,"u":"21,83 €/KG","img":"https://fd1-photos.leclercdrive.fr/image.ashx?id=2536143&use=l&cat=p&typeid=i","cat":288992},{"id":187931,"n":"Nouilles Sautées Yakisoba Curry - 93g","p":2.01,"u":"21,61 €/KG","img":"https://fd1-photos.leclercdrive.fr/image.ashx?id=2536146&use=l&cat=p&typeid=i","cat":288992},{"id":187932,"n":"Nouilles sautées Yakisoba Boeuf - 93g","p":1.97,"u":"21,18 €/KG","img":"https://fd1-photos.leclercdrive.fr/image.ashx?id=3004423&use=l&cat=p&typeid=i","cat":288992},{"id":187933,"n":"Nouilles sautées Yakisoba  BBQ - 93g","p":2.14,"u":"23,01 €/KG","img":"https://fd1-photos.leclercdrive.fr/image.ashx?id=2536152&use=l&cat=p&typeid=i","cat":288992},{"id":187934,"n":"Nouilles sautées Yakisoba Pad Thai - 93g","p":2.15,"u":"23,12 €/KG","img":"https://fd1-photos.leclercdrive.fr/image.ashx?id=2536155&use=l&cat=p&typeid=i","cat":288992},{"id":187986,"n":"Déodorant stick Mennen  Homme intraçable 72h - 60ml","p":4.11,"u":"68,50 €/L","img":"https://fd1-photos.leclercdrive.fr/image.ashx?id=2402346&use=l&cat=p&typeid=i","cat":284618},{"id":187987,"n":"Déodorant stick Homme Mennen 24H Musk Sans Alcool - 60ml","p":3.18,"u":"53,00 €/L","img":"https://fd1-photos.leclercdrive.fr/image.ashx?id=2869113&use=l&cat=p&typeid=i","cat":284618},{"id":187989,"n":"Lait corps hydratant Mixa Raffermissant  - 250ml","p":4.05,"u":"16,20 €/L","img":"https://fd1-photos.leclercdrive.fr/image.ashx?id=2402358&use=l&cat=p&typeid=i","cat":325349},{"id":187990,"n":"Lait Corps Réparateur Mixa Peau abîmée desséchée - 300ml","p":4.01,"u":"13,37 €/L","img":"https://fd1-photos.leclercdrive.fr/image.ashx?id=2908186&use=l&cat=p&typeid=i","cat":325349},{"id":187999,"n":"Lait Corps réparateur Mixa Peaux desséchées - 300ml","p":3.65,"u":"12,17 €/L","img":"https://fd1-photos.leclercdrive.fr/image.ashx?id=2402394&use=l&cat=p&typeid=i","cat":325349},{"id":188000,"n":"Epices curry Sainte Lucie 40g","p":2.26,"u":"56,50 €/KG","img":"https://fd1-photos.leclercdrive.fr/image.ashx?id=2996590&use=l&cat=p&typeid=i","cat":298297},{"id":188001,"n":"Gel coiffant Vivelle DOP Fixation Extrême - 190ml","p":3.75,"u":"19,74 €/L","img":"https://fd1-photos.leclercdrive.fr/image.ashx?id=2402403&use=l&cat=p&typeid=i","cat":284609},{"id":188002,"n":"Gingembre moulu Sainte Lucie 32g","p":2.92,"u":"91,25 €/KG","img":"https://fd1-photos.leclercdrive.fr/image.ashx?id=2774373&use=l&cat=p&typeid=i","cat":298297},{"id":188003,"n":"Gel Coiffant Béton Dop Vivelle Fixation 24h - 190ml","p":3.75,"u":"19,74 €/L","img":"https://fd1-photos.leclercdrive.fr/image.ashx?id=2402406&use=l&cat=p&typeid=i","cat":284609},{"id":188005,"n":"Quatre épices Sainte Lucie  35g","p":2.22,"u":"63,43 €/KG","img":"https://fd1-photos.leclercdrive.fr/image.ashx?id=2774436&use=l&cat=p&typeid=i","cat":298297},{"id":188011,"n":"Tablette de chocolat Lindt Lait noisettes - 2x100g","p":4.69,"u":"23,45 €/KG","img":"https://fd1-photos.leclercdrive.fr/image.ashx?id=2654614&use=l&cat=p&typeid=i","cat":284497},{"id":188013,"n":"Tablette de chocolat Lindt Lait extra fin - 3x100g","p":5.76,"u":"19,20 €/KG","img":"https://fd1-photos.leclercdrive.fr/image.ashx?id=2655853&use=l&cat=p&typeid=i","cat":284497},{"id":188015,"n":"Cœurs de palmier D'aucy  125g","p":4.24,"u":"19,27 €/KG","img":"https://fd1-photos.leclercdrive.fr/image.ashx?id=2401369&use=l&cat=p&typeid=i","cat":312611},{"id":188067,"n":"Gressins au sésame Florelli - 250g","p":2.19,"u":"8,76 €/KG","img":"https://fd1-photos.leclercdrive.fr/image.ashx?id=2544449&use=l&cat=p&typeid=i","cat":289010},{"id":188152,"n":"Crème Dessert Sacré Willy Chocolat Noir - 2x125g","p":3.59,"u":"14,36 €/KG","img":"https://fd1-photos.leclercdrive.fr/image.ashx?id=2406175&use=l&cat=p&typeid=i","cat":285041},{"id":188166,"n":"Adoucissant concentré Soupline Hypoallergénique - 1,3L","p":5.77,"u":"4,44 €/L","img":"https://fd1-photos.leclercdrive.fr/image.ashx?id=2440085&use=l&cat=p&typeid=i","cat":284650},{"id":188168,"n":"Féta AOP Salakis Fromage brebis et chèvre - 150g","p":2.87,"u":"19,13 €/KG","img":"https://fd1-photos.leclercdrive.fr/image.ashx?id=2879128&use=l&cat=p&typeid=i","cat":314026},{"id":188185,"n":"Nouilles sautées de riz Hello Pho Wok Poulet - 76g","p":2.03,"u":"26,71 €/KG","img":"https://fd1-photos.leclercdrive.fr/image.ashx?id=2405319&use=l&cat=p&typeid=i","cat":288992},{"id":188293,"n":"Moutarde Amora Mi-forte - 260g","p":2.34,"u":"9,00 €/KG","img":"https://fd1-photos.leclercdrive.fr/image.ashx?id=3005398&use=l&cat=p&typeid=i","cat":288850},{"id":188295,"n":"Jambon Le Bon Paris Herta À l'étouffée x4 - 170g","p":2.16,"u":"12,71 €/KG","img":"https://fd1-photos.leclercdrive.fr/image.ashx?id=2731390&use=l&cat=p&typeid=i","cat":316009},{"id":188296,"n":"Jambon Le Bon Paris Herta À l'étouffée x6 - 255g","p":2.94,"u":"11,53 €/KG","img":"https://fd1-photos.leclercdrive.fr/image.ashx?id=2418720&use=l&cat=p&typeid=i","cat":316009},{"id":188297,"n":"Jambon Le Bon Paris Herta À l'étouffée x8 - 340g","p":3.89,"u":"11,44 €/KG","img":"https://fd1-photos.leclercdrive.fr/image.ashx?id=2921519&use=l&cat=p&typeid=i","cat":316009},{"id":188418,"n":"Ail Eco+ Filet 250g","p":1.99,"u":"7,96 €/KG","img":"https://fd1-photos.leclercdrive.fr/image.ashx?id=2919586&use=l&cat=p&typeid=i","cat":284352},{"id":188718,"n":"Avocat Bio Bio Village En barquette x2","p":3.59,"u":"1,80 €/P","img":"https://fd1-photos.leclercdrive.fr/image.ashx?id=2551984&use=l&cat=p&typeid=i","cat":284352},{"id":188721,"n":"Avocats mûrs à point  Panier du Primeur x2","p":3.39,"u":"1,70 €/P","img":"https://fd1-photos.leclercdrive.fr/image.ashx?id=2373012&use=l&cat=p&typeid=i","cat":284352},{"id":188740,"n":"Avocats Eco+ Filet x3","p":1.99,"u":"0,66 €/P","img":"https://fd1-photos.leclercdrive.fr/image.ashx?id=2373009&use=l&cat=p&typeid=i","cat":284352},{"id":189069,"n":"Carottes Eco+ Sachet de 2kg","p":1.89,"u":"0,95 €/KG","img":"https://fd1-photos.leclercdrive.fr/image.ashx?id=2922376&use=l&cat=p&typeid=i","cat":284352},{"id":189333,"n":"Champignons de Paris blancs Bio Bio Village - 200g","p":2.39,"u":"11,95 €/KG","img":"https://fd1-photos.leclercdrive.fr/image.ashx?id=2960550&use=l&cat=p&typeid=i","cat":284352},{"id":189375,"n":"Champignons de Paris bruns Panier du Primeur - 250g","p":1.79,"u":"7,16 €/KG","img":"https://fd1-photos.leclercdrive.fr/image.ashx?id=2600255&use=l&cat=p&typeid=i","cat":284352},{"id":189798,"n":"Citron à jus Filière Panier du Primeur Sachet 1kg","p":1.92,"u":"1,92 €/KG","img":"https://fd1-photos.leclercdrive.fr/image.ashx?id=2627667&use=l&cat=p&typeid=i","cat":284356},{"id":189903,"n":"Concombre Bio Bio Village x1","p":1.99,"img":"https://fd1-photos.leclercdrive.fr/image.ashx?id=2334257&use=l&cat=p&typeid=i","cat":284352},{"id":189924,"n":"Concombre 1p","p":1.99,"img":"https://fd1-photos.leclercdrive.fr/image.ashx?id=1631895&use=l&cat=p&typeid=i","cat":284352},{"id":190321,"n":"Courgette Eco+ 1kg","p":2.49,"u":"2,49 €/KG","img":"https://fd1-photos.leclercdrive.fr/image.ashx?id=2625692&use=l&cat=p&typeid=i","cat":284352},{"id":190572,"n":"Endives jeunes pousses  Nos Régions ont du Talent x6","p":2.49,"u":"9,58 €/KG","img":"https://fd1-photos.leclercdrive.fr/image.ashx?id=2778099&use=l&cat=p&typeid=i","cat":284352},{"id":190686,"n":"Framboises Panier du Primeur 125g","p":2.59,"u":"20,72 €/KG","img":"https://fd1-photos.leclercdrive.fr/image.ashx?id=2843800&use=l&cat=p&typeid=i","cat":284356},{"id":190950,"n":"Tomate ronde grappe Bio Village Bio - 500g","p":2.49,"u":"4,98 €/KG","img":"https://fd1-photos.leclercdrive.fr/image.ashx?id=2551996&use=l&cat=p&typeid=i","cat":284352},{"id":191325,"n":"Kaki 1p","p":0.89,"img":"https://fd1-photos.leclercdrive.fr/image.ashx?id=1628367&use=l&cat=p&typeid=i","cat":284356},{"id":191589,"n":"Pomme de terre rouge Panier du Primeur - 2kg","p":2.29,"u":"1,15 €/KG","img":"https://fd1-photos.leclercdrive.fr/image.ashx?id=2757518&use=l&cat=p&typeid=i","cat":284352},{"id":191661,"n":"Pommes de terre Bio Bio Village Vapeur et sautées  - 1.5kg","p":2.99,"u":"1,99 €/KG","img":"https://fd1-photos.leclercdrive.fr/image.ashx?id=2960535&use=l&cat=p&typeid=i","cat":284352},{"id":191967,"n":"Pomme de terre de consommation Eco+ 5kg","p":2.99,"u":"0,60 €/KG","img":"https://fd1-photos.leclercdrive.fr/image.ashx?id=2888926&use=l&cat=p&typeid=i","cat":284352},{"id":192033,"n":"Pomme de terre Panier Primeur Micro-ondes - 750g","p":1.79,"u":"2,39 €/KG","img":"https://fd1-photos.leclercdrive.fr/image.ashx?id=2649903&use=l&cat=p&typeid=i","cat":284352},{"id":192120,"n":"Pommes de terre four purée  potage Panier du Primeur - 2kg","p":2.29,"u":"1,15 €/KG","img":"https://fd1-photos.leclercdrive.fr/image.ashx?id=2757500&use=l&cat=p&typeid=i","cat":284352},{"id":192138,"n":"Pomme de terre Grenaille minute Priméale Gourmet - 500g","p":1.99,"u":"3,98 €/KG","img":"https://fd1-photos.leclercdrive.fr/image.ashx?id=2216488&use=l&cat=p&typeid=i","cat":284352},{"id":192161,"n":"Pommes de terre Eco+ 1.5kg","p":0.99,"u":"0,66 €/KG","img":"https://fd1-photos.leclercdrive.fr/image.ashx?id=2282349&use=l&cat=p&typeid=i","cat":284352},{"id":192315,"n":"Pommes Pink Lady Barquette x6","p":3.89,"u":"0,65 €/P","img":"https://fd1-photos.leclercdrive.fr/image.ashx?id=2121671&use=l&cat=p&typeid=i","cat":284356},{"id":192619,"n":"Pommes bicolores bio Bio Village Barquette x4","p":1.99,"u":"0,50 €/P","img":"https://fd1-photos.leclercdrive.fr/image.ashx?id=2556538&use=l&cat=p&typeid=i","cat":284356},{"id":192641,"n":"Pommes bicolores Panier du Primeur Barquette x6","p":2.49,"u":"0,42 €/P","img":"https://fd1-photos.leclercdrive.fr/image.ashx?id=2553920&use=l&cat=p&typeid=i","cat":284356},{"id":192645,"n":"Pommes jaunes Panier du Primeur x6","p":2.49,"u":"0,42 €/P","img":"https://fd1-photos.leclercdrive.fr/image.ashx?id=2338700&use=l&cat=p&typeid=i","cat":284356},{"id":192750,"n":"Pommes jaunes Eco+ Sachet 2kg","p":2.99,"u":"1,50 €/KG","img":"https://fd1-photos.leclercdrive.fr/image.ashx?id=2441890&use=l&cat=p&typeid=i","cat":284356},{"id":192762,"n":"Pommes bicolores Panier Primeur HVE - Sachet 1.5kg","p":2.99,"u":"1,99 €/KG","img":"https://fd1-photos.leclercdrive.fr/image.ashx?id=2928279&use=l&cat=p&typeid=i","cat":284356},{"id":192885,"n":"Pomelos Eco+ Filet x3","p":1.79,"u":"0,60 €/P","img":"https://fd1-photos.leclercdrive.fr/image.ashx?id=2680524&use=l&cat=p&typeid=i","cat":284356},{"id":193068,"n":"Poivron Bicolore bio Bio Village x2","p":2.79,"u":"1,40 €/P","img":"https://fd1-photos.leclercdrive.fr/image.ashx?id=2960541&use=l&cat=p&typeid=i","cat":284352},{"id":193080,"n":"Poivrons bicolores Eco+ x2","p":0.99,"u":"0,50 €/P","img":"https://fd1-photos.leclercdrive.fr/image.ashx?id=2709716&use=l&cat=p&typeid=i","cat":284352},{"id":193306,"n":"Poires Eco+ Barquette 1kg","p":3.49,"u":"3,49 €/KG","img":"https://fd1-photos.leclercdrive.fr/image.ashx?id=2909374&use=l&cat=p&typeid=i","cat":284356},{"id":193533,"n":"Kiwis Bio Bio Village x6","p":3.99,"u":"0,67 €/P","img":"https://fd1-photos.leclercdrive.fr/image.ashx?id=2556443&use=l&cat=p&typeid=i","cat":284356},{"id":193558,"n":"Kiwi vert Eco+ Barquette 1kg","p":3.99,"u":"3,99 €/KG","img":"https://fd1-photos.leclercdrive.fr/image.ashx?id=2922373&use=l&cat=p&typeid=i","cat":284356},{"id":193564,"n":"Kiwi vert 1p","p":0.79,"img":"https://fd1-photos.leclercdrive.fr/image.ashx?id=2077670&use=l&cat=p&typeid=i","cat":284356},{"id":194064,"n":"Jambon Le Bon Paris Herta  sans nitrite x6 - 210g","p":3.56,"u":"16,95 €/KG","img":"https://fd1-photos.leclercdrive.fr/image.ashx?id=2731396&use=l&cat=p&typeid=i","cat":316009},{"id":194075,"n":"Jambon Le Bon Paris Herta -25%  de sel sans nitrite x4 - 140g","p":2.69,"u":"19,21 €/KG","img":"https://fd1-photos.leclercdrive.fr/image.ashx?id=2910124&use=l&cat=p&typeid=i","cat":316009},{"id":194078,"n":"Jambon Le Bon Paris Herta Fumé x4 - 140g","p":2.53,"u":"18,07 €/KG","img":"https://fd1-photos.leclercdrive.fr/image.ashx?id=2918664&use=l&cat=p&typeid=i","cat":316009},{"id":194081,"n":"Jambon Le Bon Paris Fumé Herta sans nitrite x4 - 140g","p":2.79,"u":"19,93 €/KG","img":"https://fd1-photos.leclercdrive.fr/image.ashx?id=2881807&use=l&cat=p&typeid=i","cat":316009},{"id":194292,"n":"Croquette chien poulet Edgard et Cooper - 1kg","p":9.4,"u":"9,40 €/KG","img":"https://fd1-photos.leclercdrive.fr/image.ashx?id=2407964&use=l&cat=p&typeid=i","cat":284672},{"id":194293,"n":"Croquette chiot poulet Edgard et Cooper - 1kg","p":6.81,"u":"6,81 €/KG","img":"https://fd1-photos.leclercdrive.fr/image.ashx?id=2407967&use=l&cat=p&typeid=i","cat":284672},{"id":194296,"n":"Bloc de fromage Leerdammer Le Moelleux - 250g","p":3.7,"u":"14,80 €/KG","img":"https://fd1-photos.leclercdrive.fr/image.ashx?id=2421606&use=l&cat=p&typeid=i","cat":314034},{"id":194297,"n":"Tranches de fromage Leerdammer L'Original - 8 Tranches - 200g","p":2.5,"u":"12,50 €/KG","img":"https://fd1-photos.leclercdrive.fr/image.ashx?id=2489199&use=l&cat=p&typeid=i","cat":314028},{"id":194298,"n":"Tranches de fromage Leerdammer L'Original - 16 Tranches - 400g","p":4.76,"u":"11,90 €/KG","img":"https://fd1-photos.leclercdrive.fr/image.ashx?id=2489196&use=l&cat=p&typeid=i","cat":314028},{"id":194299,"n":"Tranches de fromage Leerdammer Le Moelleux-10 Tranches-250g","p":3.97,"u":"15,88 €/KG","img":"https://fd1-photos.leclercdrive.fr/image.ashx?id=2507599&use=l&cat=p&typeid=i","cat":314028},{"id":194302,"n":"Tranches de fromage Leerdammer Le Moelleux - 6 Tranches - 150g","p":2.59,"u":"17,27 €/KG","img":"https://fd1-photos.leclercdrive.fr/image.ashx?id=2507590&use=l&cat=p&typeid=i","cat":314028},{"id":194310,"n":"Bonbons KINDER Schoko-Bons Chocolat blanc - 200G","p":3.73,"u":"18,65 €/KG","img":"https://fd1-photos.leclercdrive.fr/image.ashx?id=2406265&use=l&cat=p&typeid=i","cat":304238},{"id":194699,"n":"Lait Corps Nourissant Mixa Effet Soleil - 250ml","p":4.59,"u":"18,36 €/L","img":"https://fd1-photos.leclercdrive.fr/image.ashx?id=2409379&use=l&cat=p&typeid=i","cat":325349},{"id":195960,"n":"Coton-tiges bébé Mots d'Enfants Bio - x60","p":0.65,"u":"0,01 €/P","img":"https://fd1-photos.leclercdrive.fr/image.ashx?id=3015129&use=l&cat=p&typeid=i","cat":284739},{"id":195965,"n":"Mascara waterproof Maybelline Sky High volume & longueur Noir","p":8.95,"pp":5.91,"img":"https://fd1-photos.leclercdrive.fr/image.ashx?id=2833153&use=l&cat=p&typeid=i","cat":287029},{"id":195972,"n":"Mascara L'Oréal Paris  Pro XXL effet rehaussement cils","p":13.85,"img":"https://fd1-photos.leclercdrive.fr/image.ashx?id=2412837&use=l&cat=p&typeid=i","cat":287029},{"id":195981,"n":"Liquide vaisselle Excel Paic Anti-odeur actif à froid -500ml","p":1.97,"u":"3,94 €/L","img":"https://fd1-photos.leclercdrive.fr/image.ashx?id=2413176&use=l&cat=p&typeid=i","cat":284655},{"id":195985,"n":"Mascara Volume L'Oréal Paris Pro Xxl Effet Faux Cils","p":12.79,"img":"https://fd1-photos.leclercdrive.fr/image.ashx?id=2412840&use=l&cat=p&typeid=i","cat":287029},{"id":196175,"n":"Capsules Starbucks by Nespresso  House Blend Int 8 - x18","p":6.05,"u":"58,74 €/KG","img":"https://fd1-photos.leclercdrive.fr/image.ashx?id=3009113&use=l&cat=p&typeid=i","cat":284749},{"id":196266,"n":"Mousse à Raser 0% Alcool Mennen Peaux sensibles - 250ml","p":2.25,"u":"9,00 €/L","img":"https://fd1-photos.leclercdrive.fr/image.ashx?id=2661733&use=l&cat=p&typeid=i","cat":284617},{"id":196267,"n":"Mousse à Raser 0% Alcool Mennen Hypoallergénique - 250ml","p":2.25,"u":"9,00 €/L","img":"https://fd1-photos.leclercdrive.fr/image.ashx?id=2661736&use=l&cat=p&typeid=i","cat":284617},{"id":196278,"n":"Crème à récurer CIF Citron CleanBoost 101 Usages 750ml","p":2.69,"u":"3,59 €/L","img":"https://fd1-photos.leclercdrive.fr/image.ashx?id=2948540&use=l&cat=p&typeid=i","cat":325357},{"id":196319,"n":"Jambon supérieur Eco+ Avec couenne 4 tranches - 160g","p":1.43,"u":"8,94 €/KG","img":"https://fd1-photos.leclercdrive.fr/image.ashx?id=2706550&use=l&cat=p&typeid=i","cat":316009},{"id":196321,"n":"Jambon supérieur Eco+ Sans couenne 6 tranches - 240g","p":2.09,"u":"8,71 €/KG","img":"https://fd1-photos.leclercdrive.fr/image.ashx?id=2706556&use=l&cat=p&typeid=i","cat":316009},{"id":196372,"n":"Boîte de chocolats Kinder Happy Moments - 231g","p":6.37,"u":"27,58 €/KG","img":"https://fd1-photos.leclercdrive.fr/image.ashx?id=3011899&use=l&cat=p&typeid=i","cat":327592},{"id":196374,"n":"Bueno eggs kinder Chocolat - 140g","p":5.48,"u":"39,14 €/KG","img":"https://fd1-photos.leclercdrive.fr/image.ashx?id=2764353&use=l&cat=p&typeid=i","cat":327592},{"id":196378,"n":"Boîte chocolats Ferrero Rocher x16 pralines - 200g","p":5.78,"u":"28,90 €/KG","img":"https://fd1-photos.leclercdrive.fr/image.ashx?id=2963841&use=l&cat=p&typeid=i","cat":327600},{"id":196379,"n":"Boîte chocolats Ferrero Rocher x30 pralines - 375g","p":8.88,"u":"23,68 €/KG","img":"https://fd1-photos.leclercdrive.fr/image.ashx?id=2938091&use=l&cat=p&typeid=i","cat":327600},{"id":196383,"n":"Assortiment Etoile Delacre Biscuits - 454g","p":9.81,"u":"21,61 €/KG","img":"https://fd1-photos.leclercdrive.fr/image.ashx?id=2946919&use=l&cat=p&typeid=i","cat":284490},{"id":196422,"n":"Mini roc  Côte d'Or Mix - 279g","p":10.78,"u":"38,64 €/KG","img":"https://fd1-photos.leclercdrive.fr/image.ashx?id=2792945&use=l&cat=p&typeid=i","cat":327595},{"id":196423,"n":"Mini roc Côte d'Or Mix - 195g","p":7.98,"u":"40,92 €/KG","img":"https://fd1-photos.leclercdrive.fr/image.ashx?id=2427491&use=l&cat=p&typeid=i","cat":327595},{"id":196431,"n":"Beurre Nature de Breton  Demi-sel - 80% MG - 250g","p":2.7,"u":"10,80 €/KG","img":"https://fd1-photos.leclercdrive.fr/image.ashx?id=2872042&use=l&cat=p&typeid=i","cat":284379},{"id":196439,"n":"Beurre Nature de Breton Doux - 82% MG - 250g","p":2.67,"u":"10,68 €/KG","img":"https://fd1-photos.leclercdrive.fr/image.ashx?id=2872039&use=l&cat=p&typeid=i","cat":284379},{"id":196452,"n":"Authentique Revillon  Pralinés - 360g","p":10.48,"u":"29,11 €/KG","img":"https://fd1-photos.leclercdrive.fr/image.ashx?id=2662000&use=l&cat=p&typeid=i","cat":327597},{"id":196457,"n":"Moulage chocolat petit biscuit Rohan - 80g","p":2.64,"u":"33,00 €/KG","img":"https://fd1-photos.leclercdrive.fr/image.ashx?id=2484197&use=l&cat=p&typeid=i","cat":327592},{"id":196564,"n":"AOP Vin blanc pinot gris Henri Ehrhart 75cl","p":7.1,"u":"9,47 €/L","img":"https://fd1-photos.leclercdrive.fr/image.ashx?id=2814551&use=l&cat=p&typeid=i","cat":289557},{"id":196566,"n":"Fromage de Chèvre Chavroux Frais Nature - 150g","p":1.96,"u":"13,07 €/KG","img":"https://fd1-photos.leclercdrive.fr/image.ashx?id=2912161&use=l&cat=p&typeid=i","cat":314031},{"id":196616,"n":"Déodorant bille 24h Adidas Instant cool - 50ml","p":3.27,"u":"65,40 €/L","img":"https://fd1-photos.leclercdrive.fr/image.ashx?id=2474644&use=l&cat=p&typeid=i","cat":284618},{"id":196617,"n":"Déodorant spray 24h Adidas Compressé - Instant cool -100ml","p":3.76,"u":"37,60 €/L","img":"https://fd1-photos.leclercdrive.fr/image.ashx?id=2474647&use=l&cat=p&typeid=i","cat":284618},{"id":196647,"n":"Spray dégraissant Chanteclair Universel Marseille - 600ml","p":2.16,"u":"3,60 €/L","img":"https://fd1-photos.leclercdrive.fr/image.ashx?id=2419743&use=l&cat=p&typeid=i","cat":325357},{"id":196649,"n":"Spray dégraissant Chanteclair Bicarbonate - 600ml","p":2.33,"u":"3,88 €/L","img":"https://fd1-photos.leclercdrive.fr/image.ashx?id=2419749&use=l&cat=p&typeid=i","cat":325357},{"id":196651,"n":"Spray dégraissant Chanteclair Antibactérien - 600ml","p":2.44,"u":"4,07 €/L","img":"https://fd1-photos.leclercdrive.fr/image.ashx?id=2419740&use=l&cat=p&typeid=i","cat":325357},{"id":196686,"n":"Pizza Numero Uno Italpizza Prosciutto & Funghi - 440g","p":3.44,"u":"7,82 €/KG","img":"https://fd1-photos.leclercdrive.fr/image.ashx?id=2419758&use=l&cat=p&typeid=i","cat":284256},{"id":196688,"n":"Pizza Numero Uno Italpizza Salamino - 410g","p":3.6,"u":"8,78 €/KG","img":"https://fd1-photos.leclercdrive.fr/image.ashx?id=2419755&use=l&cat=p&typeid=i","cat":284256},{"id":196689,"n":"Pizza Numero Uno Italpizza Tonno e Cipolla - 410g","p":3.11,"u":"7,59 €/KG","img":"https://fd1-photos.leclercdrive.fr/image.ashx?id=2419764&use=l&cat=p&typeid=i","cat":284256},{"id":196824,"n":"Palets Sainte Lucie Chocolat noir - 125g","p":3.0,"u":"24,00 €/KG","img":"https://fd1-photos.leclercdrive.fr/image.ashx?id=2421141&use=l&cat=p&typeid=i","cat":284504},{"id":196831,"n":"Mélange d'herbes Sainte Lucie Saveur du potager - 22g","p":3.52,"u":"160,00 €/KG","img":"https://fd1-photos.leclercdrive.fr/image.ashx?id=2421150&use=l&cat=p&typeid=i","cat":298297},{"id":196857,"n":"Ramen avec sauce soja Oyakata 63g","p":1.49,"u":"23,65 €/KG","img":"https://fd1-photos.leclercdrive.fr/image.ashx?id=2536161&use=l&cat=p&typeid=i","cat":288992},{"id":196915,"n":"Liqueur Cordon rouge  Grand Marnier 40%vol - 70cl","p":27.68,"u":"39,54 €/L","img":"https://fd1-photos.leclercdrive.fr/image.ashx?id=2431716&use=l&cat=p&typeid=i","cat":286032},{"id":196965,"n":"Liqueur de menthe Get 27 17,9° - 70cl","p":11.98,"u":"17,11 €/L","img":"https://fd1-photos.leclercdrive.fr/image.ashx?id=2835565&use=l&cat=p&typeid=i","cat":286032},{"id":196989,"n":"Assortiment compotes x Materne  Pomme Poire banane mangue 100g","p":6.19,"u":"3,87 €/KG","img":"https://fd1-photos.leclercdrive.fr/image.ashx?id=2721595&use=l&cat=p&typeid=i","cat":284508},{"id":196994,"n":"Masque capillaire Bear Fruit Coconut - 20ml","p":6.17,"u":"308,50 €/L","img":"https://fd1-photos.leclercdrive.fr/image.ashx?id=2685393&use=l&cat=p&typeid=i","cat":284608},{"id":196996,"n":"Masque capillaire Bear Fruit Coconut - 3x20ml","p":4.9,"u":"81,67 €/L","img":"https://fd1-photos.leclercdrive.fr/image.ashx?id=2469472&use=l&cat=p&typeid=i","cat":284608},{"id":197127,"n":"Mangue séchée Seeberger 100g","p":4.06,"u":"40,60 €/KG","img":"https://fd1-photos.leclercdrive.fr/image.ashx?id=2950654&use=l&cat=p&typeid=i","cat":284357},{"id":197163,"n":"Traîneau chocolat œuf Kinder Blanc - 75g","p":3.23,"u":"43,07 €/KG","img":"https://fd1-photos.leclercdrive.fr/image.ashx?id=2426812&use=l&cat=p&typeid=i","cat":327592},{"id":197174,"n":"Colle Super glue 3 Loctite Power gel - 3x1g","p":4.48,"u":"1,49 €/P","img":"https://fd1-photos.leclercdrive.fr/image.ashx?id=2425682&use=l&cat=p&typeid=i","cat":300576},{"id":197242,"n":"Oranges à jus Panier du Primeur Filet 2kg","p":3.39,"u":"1,70 €/KG","img":"https://fd1-photos.leclercdrive.fr/image.ashx?id=2414570&use=l&cat=p&typeid=i","cat":284356},{"id":197277,"n":"Orange à déguster bio Bio Village Sachet x4","p":2.79,"u":"0,70 €/P","img":"https://fd1-photos.leclercdrive.fr/image.ashx?id=2801061&use=l&cat=p&typeid=i","cat":284356},{"id":197349,"n":"Gousse de vanille Sainte Lucie Bourbon de Madagascar - 6g","p":4.36,"u":"726,67 €/KG","img":"https://fd1-photos.leclercdrive.fr/image.ashx?id=2731507&use=l&cat=p&typeid=i","cat":284504},{"id":197362,"n":"Nouilles japonaises Nissin Poulet à l'asiatique - 63G","p":1.99,"u":"31,59 €/KG","img":"https://fd1-photos.leclercdrive.fr/image.ashx?id=2425913&use=l&cat=p&typeid=i","cat":288992},{"id":197444,"n":"Friandise pour chat Dentalife Chat adulte - Poulet - 140g","p":4.42,"u":"31,57 €/KG","img":"https://fd1-photos.leclercdrive.fr/image.ashx?id=2901127&use=l&cat=p&typeid=i","cat":285285},{"id":197446,"n":"Chocolat Toblerone Noir - 360g","p":11.68,"u":"32,44 €/KG","img":"https://fd1-photos.leclercdrive.fr/image.ashx?id=2427506&use=l&cat=p&typeid=i","cat":284498},{"id":197537,"n":"Miel de forêt de France Les Compagnons du Miel - 375g","p":6.18,"u":"16,48 €/KG","img":"https://fd1-photos.leclercdrive.fr/image.ashx?id=2860313&use=l&cat=p&typeid=i","cat":287643},{"id":197625,"n":"Tablette de chocolat noir Lindt 3x100g","p":4.41,"u":"14,70 €/KG","img":"https://fd1-photos.leclercdrive.fr/image.ashx?id=2721422&use=l&cat=p&typeid=i","cat":284956},{"id":197628,"n":"Gousse de vanille Sainte-Lucie Papouasie x1","p":2.85,"img":"https://fd1-photos.leclercdrive.fr/image.ashx?id=2427967&use=l&cat=p&typeid=i","cat":284504},{"id":197637,"n":"Sainte Lucie Persillade Provençale - 19g","p":1.68,"u":"88,42 €/KG","img":"https://fd1-photos.leclercdrive.fr/image.ashx?id=2427973&use=l&cat=p&typeid=i","cat":298297},{"id":197638,"n":"Coriandre poudre Sainte Lucie 30g","p":2.07,"u":"69,00 €/KG","img":"https://fd1-photos.leclercdrive.fr/image.ashx?id=2435186&use=l&cat=p&typeid=i","cat":298297},{"id":197713,"n":"Fromage à Tartiner St Môret  Nature - 500g","p":5.74,"u":"11,48 €/KG","img":"https://fd1-photos.leclercdrive.fr/image.ashx?id=2427991&use=l&cat=p&typeid=i","cat":314029},{"id":197905,"n":"Bloc foie gras de canard Jean Larnaudie - 200g","p":19.21,"u":"96,05 €/KG","img":"https://fd1-photos.leclercdrive.fr/image.ashx?id=2915838&use=l&cat=p&typeid=i","cat":316008},{"id":197930,"n":"Kiwi jaune Panier du Primeur x4","p":3.49,"u":"0,87 €/P","img":"https://fd1-photos.leclercdrive.fr/image.ashx?id=2928303&use=l&cat=p&typeid=i","cat":284356},{"id":198050,"n":"Cancoillotte nature Badoz 7.5% MG - 220g","p":2.18,"u":"9,91 €/KG","img":"https://fd1-photos.leclercdrive.fr/image.ashx?id=2435318&use=l&cat=p&typeid=i","cat":314037},{"id":198051,"n":"Cancoillotte à l'Ail Badoz  7.5% MG - 220g","p":2.18,"u":"9,91 €/KG","img":"https://fd1-photos.leclercdrive.fr/image.ashx?id=2438966&use=l&cat=p&typeid=i","cat":314037},{"id":198054,"n":"AOP vin rouge Bordeaux  Mouton Cadet - 1.5L","p":21.21,"u":"14,14 €/L","img":"https://fd1-photos.leclercdrive.fr/image.ashx?id=2986395&use=l&cat=p&typeid=i","cat":289556},{"id":198268,"n":"Gin Bombay Citron Pressé 37,5° - 70cl","p":24.49,"u":"34,99 €/L","img":"https://fd1-photos.leclercdrive.fr/image.ashx?id=2842951&use=l&cat=p&typeid=i","cat":284550},{"id":198319,"n":"Boisson énergisante Monster Mango loco - 4x50cl","p":5.4,"u":"2,70 €/L","img":"https://fd1-photos.leclercdrive.fr/image.ashx?id=2983465&use=l&cat=p&typeid=i","cat":284533},{"id":198338,"n":"Confiture Douceur du Verger Fraise intense - 320 g","p":1.42,"u":"4,44 €/KG","img":"https://fd1-photos.leclercdrive.fr/image.ashx?id=2965605&use=l&cat=p&typeid=i","cat":284480},{"id":198348,"n":"Confiture Douceur du Verger Abricot intense - 320 g","p":1.42,"u":"4,44 €/KG","img":"https://fd1-photos.leclercdrive.fr/image.ashx?id=2965608&use=l&cat=p&typeid=i","cat":284480},{"id":198349,"n":"Confiture Douceur du Verger Myrtille intense - 320g","p":1.99,"u":"6,22 €/KG","img":"https://fd1-photos.leclercdrive.fr/image.ashx?id=2965611&use=l&cat=p&typeid=i","cat":284480},{"id":198355,"n":"Confiture Douceur du Verger Framboise intense - 320g","p":2.1,"u":"6,56 €/KG","img":"https://fd1-photos.leclercdrive.fr/image.ashx?id=2965614&use=l&cat=p&typeid=i","cat":284480},{"id":198356,"n":"Confiture Douceur du Verger 3 agrumes Intense - 320g","p":1.66,"u":"5,19 €/KG","img":"https://fd1-photos.leclercdrive.fr/image.ashx?id=2966376&use=l&cat=p&typeid=i","cat":284480},{"id":198522,"n":"Haricots vert Bio Village Bio - 180g","p":1.99,"u":"11,06 €/KG","img":"https://fd1-photos.leclercdrive.fr/image.ashx?id=3002713&use=l&cat=p&typeid=i","cat":312606},{"id":198523,"n":"Desserts Lactés P'TIT ONCTUEUX Fromage blanc 6M+ - 4x90g","p":2.11,"u":"5,86 €/KG","img":"https://fd1-photos.leclercdrive.fr/image.ashx?id=2435707&use=l&cat=p&typeid=i","cat":312392},{"id":198532,"n":"Soupe liquide Bouteille Liebig  Mouliné légumes du potager 75cl","p":2.91,"u":"3,88 €/L","img":"https://fd1-photos.leclercdrive.fr/image.ashx?id=2435899&use=l&cat=p&typeid=i","cat":284462},{"id":198535,"n":"Velouté Knorr Légumes français -1L","p":2.97,"u":"2,97 €/L","img":"https://fd1-photos.leclercdrive.fr/image.ashx?id=2435935&use=l&cat=p&typeid=i","cat":284462},{"id":198582,"n":"Desserts Lactés P'TIT ONCTUEUX Mangue ananas 6M+ - 4x90g","p":1.91,"u":"5,31 €/KG","img":"https://fd1-photos.leclercdrive.fr/image.ashx?id=2435932&use=l&cat=p&typeid=i","cat":312392},{"id":198623,"n":"Capsules Nescafé Dolce Gusto  Double Espresso - x16","p":4.56,"u":"33,53 €/KG","img":"https://fd1-photos.leclercdrive.fr/image.ashx?id=2687245&use=l&cat=p&typeid=i","cat":293239},{"id":198794,"n":"Protège-slips Doulys Ultra-mince Long - x30","p":1.25,"u":"0,04 €/P","img":"https://fd1-photos.leclercdrive.fr/image.ashx?id=2882343&use=l&cat=p&typeid=i","cat":284625},{"id":198806,"n":"Fromage pour Tartiflette Président - 480g","p":5.64,"u":"11,75 €/KG","img":"https://fd1-photos.leclercdrive.fr/image.ashx?id=2757018&use=l&cat=p&typeid=i","cat":314037},{"id":198808,"n":"Croustillants cheddar Président 6 pièces - 150g","p":3.39,"u":"22,60 €/KG","img":"https://fd1-photos.leclercdrive.fr/image.ashx?id=2856079&use=l&cat=p&typeid=i","cat":314027},{"id":198835,"n":"Gel à raser Satin Care Gillette Nettoyant 2 en 1 - 190ML","p":11.59,"u":"61,00 €/L","img":"https://fd1-photos.leclercdrive.fr/image.ashx?id=2529132&use=l&cat=p&typeid=i","cat":325352},{"id":198920,"n":"Lames de rasoir GilletteLabs x4","p":23.94,"u":"5,99 €/P","img":"https://fd1-photos.leclercdrive.fr/image.ashx?id=2437683&use=l&cat=p&typeid=i","cat":284616},{"id":198951,"n":"Rasoir GilletteLabs Barre exfoliante - 3 lames - x1","p":36.71,"img":"https://fd1-photos.leclercdrive.fr/image.ashx?id=2437011&use=l&cat=p&typeid=i","cat":284616},{"id":198959,"n":"Gel désodorisant Uni vert Lavande Eucalyptus","p":1.39,"img":"https://fd1-photos.leclercdrive.fr/image.ashx?id=2478934&use=l&cat=p&typeid=i","cat":311628},{"id":198968,"n":"Bloc wc javel Syphon eau bleue x2 - 100g","p":1.78,"u":"17,80 €/KG","img":"https://fd1-photos.leclercdrive.fr/image.ashx?id=2437005&use=l&cat=p&typeid=i","cat":284662},{"id":199018,"n":"AOC Beaumes de Venise rouge Grand Cardinal de Bonpas - 75cl","p":8.5,"pp":6.37,"u":"8,49 €/L","img":"https://fd1-photos.leclercdrive.fr/image.ashx?id=2830150&use=l&cat=p&typeid=i","cat":289556},{"id":199027,"n":"AOP Bordeaux supérieur vin Rouge Château de Goelane - 75cl","p":5.8,"u":"7,73 €/L","img":"https://fd1-photos.leclercdrive.fr/image.ashx?id=2438450&use=l&cat=p&typeid=i","cat":289556},{"id":199066,"n":"Escargots Bourgogne Label Rouge Recette Bourguignone x36 223g","p":18.9,"pp":12.47,"u":"55,92 €/KG","img":"https://fd1-photos.leclercdrive.fr/image.ashx?id=2628776&use=l&cat=p&typeid=i","cat":319775},{"id":199097,"n":"Chocolat Père Noel Kinder 160g","p":5.38,"u":"33,63 €/KG","img":"https://fd1-photos.leclercdrive.fr/image.ashx?id=2764308&use=l&cat=p&typeid=i","cat":327592},{"id":199134,"n":"Moulage chocolat Kinder Père Noel - 110g","p":3.68,"u":"33,45 €/KG","img":"https://fd1-photos.leclercdrive.fr/image.ashx?id=2438108&use=l&cat=p&typeid=i","cat":327592},{"id":199267,"n":"Bûche glacée Pilpa Douceur Citron Meringue 464g","p":5.27,"u":"11,36 €/KG","img":"https://fd1-photos.leclercdrive.fr/image.ashx?id=2751030&use=l&cat=p&typeid=i","cat":284266},{"id":199552,"n":"Dentifrice Elmex Anti-caries Original - 75ml","p":4.47,"u":"59,60 €/L","img":"https://fd1-photos.leclercdrive.fr/image.ashx?id=2852181&use=l&cat=p&typeid=i","cat":284612},{"id":199553,"n":"Dentifrice Elmex Sensitive Original - 75ml","p":4.7,"u":"62,67 €/L","img":"https://fd1-photos.leclercdrive.fr/image.ashx?id=2738404&use=l&cat=p&typeid=i","cat":284612},{"id":199554,"n":"Dentifrice Elmex Sensitive  Haleine fraîche - 75ml","p":3.82,"u":"50,93 €/L","img":"https://fd1-photos.leclercdrive.fr/image.ashx?id=2738407&use=l&cat=p&typeid=i","cat":284612},{"id":199559,"n":"Dentifrice Elmex Sensitive  Blancheur douce - 2x75ml","p":9.27,"u":"61,80 €/MT","img":"https://fd1-photos.leclercdrive.fr/image.ashx?id=2738425&use=l&cat=p&typeid=i","cat":284612},{"id":199579,"n":"Pâtes Fusilli Panzani 3x500g","p":2.68,"u":"1,79 €/KG","img":"https://fd1-photos.leclercdrive.fr/image.ashx?id=2877697&use=l&cat=p&typeid=i","cat":284427},{"id":199598,"n":"Désodorisant diffuseur Airwick  Active Fresh Vanille - 228ml","p":7.09,"u":"31,10 €/L","img":"https://fd1-photos.leclercdrive.fr/image.ashx?id=2864672&use=l&cat=p&typeid=i","cat":311629},{"id":200175,"n":"Plat bébé soir Blédiner 15 mois Pâtes légumes - 200g","p":2.36,"u":"11,80 €/KG","img":"https://fd1-photos.leclercdrive.fr/image.ashx?id=2866295&use=l&cat=p&typeid=i","cat":312239},{"id":200186,"n":"Ramen Cup Oyakata Porc Tonkotsu - 62g","p":1.63,"u":"26,29 €/KG","img":"https://fd1-photos.leclercdrive.fr/image.ashx?id=2536164&use=l&cat=p&typeid=i","cat":288992},{"id":200188,"n":"Ramen Cup Oyakata Poulet Shio - 63g","p":1.61,"u":"25,56 €/KG","img":"https://fd1-photos.leclercdrive.fr/image.ashx?id=2446128&use=l&cat=p&typeid=i","cat":288992},{"id":200202,"n":"Repas bébé Blédina 15 mois carotte haricot riz bœuf 200g","p":2.48,"u":"12,40 €/KG","img":"https://fd1-photos.leclercdrive.fr/image.ashx?id=2586586&use=l&cat=p&typeid=i","cat":312238},{"id":200218,"n":"Repas bébé Blédina 15 mois carotte pâte épices poulet 200g","p":2.36,"u":"11,80 €/KG","img":"https://fd1-photos.leclercdrive.fr/image.ashx?id=2951632&use=l&cat=p&typeid=i","cat":312238},{"id":200315,"n":"Olives Vertes dénoyautées Ail et fines herbes - 170g","p":2.14,"u":"12,59 €/KG","img":"https://fd1-photos.leclercdrive.fr/image.ashx?id=2733520&use=l&cat=p&typeid=i","cat":284450},{"id":200316,"n":"Olives Vertes dénoyautées Piment espelette - 170g","p":2.33,"u":"13,71 €/KG","img":"https://fd1-photos.leclercdrive.fr/image.ashx?id=2685913&use=l&cat=p&typeid=i","cat":284450},{"id":200317,"n":"Olives Vertes et noires  Dénoyautées - 170g","p":2.61,"u":"15,35 €/KG","img":"https://fd1-photos.leclercdrive.fr/image.ashx?id=2733511&use=l&cat=p&typeid=i","cat":284450},{"id":200318,"n":"Olives Vertes Dénoyautées Thym et Citron - 170g","p":1.93,"u":"11,35 €/KG","img":"https://fd1-photos.leclercdrive.fr/image.ashx?id=2733526&use=l&cat=p&typeid=i","cat":284450},{"id":200368,"n":"Tartines croustillantes Wasa Complet - 260g","p":2.43,"u":"9,35 €/KG","img":"https://fd1-photos.leclercdrive.fr/image.ashx?id=2448196&use=l&cat=p&typeid=i","cat":284479},{"id":200377,"n":"Plat bébé soir Blédîner 15 mois Légumes macaroni persil - 200g","p":2.38,"u":"11,90 €/KG","img":"https://fd1-photos.leclercdrive.fr/image.ashx?id=2866292&use=l&cat=p&typeid=i","cat":312239},{"id":200378,"n":"Repas bébé Blédina 15 mois Pâtes brocolis jambon - 200g","p":2.38,"u":"11,90 €/KG","img":"https://fd1-photos.leclercdrive.fr/image.ashx?id=2975104&use=l&cat=p&typeid=i","cat":312238},{"id":200714,"n":"Céréales Lion Nestlé   Triple Crunchy - 550g","p":4.84,"u":"8,80 €/KG","img":"https://fd1-photos.leclercdrive.fr/image.ashx?id=2893538&use=l&cat=p&typeid=i","cat":309513},{"id":200763,"n":"Gel lavant hydratant Sanytol Aloe vera Bio - 250ml","p":2.73,"u":"10,92 €/L","img":"https://fd1-photos.leclercdrive.fr/image.ashx?id=2905273&use=l&cat=p&typeid=i","cat":284597},{"id":200774,"n":"AIRWICK Recharge Active Fresh Désodorisant Vanille - 228ml","p":6.0,"u":"26,32 €/L","img":"https://fd1-photos.leclercdrive.fr/image.ashx?id=2864675&use=l&cat=p&typeid=i","cat":311629},{"id":200779,"n":"Nettoyant sol Vigor Désincrustant intense - 1L","p":3.18,"u":"3,18 €/L","img":"https://fd1-photos.leclercdrive.fr/image.ashx?id=2736160&use=l&cat=p&typeid=i","cat":284907},{"id":200995,"n":"Soupe Cup Noodles Nissin Saveur boeuf 5 épices - 64g","p":1.97,"u":"30,78 €/KG","img":"https://fd1-photos.leclercdrive.fr/image.ashx?id=2453643&use=l&cat=p&typeid=i","cat":288992},{"id":201017,"n":"Crêpes dentelles Bretagne NRT 120g","p":1.72,"u":"14,33 €/KG","img":"https://fd1-photos.leclercdrive.fr/image.ashx?id=2622359&use=l&cat=p&typeid=i","cat":284487},{"id":201192,"n":"Boisson fermentée désalcoolisée Rouge - à base de raisin - 75cl","p":3.39,"u":"4,52 €/L","img":"https://fd1-photos.leclercdrive.fr/image.ashx?id=2477664&use=l&cat=p&typeid=i","cat":284549},{"id":201193,"n":"Boisson fermentée désalcoolisée Rosé - à base de raisin - 75cl","p":3.29,"u":"4,39 €/L","img":"https://fd1-photos.leclercdrive.fr/image.ashx?id=2477667&use=l&cat=p&typeid=i","cat":284549},{"id":201207,"n":"Miel Crémeux Bio - La ruche aux délices 375g","p":4.68,"u":"12,48 €/KG","img":"https://fd1-photos.leclercdrive.fr/image.ashx?id=2455900&use=l&cat=p&typeid=i","cat":287643},{"id":201227,"n":"Boisson pétillante sans alcool Bio - Listel Pêche - 75cl","p":3.46,"u":"4,61 €/L","img":"https://fd1-photos.leclercdrive.fr/image.ashx?id=2732419&use=l&cat=p&typeid=i","cat":289460},{"id":201228,"n":"Boisson pétillante sans alcool Bio - Listel Raisin - 75cl","p":3.55,"u":"4,73 €/L","img":"https://fd1-photos.leclercdrive.fr/image.ashx?id=2455921&use=l&cat=p&typeid=i","cat":284549},{"id":201229,"n":"Boisson pétillante sans alcool Bio - Listel Framboise - 75cl","p":3.76,"u":"5,01 €/L","img":"https://fd1-photos.leclercdrive.fr/image.ashx?id=2732422&use=l&cat=p&typeid=i","cat":284549},{"id":201298,"n":"Fromage enfant La Vache qui rit Original 12P à tartiner - 192g","p":2.54,"u":"13,23 €/KG","img":"https://fd1-photos.leclercdrive.fr/image.ashx?id=2945442&use=l&cat=p&typeid=i","cat":314030},{"id":201300,"n":"Fromage enfant La Vache qui rit Original 32P à tartiner - 512g","p":4.79,"u":"9,36 €/KG","img":"https://fd1-photos.leclercdrive.fr/image.ashx?id=2945448&use=l&cat=p&typeid=i","cat":314030},{"id":201341,"n":"Iceberg Eco+","p":0.99,"img":"https://fd1-photos.leclercdrive.fr/image.ashx?id=2715747&use=l&cat=p&typeid=i","cat":284352},{"id":201461,"n":"Terrine de campagne bio Piment d’Espelette - 180g","p":2.99,"u":"16,61 €/KG","img":"https://fd1-photos.leclercdrive.fr/image.ashx?id=2460421&use=l&cat=p&typeid=i","cat":305149},{"id":201483,"n":"Bières Kronembourg 25cl","p":0.71,"u":"2,84 €/L","img":"https://fd1-photos.leclercdrive.fr/image.ashx?id=2992753&use=l&cat=p&typeid=i","cat":334873},{"id":201571,"n":"Viande bovine Bourguignon ** à mijoter - 500g","p":6.79,"u":"13,58 €/KG","img":"https://fd1-photos.leclercdrive.fr/image.ashx?id=2930933&use=l&cat=p&typeid=i","cat":284328},{"id":201597,"n":"Infusion Ethiquable Bio Menthe poivrée - 30g","p":2.98,"u":"99,33 €/KG","img":"https://fd1-photos.leclercdrive.fr/image.ashx?id=2461749&use=l&cat=p&typeid=i","cat":293234},{"id":201600,"n":"Capsules Café Carte Noire  Puissant n°11 x30 - 165g","p":9.4,"u":"56,97 €/KG","img":"https://fd1-photos.leclercdrive.fr/image.ashx?id=2873444&use=l&cat=p&typeid=i","cat":284749},{"id":201688,"n":"Beurre plaquette Eco+ Doux - 60% MG  - 200g","p":1.45,"u":"7,25 €/KG","img":"https://fd1-photos.leclercdrive.fr/image.ashx?id=2794187&use=l&cat=p&typeid=i","cat":284379},{"id":201689,"n":"Café capsules Plantation Lungo -","p":5.15,"u":"33,01 €/KG","img":"https://fd1-photos.leclercdrive.fr/image.ashx?id=2860085&use=l&cat=p&typeid=i","cat":284749},{"id":201693,"n":"Frites Crousti Express Findus Micro-ondes Classique 2x100g","p":1.67,"u":"8,35 €/KG","img":"https://fd1-photos.leclercdrive.fr/image.ashx?id=2648271&use=l&cat=p&typeid=i","cat":319791},{"id":201702,"n":"Bière Leffe Ruby 5% - 6x25cl","p":5.57,"u":"3,71 €/L","img":"https://fd1-photos.leclercdrive.fr/image.ashx?id=2811581&use=l&cat=p&typeid=i","cat":334878},{"id":201706,"n":"Bière Leffe Ruby 5% - 12x25cl","p":9.27,"u":"3,09 €/L","img":"https://fd1-photos.leclercdrive.fr/image.ashx?id=2813008&use=l&cat=p&typeid=i","cat":334878},{"id":201708,"n":"Spray Solaire Garnier Hypoallergénique SPF50+ - 150ml","p":9.1,"u":"60,67 €/L","img":"https://fd1-photos.leclercdrive.fr/image.ashx?id=2572272&use=l&cat=p&typeid=i","cat":325355},{"id":201721,"n":"Brume Solaire SPF50+ Garnier Très Haute Protection - 150ml","p":10.67,"u":"71,13 €/L","img":"https://fd1-photos.leclercdrive.fr/image.ashx?id=2572269&use=l&cat=p&typeid=i","cat":325355},{"id":201725,"n":"Lait Solaire SPF50+ Garnier Hypoallergénique - 175ml","p":10.97,"u":"62,69 €/L","img":"https://fd1-photos.leclercdrive.fr/image.ashx?id=2569728&use=l&cat=p&typeid=i","cat":325355},{"id":201726,"n":"Spray Solaire Enfants Garnier Hypoallergénique SPF50+ - 150ml","p":11.63,"u":"77,53 €/L","img":"https://fd1-photos.leclercdrive.fr/image.ashx?id=2552847&use=l&cat=p&typeid=i","cat":325355},{"id":201728,"n":"Brume solaire Ambre Solaire  Enfant SPF50+ - 150ml","p":11.41,"u":"76,07 €/MT","img":"https://fd1-photos.leclercdrive.fr/image.ashx?id=2572266&use=l&cat=p&typeid=i","cat":325355},{"id":201745,"n":"Fondant Crousti Nat Choco-noisettes - 340g","p":3.36,"u":"9,88 €/KG","img":"https://fd1-photos.leclercdrive.fr/image.ashx?id=2463143&use=l&cat=p&typeid=i","cat":309513},{"id":201747,"n":"Thé vert Lipton Fleur d'oranger - x20 - 30g","p":2.57,"u":"85,67 €/KG","img":"https://fd1-photos.leclercdrive.fr/image.ashx?id=2463398&use=l&cat=p&typeid=i","cat":293233},{"id":201757,"n":"Capsules Starbucks by Nespresso  Sunny Day Blend Int 5 - x10","p":4.09,"u":"0,41 €/P","img":"https://fd1-photos.leclercdrive.fr/image.ashx?id=2654086&use=l&cat=p&typeid=i","cat":284749},{"id":201765,"n":"Ambre Solaire Sérum Garnier Super UV SPF50+ - 30ml","p":10.54,"u":"351,33 €/L","img":"https://fd1-photos.leclercdrive.fr/image.ashx?id=2735374&use=l&cat=p&typeid=i","cat":325355},{"id":201772,"n":"Dentifrice Elmex Sensitive Blancheur douce - 75ml","p":4.7,"u":"62,67 €/L","img":"https://fd1-photos.leclercdrive.fr/image.ashx?id=2721187&use=l&cat=p&typeid=i","cat":284612},{"id":201774,"n":"Sous-vêtements nuit DryNites® Garçons 4-7 ans (17-30 kg) x16","p":12.31,"u":"0,77 €/P","img":"https://fd1-photos.leclercdrive.fr/image.ashx?id=2844727&use=l&cat=p&typeid=i","cat":290633},{"id":201775,"n":"Sous-vêtements nuit DryNites® Garçons 8-13 ans (30-48 kg) x13","p":11.85,"u":"0,91 €/P","img":"https://fd1-photos.leclercdrive.fr/image.ashx?id=2971314&use=l&cat=p&typeid=i","cat":290633},{"id":201776,"n":"Sous-vêtements nuit DryNites® Filles 8-13 ans (30-48 kg) x13","p":11.85,"u":"0,91 €/P","img":"https://fd1-photos.leclercdrive.fr/image.ashx?id=2844736&use=l&cat=p&typeid=i","cat":290633},{"id":201791,"n":"Soupe en sachets chat Felix Sélection de poissons - 6x48g","p":2.12,"u":"7,36 €/KG","img":"https://fd1-photos.leclercdrive.fr/image.ashx?id=2887251&use=l&cat=p&typeid=i","cat":285286},{"id":201792,"n":"Mousseline Purina Gourmet Thon nappé de sauce - 4x57g","p":3.12,"u":"13,68 €/KG","img":"https://fd1-photos.leclercdrive.fr/image.ashx?id=2899722&use=l&cat=p&typeid=i","cat":285601},{"id":201835,"n":"Pizza Crousti Moelleuse Marie Royale - 500g","p":3.96,"u":"7,92 €/KG","img":"https://fd1-photos.leclercdrive.fr/image.ashx?id=2996704&use=l&cat=p&typeid=i","cat":284256},{"id":201837,"n":"Protège-slips Doulys Ultra-mince normal - x45","p":0.87,"u":"0,02 €/P","img":"https://fd1-photos.leclercdrive.fr/image.ashx?id=2849590&use=l&cat=p&typeid=i","cat":284625},{"id":201915,"n":"Protège-slips Doulys Slip ou string - x45","p":1.61,"u":"0,04 €/P","img":"https://fd1-photos.leclercdrive.fr/image.ashx?id=2877466&use=l&cat=p&typeid=i","cat":284625},{"id":201934,"n":"Protège-slips Vania Confort Fresh - x56","p":2.49,"img":"https://fd1-photos.leclercdrive.fr/image.ashx?id=2735227&use=l&cat=p&typeid=i","cat":284625},{"id":201935,"n":"Protège-slips Confort Vania  Sans parfum - x56","p":2.54,"u":"0,05 €/P","img":"https://fd1-photos.leclercdrive.fr/image.ashx?id=2735230&use=l&cat=p&typeid=i","cat":284625},{"id":201942,"n":"Spray désinfectant Clair Multi-surfaces - 400ml","p":3.85,"u":"9,63 €/MT","img":"https://fd1-photos.leclercdrive.fr/image.ashx?id=2467682&use=l&cat=p&typeid=i","cat":325357},{"id":201945,"n":"Gel Douche Le Petit Marseillais  Lait de vanille - 250ml","p":1.61,"u":"6,44 €/L","img":"https://fd1-photos.leclercdrive.fr/image.ashx?id=2676096&use=l&cat=p&typeid=i","cat":284594},{"id":201946,"n":"Gel Douche Le Petit Marseillais Lait de vanille - 650 ml","p":3.34,"u":"5,14 €/L","img":"https://fd1-photos.leclercdrive.fr/image.ashx?id=2674794&use=l&cat=p&typeid=i","cat":284594},{"id":201947,"n":"Gel Douche Le Petit Marseillais Fleur de cerisie - 650ml","p":3.22,"u":"4,95 €/L","img":"https://fd1-photos.leclercdrive.fr/image.ashx?id=2676099&use=l&cat=p&typeid=i","cat":284594},{"id":201948,"n":"Gel Douche Le Petit Marseillais Abricot et noisette - 650ml","p":3.22,"u":"4,95 €/MT","img":"https://fd1-photos.leclercdrive.fr/image.ashx?id=2676102&use=l&cat=p&typeid=i","cat":284594},{"id":201949,"n":"Gel Douche Le Petit Marseillais Fleur d'oranger - 250ml","p":1.64,"u":"6,56 €/MT","img":"https://fd1-photos.leclercdrive.fr/image.ashx?id=2963397&use=l&cat=p&typeid=i","cat":284594},{"id":201950,"n":"Gel Douche Le Petit Marseillais Amande douce - 250ml","p":1.59,"u":"6,36 €/MT","img":"https://fd1-photos.leclercdrive.fr/image.ashx?id=2946592&use=l&cat=p&typeid=i","cat":284594},{"id":201951,"n":"Gel Douche Le Petit Marseillais Lait - 250ml","p":1.64,"u":"6,56 €/MT","img":"https://fd1-photos.leclercdrive.fr/image.ashx?id=2676108&use=l&cat=p&typeid=i","cat":284594},{"id":201952,"n":"Gel Douche Le Petit Marseillais Lait - 650ml","p":3.22,"u":"4,95 €/L","img":"https://fd1-photos.leclercdrive.fr/image.ashx?id=2676111&use=l&cat=p&typeid=i","cat":284594},{"id":201954,"n":"Gel Douche Le Petit Marseillais  Peche nectarine - 650ml","p":3.22,"u":"4,95 €/L","img":"https://fd1-photos.leclercdrive.fr/image.ashx?id=2676114&use=l&cat=p&typeid=i","cat":284594},{"id":201955,"n":"Gel Douche Le Petit Marseillais Olivier Tillieul - 650ml","p":3.84,"u":"5,91 €/MT","img":"https://fd1-photos.leclercdrive.fr/image.ashx?id=2676117&use=l&cat=p&typeid=i","cat":284594},{"id":201956,"n":"Gel Douche Le Petit Marseillais Verveine citron - 250ml","p":1.7,"u":"6,80 €/MT","img":"https://fd1-photos.leclercdrive.fr/image.ashx?id=2941769&use=l&cat=p&typeid=i","cat":284594},{"id":201957,"n":"Gel douche pamplemousse orange  Le Petit marseillais - 650ml","p":3.22,"u":"4,95 €/L","img":"https://fd1-photos.leclercdrive.fr/image.ashx?id=2676123&use=l&cat=p&typeid=i","cat":284594},{"id":201967,"n":"Bière blonde Corona 12x33cl","p":14.5,"u":"3,66 €/L","img":"https://fd1-photos.leclercdrive.fr/image.ashx?id=2544521&use=l&cat=p&typeid=i","cat":334873},{"id":201968,"n":"Bière blonde Corona Extra 4,5% - 6x33cl","p":7.85,"u":"3,96 €/L","img":"https://fd1-photos.leclercdrive.fr/image.ashx?id=2865452&use=l&cat=p&typeid=i","cat":334873},{"id":202048,"n":"Crème glacée Trium Caramel salé - 430g","p":3.75,"u":"8,72 €/KG","img":"https://fd1-photos.leclercdrive.fr/image.ashx?id=2469034&use=l&cat=p&typeid=i","cat":284725},{"id":202051,"n":"Crème glacée Trium Macadamia - 430g","p":4.3,"u":"10,00 €/KG","img":"https://fd1-photos.leclercdrive.fr/image.ashx?id=2469043&use=l&cat=p&typeid=i","cat":284725},{"id":202055,"n":"Crème glacée Trium Cookie Dough - 416g","p":3.24,"u":"7,79 €/KG","img":"https://fd1-photos.leclercdrive.fr/image.ashx?id=2469040&use=l&cat=p&typeid=i","cat":284725},{"id":202064,"n":"Fromage blanc nature Délisse 500g","p":1.29,"u":"2,58 €/KG","img":"https://fd1-photos.leclercdrive.fr/image.ashx?id=3012878&use=l&cat=p&typeid=i","cat":284409},{"id":202066,"n":"Fromage blanc nature Délisse 4x100g","p":0.97,"u":"2,43 €/KG","img":"https://fd1-photos.leclercdrive.fr/image.ashx?id=3012881&use=l&cat=p&typeid=i","cat":284409},{"id":202403,"n":"Pur jus Jardin Bio Multifruits - 75cl","p":3.02,"u":"4,03 €/L","img":"https://fd1-photos.leclercdrive.fr/image.ashx?id=2471862&use=l&cat=p&typeid=i","cat":284915},{"id":202405,"n":"Pur jus bio Jardin Bio Pomme pressée - 75cl","p":2.55,"u":"3,40 €/L","img":"https://fd1-photos.leclercdrive.fr/image.ashx?id=2471859&use=l&cat=p&typeid=i","cat":284915},{"id":202406,"n":"Pur jus d'orange Jardin Bio Bio - 75cl","p":3.24,"u":"4,32 €/L","img":"https://fd1-photos.leclercdrive.fr/image.ashx?id=2471865&use=l&cat=p&typeid=i","cat":284915},{"id":202448,"n":"Pomme de terre Princesse Amandine - 2kg","p":4.89,"u":"2,45 €/KG","img":"https://fd1-photos.leclercdrive.fr/image.ashx?id=1625739&use=l&cat=p&typeid=i","cat":284352},{"id":202481,"n":"Assortiment Raclette  600g","p":8.55,"u":"14,25 €/KG","img":"https://fd1-photos.leclercdrive.fr/image.ashx?id=2478943&use=l&cat=p&typeid=i","cat":314036},{"id":202482,"n":"Raclette nature 600g","p":7.79,"u":"12,98 €/KG","img":"https://fd1-photos.leclercdrive.fr/image.ashx?id=2478946&use=l&cat=p&typeid=i","cat":314036},{"id":202544,"n":"Gel douche Le Petit Marseillais Grenade - 250ml","p":1.65,"u":"6,60 €/L","img":"https://fd1-photos.leclercdrive.fr/image.ashx?id=2685126&use=l&cat=p&typeid=i","cat":284594},{"id":202545,"n":"Gel douche Le Petit Marseillais Fleur de Tiare - 250ml","p":1.61,"u":"6,44 €/L","img":"https://fd1-photos.leclercdrive.fr/image.ashx?id=2676093&use=l&cat=p&typeid=i","cat":284594},{"id":202546,"n":"Gel douche Le Petit Marseillais Mandarine - 250ml","p":1.54,"u":"6,16 €/L","img":"https://fd1-photos.leclercdrive.fr/image.ashx?id=2684527&use=l&cat=p&typeid=i","cat":284594},{"id":202547,"n":"Gel douche Le Petit Marseillais Mangue Passion - 250ml","p":1.64,"u":"6,56 €/L","img":"https://fd1-photos.leclercdrive.fr/image.ashx?id=2685189&use=l&cat=p&typeid=i","cat":284594},{"id":202549,"n":"Gel douche Le Petit Marseillais Argan et Karité - 250ml","p":1.65,"u":"6,60 €/L","img":"https://fd1-photos.leclercdrive.fr/image.ashx?id=2684539&use=l&cat=p&typeid=i","cat":284594},{"id":202593,"n":"Gel douche concentré Nateïs Matcha Gingembre - 100ml","p":1.62,"u":"16,20 €/L","img":"https://fd1-photos.leclercdrive.fr/image.ashx?id=2474008&use=l&cat=p&typeid=i","cat":284594},{"id":202623,"n":"Lentilles blondes Eco  500g","p":0.89,"u":"1,78 €/KG","img":"https://fd1-photos.leclercdrive.fr/image.ashx?id=3003744&use=l&cat=p&typeid=i","cat":284430},{"id":202647,"n":"Bière blonde Jenlain Pack 6x25cl","p":5.93,"u":"3,95 €/L","img":"https://fd1-photos.leclercdrive.fr/image.ashx?id=2474380&use=l&cat=p&typeid=i","cat":334852},{"id":202649,"n":"Bière blonde Jenlain 75 cl","p":2.7,"u":"3,60 €/L","img":"https://fd1-photos.leclercdrive.fr/image.ashx?id=2732851&use=l&cat=p&typeid=i","cat":334852},{"id":202733,"n":"Oignon jaune bio Bio village 1kg","p":2.79,"u":"2,79 €/KG","img":"https://fd1-photos.leclercdrive.fr/image.ashx?id=2922451&use=l&cat=p&typeid=i","cat":284352},{"id":202870,"n":"Sucrines bicolores Panier du Primeur x3","p":1.29,"u":"0,43 €/P","img":"https://fd1-photos.leclercdrive.fr/image.ashx?id=2477544&use=l&cat=p&typeid=i","cat":284352},{"id":202871,"n":"Coeur de sucrine  Panier du Primeur x6","p":2.29,"u":"0,76 €/P","img":"https://fd1-photos.leclercdrive.fr/image.ashx?id=2477547&use=l&cat=p&typeid=i","cat":284352},{"id":202879,"n":"Dos de cabillaud MSC Eco+ Sans peau et sans arête - 200g","p":4.97,"u":"24,85 €/KG","img":"https://fd1-photos.leclercdrive.fr/image.ashx?id=2714327&use=l&cat=p&typeid=i","cat":284342},{"id":202882,"n":"Filet de cabillaud MSC Eco+ Sans peau et sans arête - 200g","p":3.97,"u":"19,85 €/KG","img":"https://fd1-photos.leclercdrive.fr/image.ashx?id=2698558&use=l&cat=p&typeid=i","cat":284342},{"id":202888,"n":"Gel douche Adidas Active Start - 250ml","p":1.84,"u":"7,36 €/L","img":"https://fd1-photos.leclercdrive.fr/image.ashx?id=2990805&use=l&cat=p&typeid=i","cat":284619},{"id":202908,"n":"Skyr Yoplait  Nature 0%MG - 450G","p":2.31,"u":"5,13 €/KG","img":"https://fd1-photos.leclercdrive.fr/image.ashx?id=2884468&use=l&cat=p&typeid=i","cat":315000},{"id":202964,"n":"Plat individuel Korma Garbit - 300g","p":3.54,"u":"11,80 €/KG","img":"https://fd1-photos.leclercdrive.fr/image.ashx?id=2901911&use=l&cat=p&typeid=i","cat":284953},{"id":202966,"n":"Plat individuel Pad thaï Garbit - 300g","p":3.43,"u":"11,43 €/KG","img":"https://fd1-photos.leclercdrive.fr/image.ashx?id=2901908&use=l&cat=p&typeid=i","cat":284953},{"id":202968,"n":"Fromage blanc Lindahls Protein  Fraise Citron vert - 2x160g","p":2.19,"u":"13,69 €/KG","img":"https://fd1-photos.leclercdrive.fr/image.ashx?id=2870191&use=l&cat=p&typeid=i","cat":315000},{"id":202971,"n":"Fromage blanc Lindahls Protein  Stracciatella - 2x160g","p":2.23,"u":"13,94 €/KG","img":"https://fd1-photos.leclercdrive.fr/image.ashx?id=3007957&use=l&cat=p&typeid=i","cat":314999},{"id":203036,"n":"Gel douche Mixa Bébé  Très Doux Corps Cheveux - 300ml","p":3.05,"u":"10,17 €/L","img":"https://fd1-photos.leclercdrive.fr/image.ashx?id=2479318&use=l&cat=p&typeid=i","cat":284740},{"id":203037,"n":"Shampooing Mixa Bébé  Très Doux - 300ml","p":2.38,"u":"7,93 €/L","img":"https://fd1-photos.leclercdrive.fr/image.ashx?id=2479321&use=l&cat=p&typeid=i","cat":284740},{"id":203038,"n":"Shampooing démêlant Mixa Bébé Karité - 300ml","p":2.38,"u":"7,93 €/L","img":"https://fd1-photos.leclercdrive.fr/image.ashx?id=2478640&use=l&cat=p&typeid=i","cat":284740},{"id":203041,"n":"Lait de toilette Mixa Bébé  Très Doux - 300ml","p":2.46,"u":"8,20 €/L","img":"https://fd1-photos.leclercdrive.fr/image.ashx?id=2479324&use=l&cat=p&typeid=i","cat":284741},{"id":203042,"n":"Gel Toilette Intime Extra Doux Intima Natural Hamamélis 200ml","p":3.08,"u":"15,40 €/L","img":"https://fd1-photos.leclercdrive.fr/image.ashx?id=2959871&use=l&cat=p&typeid=i","cat":284627},{"id":203043,"n":"Gel Toilette Intime Régulateur Intima Natural Cranberry 200ml","p":3.3,"u":"16,50 €/L","img":"https://fd1-photos.leclercdrive.fr/image.ashx?id=2959874&use=l&cat=p&typeid=i","cat":284627},{"id":203051,"n":"Recharge Sense & Spray Glade Relaxing Zen - 18 ml","p":3.94,"u":"218,89 €/L","img":"https://fd1-photos.leclercdrive.fr/image.ashx?id=2634355&use=l&cat=p&typeid=i","cat":311629},{"id":203052,"n":"Recharge pour diffuseur Glade  Bois de Santal & Jasmin - 18ml","p":3.93,"u":"218,33 €/L","img":"https://fd1-photos.leclercdrive.fr/image.ashx?id=2634358&use=l&cat=p&typeid=i","cat":311629},{"id":203055,"n":"Diffuseur Automatic Spray Glade Sandalwood & Jasmine - 269 ml","p":9.09,"img":"https://fd1-photos.leclercdrive.fr/image.ashx?id=2866007&use=l&cat=p&typeid=i","cat":311629},{"id":203056,"n":"Recharge Touch & Fresh Glade Marine - 10 ml","p":3.46,"u":"346,00 €/L","img":"https://fd1-photos.leclercdrive.fr/image.ashx?id=2506609&use=l&cat=p&typeid=i","cat":311629},{"id":203057,"n":"Recharge Touch & Fresh Glade Muguet - 10ml","p":3.38,"u":"338,00 €/L","img":"https://fd1-photos.leclercdrive.fr/image.ashx?id=2506612&use=l&cat=p&typeid=i","cat":311629},{"id":203059,"n":"Recharge Touch & Fresh Glade Sandalwood & Jasmine - 10 ml","p":3.47,"u":"347,00 €/L","img":"https://fd1-photos.leclercdrive.fr/image.ashx?id=2914744&use=l&cat=p&typeid=i","cat":311629},{"id":203060,"n":"Diffuseur Touch & Fresh Glade Relaxing Zen - 10 ml","p":4.35,"u":"435,00 €/L","img":"https://fd1-photos.leclercdrive.fr/image.ashx?id=2914753&use=l&cat=p&typeid=i","cat":311629},{"id":203063,"n":"Gel désodorisant Glade  Longue durée - Muguet - x1","p":1.43,"img":"https://fd1-photos.leclercdrive.fr/image.ashx?id=2479429&use=l&cat=p&typeid=i","cat":311628},{"id":203089,"n":"Pizza au feu de bois Turini Chèvre et miel - 410g","p":2.65,"u":"6,46 €/KG","img":"https://fd1-photos.leclercdrive.fr/image.ashx?id=2816615&use=l&cat=p&typeid=i","cat":284256},{"id":203114,"n":"Miel de sapin du Jura Les Compagnons du Miel - 375g","p":8.21,"u":"21,89 €/KG","img":"https://fd1-photos.leclercdrive.fr/image.ashx?id=2865821&use=l&cat=p&typeid=i","cat":287643},{"id":203209,"n":"Petits plaisirs  Ferrero Rocher Chocolat - 126g","p":4.98,"u":"39,52 €/KG","img":"https://fd1-photos.leclercdrive.fr/image.ashx?id=2945008&use=l&cat=p&typeid=i","cat":327600},{"id":203396,"n":"Crème glacée Häagen-Dazs Chocolat macarons - 364g","p":5.72,"u":"14,30 €/KG","img":"https://fd1-photos.leclercdrive.fr/image.ashx?id=2893501&use=l&cat=p&typeid=i","cat":284725},{"id":203433,"n":"Gel douche Homme Adidas After Sport - 250ml","p":1.69,"u":"6,76 €/L","img":"https://fd1-photos.leclercdrive.fr/image.ashx?id=2990799&use=l&cat=p&typeid=i","cat":284619},{"id":203471,"n":"Banane Eco+ x4","p":0.79,"u":"0,20 €/P","img":"https://fd1-photos.leclercdrive.fr/image.ashx?id=2600252&use=l&cat=p&typeid=i","cat":284356},{"id":203476,"n":"Mâche Eco+ 125g","p":0.99,"img":"https://fd1-photos.leclercdrive.fr/image.ashx?id=2958305&use=l&cat=p&typeid=i","cat":284352},{"id":203596,"n":"Plat cuisiné Jardin Bio Bio Lentilles à l'indienne - 680g","p":4.08,"u":"6,00 €/KG","img":"https://fd1-photos.leclercdrive.fr/image.ashx?id=2811179&use=l&cat=p&typeid=i","cat":287600},{"id":203599,"n":"Infusion Jardin Bio Rooibos D'Afrique du sud Bio - x20 -36g","p":2.43,"u":"67,50 €/KG","img":"https://fd1-photos.leclercdrive.fr/image.ashx?id=2974384&use=l&cat=p&typeid=i","cat":293234},{"id":203600,"n":"Craquant avoine Jardin Bio Equitable bio - 133g","p":2.15,"u":"16,17 €/KG","img":"https://fd1-photos.leclercdrive.fr/image.ashx?id=2967217&use=l&cat=p&typeid=i","cat":284954},{"id":203601,"n":"Infusion Rooibos Jardin Bio Vanille Bio - 30g","p":2.44,"u":"81,33 €/KG","img":"https://fd1-photos.leclercdrive.fr/image.ashx?id=3000791&use=l&cat=p&typeid=i","cat":293234},{"id":203603,"n":"Petit gourmand bio Jardin Bio A la pâte à tartiner - 155g","p":2.68,"u":"17,29 €/KG","img":"https://fd1-photos.leclercdrive.fr/image.ashx?id=2990676&use=l&cat=p&typeid=i","cat":284488},{"id":203695,"n":"Huile de pépins de raisin Bouteille verre 75cl","p":5.75,"u":"7,67 €/L","img":"https://fd1-photos.leclercdrive.fr/image.ashx?id=2488434&use=l&cat=p&typeid=i","cat":284453},{"id":203783,"n":"Grilletine Pasquier Céréales et graines - 255g","p":2.14,"u":"8,39 €/KG","img":"https://fd1-photos.leclercdrive.fr/image.ashx?id=2642393&use=l&cat=p&typeid=i","cat":284479},{"id":203801,"n":"Dentifrice Parodontax Haleine gencives et Sensibilité 75ml","p":5.02,"u":"66,93 €/L","img":"https://fd1-photos.leclercdrive.fr/image.ashx?id=2487084&use=l&cat=p&typeid=i","cat":284612},{"id":203821,"n":"Boîte chien Pedigree  Cuisinés en sauce - 6x400g","p":8.37,"u":"3,49 €/KG","img":"https://fd1-photos.leclercdrive.fr/image.ashx?id=2849722&use=l&cat=p&typeid=i","cat":288578},{"id":203822,"n":"Boîte chien Pedigree Cuisinés en sauce - 4x400g","p":5.97,"u":"3,73 €/KG","img":"https://fd1-photos.leclercdrive.fr/image.ashx?id=2849719&use=l&cat=p&typeid=i","cat":288578},{"id":203823,"n":"Sachet fraicheur chat Whiskas Carte mixte en gelée - 48x85g","p":15.47,"u":"3,79 €/KG","img":"https://fd1-photos.leclercdrive.fr/image.ashx?id=2486916&use=l&cat=p&typeid=i","cat":285286},{"id":203824,"n":"Sachet fraicheur chat Whiskas Classiques en sauce - 24x85g","p":10.2,"u":"5,00 €/KG","img":"https://fd1-photos.leclercdrive.fr/image.ashx?id=2486913&use=l&cat=p&typeid=i","cat":285286},{"id":203826,"n":"Sachet fraicheur chat Whiskas Poissons en gelée - 12x85g","p":4.77,"u":"4,68 €/KG","img":"https://fd1-photos.leclercdrive.fr/image.ashx?id=2486910&use=l&cat=p&typeid=i","cat":285286},{"id":203828,"n":"Sachet repas chaton Whiskas Festins volaille gelée - 12x85g","p":5.46,"u":"5,35 €/KG","img":"https://fd1-photos.leclercdrive.fr/image.ashx?id=2487093&use=l&cat=p&typeid=i","cat":285286},{"id":203829,"n":"Gel Douche extra doux Lait Le Petit Marseillais 3x250ml","p":4.49,"u":"5,99 €/L","img":"https://fd1-photos.leclercdrive.fr/image.ashx?id=2487012&use=l&cat=p&typeid=i","cat":284594},{"id":203830,"n":"Gel Douche extra doux Amande Le Petit Marseillais 3x250ml","p":4.23,"u":"5,64 €/L","img":"https://fd1-photos.leclercdrive.fr/image.ashx?id=2763556&use=l&cat=p&typeid=i","cat":284594},{"id":203831,"n":"Gel Douche extra doux Vanille Le Petit Marseillais 3x250ml","p":4.79,"u":"6,39 €/L","img":"https://fd1-photos.leclercdrive.fr/image.ashx?id=2487006&use=l&cat=p&typeid=i","cat":284594},{"id":203832,"n":"Gel Douche extra doux Verveine Le Petit Marseillais 3x250ml","p":4.49,"u":"5,99 €/L","img":"https://fd1-photos.leclercdrive.fr/image.ashx?id=2763574&use=l&cat=p&typeid=i","cat":284594},{"id":203833,"n":"Gel Douche extra doux Orange Le Petit Marseillais 3x250ml","p":4.69,"u":"6,25 €/L","img":"https://fd1-photos.leclercdrive.fr/image.ashx?id=2763547&use=l&cat=p&typeid=i","cat":284594},{"id":203834,"n":"Gel Douche Extra-Doux le petit marseillais 3x250ml","p":4.63,"u":"6,17 €/L","img":"https://fd1-photos.leclercdrive.fr/image.ashx?id=2763565&use=l&cat=p&typeid=i","cat":284594},{"id":203839,"n":"Filet pour fruits et légumes coton bio 32x35cm x1","p":0.95,"img":"https://fd1-photos.leclercdrive.fr/image.ashx?id=2486781&use=l&cat=p&typeid=i","cat":284352},{"id":203912,"n":"Sérum apaisant Gillette  Peau et poils pubiens - 50ml","p":13.33,"u":"266,60 €/L","img":"https://fd1-photos.leclercdrive.fr/image.ashx?id=2490764&use=l&cat=p&typeid=i","cat":325352},{"id":203913,"n":"Exfoliant Venus Satin Care Peau et poils pubiens - 177ml","p":13.29,"u":"75,08 €/L","img":"https://fd1-photos.leclercdrive.fr/image.ashx?id=2490767&use=l&cat=p&typeid=i","cat":325352},{"id":204023,"n":"Sucrine Eco+ x2","p":0.89,"u":"0,45 €/P","img":"https://fd1-photos.leclercdrive.fr/image.ashx?id=2477535&use=l&cat=p&typeid=i","cat":284352},{"id":204050,"n":"Haricots vert Bio Village Bio 220g","p":1.49,"u":"6,77 €/KG","img":"https://fd1-photos.leclercdrive.fr/image.ashx?id=3002716&use=l&cat=p&typeid=i","cat":312606},{"id":204054,"n":"Thon entier Pèche Océan MSC 2x70g","p":1.59,"u":"11,36 €/KG","img":"https://fd1-photos.leclercdrive.fr/image.ashx?id=2942238&use=l&cat=p&typeid=i","cat":303867},{"id":204056,"n":"Céréales Spécial K Kellogg's Fruits rouges - 450g","p":3.88,"u":"8,62 €/KG","img":"https://fd1-photos.leclercdrive.fr/image.ashx?id=2775029&use=l&cat=p&typeid=i","cat":309512},{"id":204057,"n":"Céréales Spécial K Kellogg's Chocolat noir - 500g","p":3.88,"u":"7,76 €/KG","img":"https://fd1-photos.leclercdrive.fr/image.ashx?id=2692710&use=l&cat=p&typeid=i","cat":309512},{"id":204058,"n":"Céréales Special K Kellogg's Chocolat au Lait - 500g","p":3.89,"u":"7,78 €/KG","img":"https://fd1-photos.leclercdrive.fr/image.ashx?id=2692713&use=l&cat=p&typeid=i","cat":309512},{"id":204061,"n":"Mais Bio Village Bio - 285g","p":1.09,"u":"3,82 €/KG","img":"https://fd1-photos.leclercdrive.fr/image.ashx?id=3002719&use=l&cat=p&typeid=i","cat":312611},{"id":204065,"n":"Bouillon Knorr Saveur boeuf - 150g","p":1.19,"u":"7,93 €/KG","img":"https://fd1-photos.leclercdrive.fr/image.ashx?id=2866846&use=l&cat=p&typeid=i","cat":288379},{"id":204073,"n":"Fromage Fouetté Ail Fines Herbe à tartiner Les Croisés - 150g","p":1.53,"u":"10,20 €/KG","img":"https://fd1-photos.leclercdrive.fr/image.ashx?id=2933455&use=l&cat=p&typeid=i","cat":314029},{"id":204118,"n":"Sirop de cassis NRT De Bourgogne - 70cl","p":3.2,"u":"4,57 €/L","img":"https://fd1-photos.leclercdrive.fr/image.ashx?id=2590514&use=l&cat=p&typeid=i","cat":295020},{"id":204131,"n":"Nettoyant four Decapfour  Express - 500ml","p":3.55,"u":"7,10 €/L","img":"https://fd1-photos.leclercdrive.fr/image.ashx?id=2489719&use=l&cat=p&typeid=i","cat":325363},{"id":204157,"n":"Pâte feuilletée Herta Trésor de Grand-Mère  280g","p":1.69,"u":"6,04 €/KG","img":"https://fd1-photos.leclercdrive.fr/image.ashx?id=2833303&use=l&cat=p&typeid=i","cat":333681},{"id":204158,"n":"Pâte brisée Herta Trésor de Grand-Mère - 280g","p":1.76,"u":"6,29 €/KG","img":"https://fd1-photos.leclercdrive.fr/image.ashx?id=2833306&use=l&cat=p&typeid=i","cat":333681},{"id":204162,"n":"Boîte chien Pedigree Terrine - 6x400g","p":8.78,"img":"https://fd1-photos.leclercdrive.fr/image.ashx?id=2849725&use=l&cat=p&typeid=i","cat":288578},{"id":204164,"n":"Sachet fraicheur chat Whiskas Poissons en gelée - 24x85g","p":10.01,"u":"4,91 €/KG","img":"https://fd1-photos.leclercdrive.fr/image.ashx?id=2490200&use=l&cat=p&typeid=i","cat":285286},{"id":204167,"n":"Sachet chat senior Whiskas Festins volaille sauce - 12x85g","p":5.2,"u":"5,10 €/KG","img":"https://fd1-photos.leclercdrive.fr/image.ashx?id=2588999&use=l&cat=p&typeid=i","cat":285286},{"id":204169,"n":"Sachet fraicheur chat Whiskas Festins volaille gelée - 12x85g","p":4.87,"u":"4,77 €/KG","img":"https://fd1-photos.leclercdrive.fr/image.ashx?id=2490329&use=l&cat=p&typeid=i","cat":285286},{"id":204179,"n":"Sachet fraicheur chat Whiskas Tasty Mix en sauce - 40x85g","p":15.33,"u":"4,51 €/KG","img":"https://fd1-photos.leclercdrive.fr/image.ashx?id=2589488&use=l&cat=p&typeid=i","cat":285286},{"id":204180,"n":"Dentifrice Aquafresh  Menthe fraiche - 2x125ml","p":3.26,"u":"13,04 €/L","img":"https://fd1-photos.leclercdrive.fr/image.ashx?id=2895196&use=l&cat=p&typeid=i","cat":284612},{"id":204181,"n":"Dentifrice Aquafresh Triple Protection - Blancheur- 2x125ml","p":3.31,"u":"13,24 €/L","img":"https://fd1-photos.leclercdrive.fr/image.ashx?id=2895199&use=l&cat=p&typeid=i","cat":284612},{"id":204202,"n":"Gel douche Le Petit Marseillais Fleur de cerisier - 2x650ml","p":4.37,"u":"3,36 €/L","img":"https://fd1-photos.leclercdrive.fr/image.ashx?id=2491580&use=l&cat=p&typeid=i","cat":284594},{"id":204203,"n":"Gel douche Le Petit Marseillais Extra doux Lait - 2x650ml","p":5.67,"u":"4,36 €/L","img":"https://fd1-photos.leclercdrive.fr/image.ashx?id=2491583&use=l&cat=p&typeid=i","cat":284594},{"id":204207,"n":"Gel Douche Le Petit Marseillais Feuille olivier - 2x650ml","p":8.82,"u":"6,78 €/L","img":"https://fd1-photos.leclercdrive.fr/image.ashx?id=2491589&use=l&cat=p&typeid=i","cat":284594},{"id":204247,"n":"Protège-slip Vania Confort Multiformes - 1p","p":2.44,"img":"https://fd1-photos.leclercdrive.fr/image.ashx?id=2735224&use=l&cat=p&typeid=i","cat":284625},{"id":204248,"n":"Galettes St Michel Fourrées Chocolat au lait 240g","p":2.01,"u":"8,38 €/KG","img":"https://fd1-photos.leclercdrive.fr/image.ashx?id=2950000&use=l&cat=p&typeid=i","cat":284487},{"id":204249,"n":"Galettes Moelleuses St Michel  Tigrées Chocolat - 180g","p":1.78,"u":"9,89 €/KG","img":"https://fd1-photos.leclercdrive.fr/image.ashx?id=2950006&use=l&cat=p&typeid=i","cat":284495},{"id":204275,"n":"Soin Hydratant So Bio Etic Grenade bio - 50ml","p":11.91,"u":"238,20 €/L","img":"https://fd1-photos.leclercdrive.fr/image.ashx?id=2787110&use=l&cat=p&typeid=i","cat":325345},{"id":204302,"n":"Shampoing nutrition Ultra Doux Lait de coco - 300ml","p":2.9,"u":"9,67 €/L","img":"https://fd1-photos.leclercdrive.fr/image.ashx?id=2492788&use=l&cat=p&typeid=i","cat":284606},{"id":204303,"n":"Shampoing purifiant Ultra Doux Cheveux gras - 300ml","p":2.79,"u":"9,30 €/L","img":"https://fd1-photos.leclercdrive.fr/image.ashx?id=2492791&use=l&cat=p&typeid=i","cat":284606},{"id":204304,"n":"Shampoing Illuminant Ultra Doux Camomille - 300ml","p":2.66,"u":"8,87 €/L","img":"https://fd1-photos.leclercdrive.fr/image.ashx?id=2926596&use=l&cat=p&typeid=i","cat":284606},{"id":204305,"n":"Shampoing nutrition Ultra Doux Argan et camélia - 300ml","p":2.73,"u":"9,10 €/L","img":"https://fd1-photos.leclercdrive.fr/image.ashx?id=2492797&use=l&cat=p&typeid=i","cat":284606},{"id":204306,"n":"Shampoing nutrition Ultra Doux Cheveu Bouclé à Frisé - 300ml","p":2.65,"u":"8,83 €/L","img":"https://fd1-photos.leclercdrive.fr/image.ashx?id=2926599&use=l&cat=p&typeid=i","cat":284606},{"id":204307,"n":"Shampoing Couleur Ultra Doux Cheveux colorés - 300ml","p":2.42,"u":"8,07 €/L","img":"https://fd1-photos.leclercdrive.fr/image.ashx?id=2492803&use=l&cat=p&typeid=i","cat":284606},{"id":204308,"n":"Shampoing Enfants Ultra Doux Abricot - 300ml","p":2.69,"u":"8,97 €/L","img":"https://fd1-photos.leclercdrive.fr/image.ashx?id=2851093&use=l&cat=p&typeid=i","cat":284606},{"id":204310,"n":"Shampoing Hydratant Ultra Doux Cheveux délicats - 300ml","p":2.69,"u":"8,97 €/L","img":"https://fd1-photos.leclercdrive.fr/image.ashx?id=2492812&use=l&cat=p&typeid=i","cat":284606},{"id":204311,"n":"Shampoing doux Ultra Doux Extrait de tilleul - 300ml","p":2.81,"u":"9,37 €/L","img":"https://fd1-photos.leclercdrive.fr/image.ashx?id=2492815&use=l&cat=p&typeid=i","cat":284606},{"id":204313,"n":"Après-shampooing karité Garnier Cheveu bouclé à Frisé - 250ml","p":2.52,"u":"10,08 €/L","img":"https://fd1-photos.leclercdrive.fr/image.ashx?id=2986651&use=l&cat=p&typeid=i","cat":284607},{"id":204314,"n":"Après-shampoing Ultra doux Cheveux fragiles - 250ml","p":2.73,"u":"10,92 €/L","img":"https://fd1-photos.leclercdrive.fr/image.ashx?id=2646569&use=l&cat=p&typeid=i","cat":284607},{"id":204315,"n":"Démêlant nourrissant Garnier Cheveu sec à très sec - 250ml","p":2.82,"u":"11,28 €/L","img":"https://fd1-photos.leclercdrive.fr/image.ashx?id=2492827&use=l&cat=p&typeid=i","cat":284607},{"id":204316,"n":"Shampoing réparateur Ultra Doux Cheveux fragiles - 300ml","p":2.73,"u":"9,10 €/L","img":"https://fd1-photos.leclercdrive.fr/image.ashx?id=2646572&use=l&cat=p&typeid=i","cat":284606},{"id":204323,"n":"Chips Vico Paprika - 125g","p":1.3,"u":"10,40 €/KG","img":"https://fd1-photos.leclercdrive.fr/image.ashx?id=2921298&use=l&cat=p&typeid=i","cat":284447},{"id":204327,"n":"Soupe instantanée Royco  Velouté Tomates - 4x200ml","p":1.37,"u":"1,71 €/L","img":"https://fd1-photos.leclercdrive.fr/image.ashx?id=2650991&use=l&cat=p&typeid=i","cat":293527},{"id":204386,"n":"Mini pizzas Piccolinis Buitoni Bolognaise x9 - 270g","p":2.39,"u":"8,85 €/KG","img":"https://fd1-photos.leclercdrive.fr/image.ashx?id=2493655&use=l&cat=p&typeid=i","cat":319774},{"id":204439,"n":"Oignon rouge Bio  Bio Village - 500g","p":2.49,"u":"4,98 €/KG","img":"https://fd1-photos.leclercdrive.fr/image.ashx?id=2922460&use=l&cat=p&typeid=i","cat":284352},{"id":204488,"n":"Dentifrice Aquafresh Triple Protection Blancheur - 125ml","p":1.81,"u":"14,48 €/L","img":"https://fd1-photos.leclercdrive.fr/image.ashx?id=2546755&use=l&cat=p&typeid=i","cat":284612},{"id":204496,"n":"Cotons démaquillants Demakup Sensitive - 6x64","p":6.88,"u":"0,02 €/P","img":"https://fd1-photos.leclercdrive.fr/image.ashx?id=2745283&use=l&cat=p&typeid=i","cat":285593},{"id":204665,"n":"Diffuseur de parfum fraise Aura - 40ml","p":9.73,"u":"243,25 €/L","img":"https://fd1-photos.leclercdrive.fr/image.ashx?id=2495421&use=l&cat=p&typeid=i","cat":311629},{"id":204683,"n":"Shampooing Ultra Doux Garnier Merveilleux - 3x300ml","p":14.6,"u":"16,22 €/L","img":"https://fd1-photos.leclercdrive.fr/image.ashx?id=2494575&use=l&cat=p&typeid=i","cat":284606},{"id":204701,"n":"BB Crème Soin Tout en 1 Garnier Teinte claire - 50ml","p":7.36,"u":"147,20 €/L","img":"https://fd1-photos.leclercdrive.fr/image.ashx?id=2495746&use=l&cat=p&typeid=i","cat":325345},{"id":204702,"n":"BB Crème Soin tout en 1 Garnier Teinte medium - 50ml","p":7.36,"u":"147,20 €/L","img":"https://fd1-photos.leclercdrive.fr/image.ashx?id=2494977&use=l&cat=p&typeid=i","cat":325345},{"id":204718,"n":"Soda Schweppes Saveur Agrumes - 1,5L","p":1.68,"u":"1,12 €/L","img":"https://fd1-photos.leclercdrive.fr/image.ashx?id=2852447&use=l&cat=p&typeid=i","cat":284532},{"id":204719,"n":"Soda Schweppes Indian Tonic - 1,5L","p":1.69,"u":"1,13 €/L","img":"https://fd1-photos.leclercdrive.fr/image.ashx?id=2852456&use=l&cat=p&typeid=i","cat":284531},{"id":204731,"n":"Sachet fraîcheur chat Whiskas  Sélection en sauce - 12x85g","p":5.18,"u":"5,08 €/KG","img":"https://fd1-photos.leclercdrive.fr/image.ashx?id=2495764&use=l&cat=p&typeid=i","cat":285286},{"id":204747,"n":"Dentifrice Aquafresh Menthe fraîche - 125ml","p":2.07,"u":"16,56 €/L","img":"https://fd1-photos.leclercdrive.fr/image.ashx?id=2546752&use=l&cat=p&typeid=i","cat":284612},{"id":204748,"n":"Boisson énergisante Red Bull Goût Abricot-Fraise, 250ml","p":1.31,"u":"5,24 €/L","img":"https://fd1-photos.leclercdrive.fr/image.ashx?id=3011995&use=l&cat=p&typeid=i","cat":284533},{"id":204788,"n":"Gnocchi à poêler Lustucru 325g","p":1.55,"u":"4,77 €/KG","img":"https://fd1-photos.leclercdrive.fr/image.ashx?id=2975218&use=l&cat=p&typeid=i","cat":333682},{"id":204789,"n":"Gnocchi à poêler Lustucru 520g","p":2.28,"u":"4,38 €/KG","img":"https://fd1-photos.leclercdrive.fr/image.ashx?id=2792423&use=l&cat=p&typeid=i","cat":333682},{"id":204791,"n":"Gnocchi à poêler Lustucru  Format XXL - 720g","p":2.94,"u":"4,08 €/KG","img":"https://fd1-photos.leclercdrive.fr/image.ashx?id=2788556&use=l&cat=p&typeid=i","cat":333682},{"id":204792,"n":"Girasoli Lustucru Tomate Basilic Mozzarella 250g","p":2.52,"u":"10,08 €/KG","img":"https://fd1-photos.leclercdrive.fr/image.ashx?id=2974363&use=l&cat=p&typeid=i","cat":333682},{"id":204796,"n":"Tortellini Lustucru Jambon cru - 250g","p":2.45,"u":"9,80 €/KG","img":"https://fd1-photos.leclercdrive.fr/image.ashx?id=2974360&use=l&cat=p&typeid=i","cat":333682},{"id":204797,"n":"Nectar de mangue Eco+ 1L","p":1.37,"u":"1,37 €/L","img":"https://fd1-photos.leclercdrive.fr/image.ashx?id=2955608&use=l&cat=p&typeid=i","cat":284916},{"id":204951,"n":"Thon Sauce Mayonnaise Petit Navire - 140g","p":1.64,"u":"11,71 €/KG","img":"https://fd1-photos.leclercdrive.fr/image.ashx?id=2528292&use=l&cat=p&typeid=i","cat":303867},{"id":204952,"n":"Thon Sauce Catalane Petit Navire - 140g","p":1.92,"u":"13,71 €/KG","img":"https://fd1-photos.leclercdrive.fr/image.ashx?id=2989072&use=l&cat=p&typeid=i","cat":303867},{"id":205006,"n":"Compotes Pom'Potes Gourdes BIO  Multivariétés - 12x90g","p":7.86,"u":"7,28 €/KG","img":"https://fd1-photos.leclercdrive.fr/image.ashx?id=2899344&use=l&cat=p&typeid=i","cat":284508},{"id":205009,"n":"Colin d'Alaska & riz D'Aucy Crème de St Jacques 280g","p":2.66,"u":"9,50 €/KG","img":"https://fd1-photos.leclercdrive.fr/image.ashx?id=2498221&use=l&cat=p&typeid=i","cat":284953},{"id":205232,"n":"Serviettes Always Ultra Normal Plus - T1 - x14","p":2.57,"u":"0,18 €/P","img":"https://fd1-photos.leclercdrive.fr/image.ashx?id=2851321&use=l&cat=p&typeid=i","cat":284624},{"id":205233,"n":"Serviettes Always Ultra Long - T2 - x12","p":2.58,"u":"0,22 €/P","img":"https://fd1-photos.leclercdrive.fr/image.ashx?id=2851324&use=l&cat=p&typeid=i","cat":284624},{"id":205235,"n":"Serviettes Always Ultra Secure night -T4 - x9","p":2.68,"u":"0,30 €/P","img":"https://fd1-photos.leclercdrive.fr/image.ashx?id=2851330&use=l&cat=p&typeid=i","cat":284624},{"id":205238,"n":"Savon Eco+ Amande douce - 150g","p":0.61,"u":"4,07 €/KG","img":"https://fd1-photos.leclercdrive.fr/image.ashx?id=2499058&use=l&cat=p&typeid=i","cat":284597},{"id":205239,"n":"Nettoyant four Decapfour Confort - 500ml","p":3.75,"u":"7,50 €/L","img":"https://fd1-photos.leclercdrive.fr/image.ashx?id=2499669&use=l&cat=p&typeid=i","cat":325363},{"id":205257,"n":"Tranches de mozzarella Les Délices d'Amélie - 150g","p":2.0,"u":"13,33 €/KG","img":"https://fd1-photos.leclercdrive.fr/image.ashx?id=2999225&use=l&cat=p&typeid=i","cat":314028},{"id":205281,"n":"Huile d'olive vierge extra Terra Delyssa - 75cl","p":9.85,"u":"13,13 €/L","img":"https://fd1-photos.leclercdrive.fr/image.ashx?id=2679356&use=l&cat=p&typeid=i","cat":284453},{"id":205302,"n":"Gel lavant Sanytol Nourrisant Bio - 250ml","p":2.49,"u":"9,96 €/L","img":"https://fd1-photos.leclercdrive.fr/image.ashx?id=2904658&use=l&cat=p&typeid=i","cat":284597},{"id":205303,"n":"Gel lavant Sanytol Désinfectant cuisine - 250ml","p":2.9,"u":"11,60 €/L","img":"https://fd1-photos.leclercdrive.fr/image.ashx?id=2904661&use=l&cat=p&typeid=i","cat":284597},{"id":205304,"n":"Bandes de cire froide Expert Veet Corps Peaux sensibles x40","p":8.14,"u":"0,20 €/P","img":"https://fd1-photos.leclercdrive.fr/image.ashx?id=2964959&use=l&cat=p&typeid=i","cat":325351},{"id":205305,"n":"Bandes de cire froide Expert Veet Visage Peaux sensibles x20","p":5.38,"u":"0,27 €/P","img":"https://fd1-photos.leclercdrive.fr/image.ashx?id=2915440&use=l&cat=p&typeid=i","cat":325351},{"id":205314,"n":"Coloration Permanente Olia 6.0 Châtain Très Clair","p":11.29,"img":"https://fd1-photos.leclercdrive.fr/image.ashx?id=2521170&use=l&cat=p&typeid=i","cat":288899},{"id":205315,"n":"Coloration Permanente Olia 8.0 Blond miel sans ammoniaque","p":11.11,"u":"11,11 €/TRC","img":"https://fd1-photos.leclercdrive.fr/image.ashx?id=2521173&use=l&cat=p&typeid=i","cat":288899},{"id":205317,"n":"Après-Shampooing Garnier Cheveux normaux à gras - 200ml","p":2.6,"u":"13,00 €/L","img":"https://fd1-photos.leclercdrive.fr/image.ashx?id=2500174&use=l&cat=p&typeid=i","cat":284607},{"id":205318,"n":"Shampoing charbon Ultra Doux Equilibrant - 250ml","p":2.37,"u":"9,48 €/L","img":"https://fd1-photos.leclercdrive.fr/image.ashx?id=2500177&use=l&cat=p&typeid=i","cat":284606},{"id":205319,"n":"Coloration Garnier Good 3.12 Châtain foncé Myrtille","p":12.32,"img":"https://fd1-photos.leclercdrive.fr/image.ashx?id=2521176&use=l&cat=p&typeid=i","cat":288899},{"id":205320,"n":"Masque Assouplissant Garnier Cheveu sec à très sec - 340ml","p":5.08,"u":"14,94 €/L","img":"https://fd1-photos.leclercdrive.fr/image.ashx?id=2500162&use=l&cat=p&typeid=i","cat":284608},{"id":205321,"n":"Masque Merveilleux Garnier Cheveux Secs, Ternes - 340ml","p":5.05,"u":"14,85 €/L","img":"https://fd1-photos.leclercdrive.fr/image.ashx?id=2500165&use=l&cat=p&typeid=i","cat":284608},{"id":205322,"n":"Masque remède Nutrition Garnier Avocat karité - 340ml","p":4.67,"u":"13,74 €/L","img":"https://fd1-photos.leclercdrive.fr/image.ashx?id=2875453&use=l&cat=p&typeid=i","cat":284608},{"id":205327,"n":"Pâte Nocciolata Bio cacao 250g","p":3.58,"u":"14,32 €/KG","img":"https://fd1-photos.leclercdrive.fr/image.ashx?id=2807897&use=l&cat=p&typeid=i","cat":284481},{"id":205344,"n":"Pâte à tartiner Nocciolata  Bio cacao Noisettes - 650g","p":7.86,"u":"12,09 €/KG","img":"https://fd1-photos.leclercdrive.fr/image.ashx?id=2883248&use=l&cat=p&typeid=i","cat":284481},{"id":205347,"n":"Pâte à Nocciolata  Bio Cacao - 250g","p":3.24,"u":"12,96 €/KG","img":"https://fd1-photos.leclercdrive.fr/image.ashx?id=2883251&use=l&cat=p&typeid=i","cat":284481},{"id":205351,"n":"Pâte à tartiner Nocciolata  Bio - 650g","p":7.53,"u":"11,58 €/KG","img":"https://fd1-photos.leclercdrive.fr/image.ashx?id=2868194&use=l&cat=p&typeid=i","cat":284481},{"id":205353,"n":"Allume Feu Gel Végétal Calumet - 1L","p":4.08,"u":"4,08 €/L","img":"https://fd1-photos.leclercdrive.fr/image.ashx?id=2500623&use=l&cat=p&typeid=i","cat":284908},{"id":205365,"n":"Vin Mousseux Bio Sud Ouest Pêche Fashion Chenet 75cl","p":5.05,"u":"6,73 €/L","img":"https://fd1-photos.leclercdrive.fr/image.ashx?id=2689598&use=l&cat=p&typeid=i","cat":284544},{"id":205396,"n":"M'semen Oummi 400g","p":2.1,"u":"5,25 €/KG","img":"https://fd1-photos.leclercdrive.fr/image.ashx?id=2585220&use=l&cat=p&typeid=i","cat":319776},{"id":205439,"n":"Sirop sans sucre Teisseire  Fraise - 60cl","p":3.08,"u":"5,13 €/L","img":"https://fd1-photos.leclercdrive.fr/image.ashx?id=2500455&use=l&cat=p&typeid=i","cat":295020},{"id":205520,"n":"Crème glacée La Laitière Rhum Raisins - 490g","p":3.24,"pp":2.27,"u":"4,63 €/KG","img":"https://fd1-photos.leclercdrive.fr/image.ashx?id=2877877&use=l&cat=p&typeid=i","cat":284263},{"id":205522,"n":"Shampoing Réparateur Elsève Pro Bond Repair - 200ml","p":5.83,"u":"29,15 €/L","img":"https://fd1-photos.leclercdrive.fr/image.ashx?id=3008779&use=l&cat=p&typeid=i","cat":284606},{"id":205525,"n":"Démêlant Intense Elsève Pro Bond Repair - 150ml","p":5.8,"u":"38,67 €/L","img":"https://fd1-photos.leclercdrive.fr/image.ashx?id=3008782&use=l&cat=p&typeid=i","cat":284607},{"id":205583,"n":"Bol légumes Bio - 2x200g","p":2.49,"u":"6,23 €/KG","img":"https://fd1-photos.leclercdrive.fr/image.ashx?id=2704885&use=l&cat=p&typeid=i","cat":312236},{"id":205589,"n":"Bol légumes Bio Villages  6mois - 2x200g","p":2.39,"u":"5,98 €/KG","img":"https://fd1-photos.leclercdrive.fr/image.ashx?id=2501307&use=l&cat=p&typeid=i","cat":312235},{"id":205892,"n":"Nettoyant multi-usages Mr Propre - Savon noir - 1L","p":2.77,"u":"2,77 €/L","img":"https://fd1-photos.leclercdrive.fr/image.ashx?id=2889976&use=l&cat=p&typeid=i","cat":284907},{"id":205960,"n":"Oeufs Bio Plein air Prim'Vert Gros - x6","p":2.67,"u":"0,45 €/P","img":"https://fd1-photos.leclercdrive.fr/image.ashx?id=2511429&use=l&cat=p&typeid=i","cat":284378},{"id":205962,"n":"Oeufs au sol Prim'Vert Gros  - x6","p":1.98,"u":"0,33 €/P","img":"https://fd1-photos.leclercdrive.fr/image.ashx?id=2511423&use=l&cat=p&typeid=i","cat":284378},{"id":205963,"n":"Oeufs Plein air Prim'Vert Gros - x6","p":2.32,"u":"0,39 €/P","img":"https://fd1-photos.leclercdrive.fr/image.ashx?id=2511426&use=l&cat=p&typeid=i","cat":284378},{"id":205964,"n":"Oeufs poules élevées plein air Gros Prim'Vert - x12","p":4.36,"u":"0,36 €/P","img":"https://fd1-photos.leclercdrive.fr/image.ashx?id=2927250&use=l&cat=p&typeid=i","cat":284378},{"id":205965,"n":"Oeufs Plein air Prim'Vert Moyens - x12","p":3.69,"u":"0,31 €/P","img":"https://fd1-photos.leclercdrive.fr/image.ashx?id=2853578&use=l&cat=p&typeid=i","cat":284378},{"id":206033,"n":"Biscuits Mots Doux P'tit Déli Chocolat noisettes - 180g","p":1.89,"u":"10,50 €/KG","img":"https://fd1-photos.leclercdrive.fr/image.ashx?id=2771136&use=l&cat=p&typeid=i","cat":284488},{"id":206050,"n":"Thé glacé Fuze Tea Framboise Menthe  Sans sucres - 1.25L","p":1.48,"u":"1,18 €/L","img":"https://fd1-photos.leclercdrive.fr/image.ashx?id=2997217&use=l&cat=p&typeid=i","cat":295019},{"id":206105,"n":"Gel Nettoyant Visage Nivea Peaux à Imperfections - 150ml","p":4.08,"u":"27,20 €/L","img":"https://fd1-photos.leclercdrive.fr/image.ashx?id=2878243&use=l&cat=p&typeid=i","cat":284603},{"id":206108,"n":"Gommage Visage Nivea Peaux à Imperfections - 150ml","p":4.83,"u":"32,20 €/L","img":"https://fd1-photos.leclercdrive.fr/image.ashx?id=2836121&use=l&cat=p&typeid=i","cat":325346},{"id":206120,"n":"Crème dépilatoire Expert Veet Corps Peaux sensibles 200ml","p":4.98,"u":"24,90 €/L","img":"https://fd1-photos.leclercdrive.fr/image.ashx?id=2970804&use=l&cat=p&typeid=i","cat":325351},{"id":206122,"n":"Liquide vaisselle Rainett Concentré - Framboise - 500ml","p":1.81,"u":"3,62 €/L","img":"https://fd1-photos.leclercdrive.fr/image.ashx?id=2508792&use=l&cat=p&typeid=i","cat":284655},{"id":206123,"n":"Liquide vaisselle Paic Bi Activ Vinaigre et Sel minéral - 750ml","p":2.95,"u":"3,93 €/L","img":"https://fd1-photos.leclercdrive.fr/image.ashx?id=2508843&use=l&cat=p&typeid=i","cat":284655},{"id":206125,"n":"Riz parfumé  1kg","p":2.29,"u":"2,29 €/KG","img":"https://fd1-photos.leclercdrive.fr/image.ashx?id=2515521&use=l&cat=p&typeid=i","cat":284428},{"id":206126,"n":"Infusion La Tisanière Nuit calme - x20 - 28g","p":2.68,"u":"95,71 €/KG","img":"https://fd1-photos.leclercdrive.fr/image.ashx?id=2907863&use=l&cat=p&typeid=i","cat":293234},{"id":206128,"n":"Pâte à tartiner Nocciolata Bio Praliné Noisettes - 250g","p":3.62,"u":"14,48 €/KG","img":"https://fd1-photos.leclercdrive.fr/image.ashx?id=2883254&use=l&cat=p&typeid=i","cat":284481},{"id":206132,"n":"Infusion La Tisanière Après repas - x20 - 30g","p":2.84,"u":"94,67 €/KG","img":"https://fd1-photos.leclercdrive.fr/image.ashx?id=2843947&use=l&cat=p&typeid=i","cat":293234},{"id":206135,"n":"Infusion La Tisanière Fleur de camomille - x20  - 30g","p":2.82,"u":"94,00 €/KG","img":"https://fd1-photos.leclercdrive.fr/image.ashx?id=2880700&use=l&cat=p&typeid=i","cat":293234},{"id":206136,"n":"Cookies La Biscuiterie Delacre Pépites de chocolat - 136g","p":2.69,"u":"19,78 €/KG","img":"https://fd1-photos.leclercdrive.fr/image.ashx?id=2674086&use=l&cat=p&typeid=i","cat":325066},{"id":206137,"n":"Cookies La Biscuiterie Delacre Chocolat noir lait blanc -136g","p":2.36,"u":"17,35 €/KG","img":"https://fd1-photos.leclercdrive.fr/image.ashx?id=2673151&use=l&cat=p&typeid=i","cat":325066},{"id":206139,"n":"Sirop Teisseire Cassis - 60cl","p":3.3,"u":"5,50 €/L","img":"https://fd1-photos.leclercdrive.fr/image.ashx?id=2508588&use=l&cat=p&typeid=i","cat":295020},{"id":206140,"n":"Sirop concentré Teisseire Citron vert - 60cl","p":3.3,"u":"5,50 €/L","img":"https://fd1-photos.leclercdrive.fr/image.ashx?id=2508591&use=l&cat=p&typeid=i","cat":295020},{"id":206142,"n":"Sirop Teisseire  Fraise - 60cl","p":3.3,"u":"5,50 €/L","img":"https://fd1-photos.leclercdrive.fr/image.ashx?id=2771750&use=l&cat=p&typeid=i","cat":295020},{"id":206143,"n":"Sirop Teisseire  Pêche - 60cl","p":3.3,"u":"5,50 €/L","img":"https://fd1-photos.leclercdrive.fr/image.ashx?id=2508597&use=l&cat=p&typeid=i","cat":295020},{"id":206144,"n":"Boisson concentrée Teisseire A diluer grenadine Zéro - 60cl","p":2.75,"u":"4,58 €/L","img":"https://fd1-photos.leclercdrive.fr/image.ashx?id=2508600&use=l&cat=p&typeid=i","cat":295020},{"id":206147,"n":"Boisson concentrée Teisseire Menthe verte sans sucres - 60cl","p":2.74,"u":"4,57 €/L","img":"https://fd1-photos.leclercdrive.fr/image.ashx?id=2508603&use=l&cat=p&typeid=i","cat":295020},{"id":206149,"n":"Boisson concentrée Teisseire Citron sans sucres - 60cl","p":2.89,"u":"4,82 €/L","img":"https://fd1-photos.leclercdrive.fr/image.ashx?id=2508606&use=l&cat=p&typeid=i","cat":295020},{"id":206164,"n":"Sirop Teisseire  Grenadine - 60cl","p":2.2,"u":"3,67 €/L","img":"https://fd1-photos.leclercdrive.fr/image.ashx?id=2772729&use=l&cat=p&typeid=i","cat":295020},{"id":206169,"n":"Sirop Tesseire Citron - 60cl","p":2.25,"u":"3,75 €/L","img":"https://fd1-photos.leclercdrive.fr/image.ashx?id=2771747&use=l&cat=p&typeid=i","cat":295020},{"id":206170,"n":"Sirop Teisseire Framboise - 60cl","p":3.38,"u":"5,63 €/L","img":"https://fd1-photos.leclercdrive.fr/image.ashx?id=2509331&use=l&cat=p&typeid=i","cat":295020},{"id":206172,"n":"Biscuits Kinder Tronky fourrés Cacao et au lait  - 90g","p":1.62,"u":"18,00 €/KG","img":"https://fd1-photos.leclercdrive.fr/image.ashx?id=2916462&use=l&cat=p&typeid=i","cat":284488},{"id":206173,"n":"Infusion La Tisanière Après repas - x20 - 30g","p":2.84,"u":"94,67 €/KG","img":"https://fd1-photos.leclercdrive.fr/image.ashx?id=2792195&use=l&cat=p&typeid=i","cat":293234},{"id":206211,"n":"Olives vertes dénoyautées  À la Provençale - 200g","p":2.44,"u":"12,20 €/KG","img":"https://fd1-photos.leclercdrive.fr/image.ashx?id=2647796&use=l&cat=p&typeid=i","cat":316002},{"id":206439,"n":"Pâte à tartiner Nocciolata  Bio - Crunchy - 250g","p":3.4,"u":"13,60 €/KG","img":"https://fd1-photos.leclercdrive.fr/image.ashx?id=2905078&use=l&cat=p&typeid=i","cat":284481},{"id":206442,"n":"Sirop Kiwi Teisseire  60cl","p":3.44,"u":"5,73 €/L","img":"https://fd1-photos.leclercdrive.fr/image.ashx?id=2510783&use=l&cat=p&typeid=i","cat":295020},{"id":206443,"n":"Sirop Teisseire  Violette - 60cl","p":3.22,"u":"5,37 €/L","img":"https://fd1-photos.leclercdrive.fr/image.ashx?id=2510786&use=l&cat=p&typeid=i","cat":295020},{"id":206445,"n":"Sirop Tropical  Teisseire Zéro sucres - 60cl","p":3.13,"u":"5,22 €/L","img":"https://fd1-photos.leclercdrive.fr/image.ashx?id=2510792&use=l&cat=p&typeid=i","cat":295020},{"id":206448,"n":"Rhum blanc  La Martiniquaise 40° 20cl","p":3.34,"u":"16,70 €/L","img":"https://fd1-photos.leclercdrive.fr/image.ashx?id=2962242&use=l&cat=p&typeid=i","cat":284550},{"id":206537,"n":"Cookies La Biscuiterie Delacre Chocolat et noisette - 136g","p":2.48,"u":"18,24 €/KG","img":"https://fd1-photos.leclercdrive.fr/image.ashx?id=2784752&use=l&cat=p&typeid=i","cat":325066},{"id":206538,"n":"Cookies La Biscuiterie Delacre Chocolat noir et lait - 136g","p":2.48,"u":"18,24 €/KG","img":"https://fd1-photos.leclercdrive.fr/image.ashx?id=2661667&use=l&cat=p&typeid=i","cat":325066},{"id":206553,"n":"Serviettes hygiéniques Always Ultra Jour&Nuit Taille 3 - x22","p":4.37,"u":"0,20 €/P","img":"https://fd1-photos.leclercdrive.fr/image.ashx?id=2849433&use=l&cat=p&typeid=i","cat":284624},{"id":206577,"n":"Crème fluide UHT Président Secret de Crème - 3x20cl","p":3.59,"u":"5,98 €/L","img":"https://fd1-photos.leclercdrive.fr/image.ashx?id=2678999&use=l&cat=p&typeid=i","cat":284381},{"id":206582,"n":"Liquide vaiselle Paic Bi Activ Vinaigre et citron - 750ml","p":3.0,"u":"4,00 €/L","img":"https://fd1-photos.leclercdrive.fr/image.ashx?id=2966797&use=l&cat=p&typeid=i","cat":284655},{"id":206583,"n":"Liquide vaiselle Paic Bi Activ Vinaigre et menthol - 750ml","p":3.16,"u":"4,21 €/L","img":"https://fd1-photos.leclercdrive.fr/image.ashx?id=2512075&use=l&cat=p&typeid=i","cat":284655},{"id":206597,"n":"Boisson à base de vin rosé Very Framboise - BIB 3L","p":9.0,"u":"3,00 €/L","img":"https://fd1-photos.leclercdrive.fr/image.ashx?id=2731792&use=l&cat=p&typeid=i","cat":304569},{"id":206613,"n":"Thé glacé Oasis Ice Tea Saveur Framboise Cassis - 1,5L","p":1.9,"u":"1,27 €/L","img":"https://fd1-photos.leclercdrive.fr/image.ashx?id=2681730&use=l&cat=p&typeid=i","cat":295019},{"id":206615,"n":"Boisson aux fruits Oasis Tropical sans sucres - 1,5L","p":1.98,"u":"1,32 €/L","img":"https://fd1-photos.leclercdrive.fr/image.ashx?id=2681739&use=l&cat=p&typeid=i","cat":295018},{"id":206617,"n":"Lessive liquide Arbre Vert Recharge x34 - 1.53L","p":6.26,"u":"4,09 €/L","img":"https://fd1-photos.leclercdrive.fr/image.ashx?id=2680209&use=l&cat=p&typeid=i","cat":284640},{"id":206888,"n":"Beurre bio C'est Qui Le Patron Doux - 82% MG - 250g","p":3.35,"u":"13,40 €/KG","img":"https://fd1-photos.leclercdrive.fr/image.ashx?id=2938764&use=l&cat=p&typeid=i","cat":284379},{"id":206921,"n":"Lessive en poudre L'Arbre Vert 1.8kg","p":7.95,"u":"4,42 €/KG","img":"https://fd1-photos.leclercdrive.fr/image.ashx?id=2794445&use=l&cat=p&typeid=i","cat":284642},{"id":206935,"n":"Thon entier Eco+ 140g","p":1.34,"u":"9,57 €/KG","img":"https://fd1-photos.leclercdrive.fr/image.ashx?id=2755004&use=l&cat=p&typeid=i","cat":303867},{"id":206936,"n":"Légum' Vapeur Notre Jardin Petits pois & carottes 265g","p":1.45,"u":"5,47 €/KG","img":"https://fd1-photos.leclercdrive.fr/image.ashx?id=3002647&use=l&cat=p&typeid=i","cat":312607},{"id":206950,"n":"Gaufrettes P'tit Déli Fourrés - 128g","p":1.59,"u":"12,42 €/KG","img":"https://fd1-photos.leclercdrive.fr/image.ashx?id=2842522&use=l&cat=p&typeid=i","cat":284488},{"id":206963,"n":"Morceaux et coeurs de palmier  250g","p":1.99,"u":"7,96 €/KG","img":"https://fd1-photos.leclercdrive.fr/image.ashx?id=2670365&use=l&cat=p&typeid=i","cat":312611},{"id":207017,"n":"Monster Top Speed Zero 50CL","p":1.59,"u":"3,18 €/L","img":"https://fd1-photos.leclercdrive.fr/image.ashx?id=2861174&use=l&cat=p&typeid=i","cat":284533},{"id":207019,"n":"Monster Aussie Lemonade Boite - 50cl","p":1.72,"u":"3,44 €/L","img":"https://fd1-photos.leclercdrive.fr/image.ashx?id=2519552&use=l&cat=p&typeid=i","cat":284533},{"id":207026,"n":"Infusion detox La Tisanière x20 - 30g","p":2.84,"u":"94,67 €/KG","img":"https://fd1-photos.leclercdrive.fr/image.ashx?id=2907869&use=l&cat=p&typeid=i","cat":293234},{"id":207042,"n":"Sirop Teisseire Grenadine Bidon mega - 1.3L","p":5.19,"u":"3,99 €/L","img":"https://fd1-photos.leclercdrive.fr/image.ashx?id=2519480&use=l&cat=p&typeid=i","cat":295020},{"id":207043,"n":"Lessive Liquide L'Arbre Vert Savon végétal 45 lavages 2,025L","p":7.1,"u":"3,51 €/L","img":"https://fd1-photos.leclercdrive.fr/image.ashx?id=3008542&use=l&cat=p&typeid=i","cat":284640},{"id":207044,"n":"Recharge Lessive l'Arbre Vert Amande Douce 34 lavages 1,53L","p":6.58,"u":"4,30 €/L","img":"https://fd1-photos.leclercdrive.fr/image.ashx?id=2684503&use=l&cat=p&typeid=i","cat":284640},{"id":207045,"n":"Goûter frais Nesquik snack Chocolat au lait - 4x104g","p":1.42,"u":"13,65 €/KG","img":"https://fd1-photos.leclercdrive.fr/image.ashx?id=2661507&use=l&cat=p&typeid=i","cat":284420},{"id":207047,"n":"Beurre de cacahuètes Menguy's 454g","p":4.19,"u":"9,23 €/KG","img":"https://fd1-photos.leclercdrive.fr/image.ashx?id=2844088&use=l&cat=p&typeid=i","cat":284481},{"id":207073,"n":"Tablette lave vaiselle L'Arbre Vert Tout-en-1 - x32","p":5.14,"u":"8,80 €/KG","img":"https://fd1-photos.leclercdrive.fr/image.ashx?id=2672332&use=l&cat=p&typeid=i","cat":284656},{"id":207074,"n":"Vaisselle mains L'Arbre Vert Peaux sensibles - 500ml","p":1.67,"u":"3,34 €/L","img":"https://fd1-photos.leclercdrive.fr/image.ashx?id=2845428&use=l&cat=p&typeid=i","cat":284655},{"id":207075,"n":"Vaisselle Main L'Arbre Vert Amande - 500ml","p":1.56,"u":"3,12 €/L","img":"https://fd1-photos.leclercdrive.fr/image.ashx?id=2845431&use=l&cat=p&typeid=i","cat":284655},{"id":207076,"n":"Recharge Vaisselle mains L'Arbre Vert - Amande - 1L","p":2.87,"u":"2,87 €/L","img":"https://fd1-photos.leclercdrive.fr/image.ashx?id=2849926&use=l&cat=p&typeid=i","cat":284655},{"id":207078,"n":"Nectar orange  Cidou Bio - 1L","p":2.07,"u":"2,07 €/L","img":"https://fd1-photos.leclercdrive.fr/image.ashx?id=2520237&use=l&cat=p&typeid=i","cat":284521},{"id":207101,"n":"Boîte Cotons tiges Feel Natural Blanc - Bambou - x200","p":0.91,"pp":0.55,"img":"https://fd1-photos.leclercdrive.fr/image.ashx?id=2544888&use=l&cat=p&typeid=i","cat":284636},{"id":207137,"n":"Assouplissant Minidou Vent de fraîcheur - 1L - x50","p":4.3,"u":"4,30 €/L","img":"https://fd1-photos.leclercdrive.fr/image.ashx?id=2795887&use=l&cat=p&typeid=i","cat":284650},{"id":207139,"n":"Serviettes hygiéniques Always  Ultra - Secure night - x18","p":4.81,"u":"0,27 €/P","img":"https://fd1-photos.leclercdrive.fr/image.ashx?id=2849436&use=l&cat=p&typeid=i","cat":284624},{"id":207140,"n":"Serviettes hygiéniques Always Ultra - Secure night extra- x16","p":4.19,"u":"0,26 €/P","img":"https://fd1-photos.leclercdrive.fr/image.ashx?id=3000878&use=l&cat=p&typeid=i","cat":284624},{"id":207141,"n":"Préservatifs Durex Nude Extra Fins Peau contre Peau x10","p":8.24,"u":"0,82 €/P","img":"https://fd1-photos.leclercdrive.fr/image.ashx?id=2962017&use=l&cat=p&typeid=i","cat":284631},{"id":207142,"n":"Gel Lubrifiant Intime Durex Sensitive base Eau 100ml","p":8.04,"u":"80,40 €/L","img":"https://fd1-photos.leclercdrive.fr/image.ashx?id=2961203&use=l&cat=p&typeid=i","cat":285160},{"id":207173,"n":"Sauce nems Tanoshi 150ml","p":1.92,"u":"12,80 €/L","img":"https://fd1-photos.leclercdrive.fr/image.ashx?id=2921615&use=l&cat=p&typeid=i","cat":288992},{"id":207181,"n":"Sucre Saint Louis Spécial Espresso - 1kg","p":2.34,"u":"2,34 €/KG","img":"https://fd1-photos.leclercdrive.fr/image.ashx?id=2521413&use=l&cat=p&typeid=i","cat":284502},{"id":207198,"n":"Recharge lessive liquide  Rainette Aloe vera - 1.6L","p":5.99,"u":"3,74 €/L","img":"https://fd1-photos.leclercdrive.fr/image.ashx?id=2858684&use=l&cat=p&typeid=i","cat":284640},{"id":207199,"n":"Recharge lessive liquide  Rainett Savon de Marseille 1.6L","p":6.42,"u":"4,01 €/L","img":"https://fd1-photos.leclercdrive.fr/image.ashx?id=2842129&use=l&cat=p&typeid=i","cat":284640},{"id":207210,"n":"Fromage à tartiner Kiri Délicieusement fouetté - 125g","p":2.26,"u":"18,08 €/KG","img":"https://fd1-photos.leclercdrive.fr/image.ashx?id=2686591&use=l&cat=p&typeid=i","cat":314029},{"id":207216,"n":"Boisson lactée café Starbucks Caramel macchiato - 750ml","p":4.9,"u":"6,53 €/L","img":"https://fd1-photos.leclercdrive.fr/image.ashx?id=2521647&use=l&cat=p&typeid=i","cat":295246},{"id":207238,"n":"Liqueur Whisky Fireball - 70cl 33% vol.","p":18.74,"u":"26,77 €/L","img":"https://fd1-photos.leclercdrive.fr/image.ashx?id=2531649&use=l&cat=p&typeid=i","cat":286032},{"id":207248,"n":"Infusion La Tisanière Nuit calme - x20 - 30g","p":2.68,"u":"89,33 €/KG","img":"https://fd1-photos.leclercdrive.fr/image.ashx?id=2816835&use=l&cat=p&typeid=i","cat":293234},{"id":207262,"n":"Capsules Nescafé Dolce Gusto  Grande - x16","p":4.56,"u":"33,53 €/KG","img":"https://fd1-photos.leclercdrive.fr/image.ashx?id=2964153&use=l&cat=p&typeid=i","cat":293239},{"id":207305,"n":"Filet de poulet  600g","p":6.85,"u":"11,42 €/KG","img":"https://fd1-photos.leclercdrive.fr/image.ashx?id=2524808&use=l&cat=p&typeid=i","cat":284336},{"id":207363,"n":"Bière aromatisée 8% vol. Mangue - Slash Mango 75cl","p":4.13,"u":"5,51 €/L","img":"https://fd1-photos.leclercdrive.fr/image.ashx?id=2524509&use=l&cat=p&typeid=i","cat":334872},{"id":207390,"n":"Cornichon Français Hugo Aigre-doux - 210g","p":2.9,"u":"13,81 €/KG","img":"https://fd1-photos.leclercdrive.fr/image.ashx?id=2969103&use=l&cat=p&typeid=i","cat":284458},{"id":207392,"n":"Cornichon Français Hugo Vinaigre - 360g","p":5.52,"u":"15,33 €/KG","img":"https://fd1-photos.leclercdrive.fr/image.ashx?id=2524380&use=l&cat=p&typeid=i","cat":284458},{"id":207393,"n":"Rondelles de cornichon Français Aigre-doux - 42,5cl","p":2.47,"u":"5,81 €/L","img":"https://fd1-photos.leclercdrive.fr/image.ashx?id=2524383&use=l&cat=p&typeid=i","cat":284458},{"id":207396,"n":"Galettes moelleuses St Michel Marbrée Chocolat - 180g","p":1.97,"u":"10,94 €/KG","img":"https://fd1-photos.leclercdrive.fr/image.ashx?id=2936263&use=l&cat=p&typeid=i","cat":284487},{"id":207401,"n":"Adoucissant Soupline  Éclat de Fraîcheur - 28p","p":6.12,"u":"0,22 €/P","img":"https://fd1-photos.leclercdrive.fr/image.ashx?id=2583509&use=l&cat=p&typeid=i","cat":284650},{"id":207402,"n":"Adoucissant Soupline  Hypoallergénique - 28p","p":6.25,"u":"0,22 €/P","img":"https://fd1-photos.leclercdrive.fr/image.ashx?id=2818827&use=l&cat=p&typeid=i","cat":284650},{"id":207405,"n":"Lingettes Pampers Harmonie New baby - 46 lingettes","p":3.29,"img":"https://fd1-photos.leclercdrive.fr/image.ashx?id=2805912&use=l&cat=p&typeid=i","cat":284738},{"id":207450,"n":"Capsules Nescafé Dolce Gusto  Grande Intenso - x16","p":5.21,"u":"39,47 €/KG","img":"https://fd1-photos.leclercdrive.fr/image.ashx?id=2525962&use=l&cat=p&typeid=i","cat":293239},{"id":207456,"n":"Purée de fruits Eco+ x8 - 800g","p":1.79,"u":"2,24 €/KG","img":"https://fd1-photos.leclercdrive.fr/image.ashx?id=2523507&use=l&cat=p&typeid=i","cat":284416},{"id":207467,"n":"Moutarde Forte Amora 430g","p":1.51,"u":"3,51 €/KG","img":"https://fd1-photos.leclercdrive.fr/image.ashx?id=2526079&use=l&cat=p&typeid=i","cat":288850},{"id":207469,"n":"Moutarde Forte Amora 185g","p":1.58,"u":"8,54 €/KG","img":"https://fd1-photos.leclercdrive.fr/image.ashx?id=2526082&use=l&cat=p&typeid=i","cat":288850},{"id":207471,"n":"Moutarde Mi-forte Amora 415g","p":1.53,"u":"3,69 €/KG","img":"https://fd1-photos.leclercdrive.fr/image.ashx?id=2993176&use=l&cat=p&typeid=i","cat":288850},{"id":207476,"n":"Moutarde de Dijon Fine MAILLE L'Original Bocal - 360g","p":1.48,"u":"4,11 €/KG","img":"https://fd1-photos.leclercdrive.fr/image.ashx?id=2945841&use=l&cat=p&typeid=i","cat":288850},{"id":207478,"n":"Moutarde à l'Ancienne MAILLE Bocal - 360g","p":2.39,"u":"6,64 €/KG","img":"https://fd1-photos.leclercdrive.fr/image.ashx?id=2664307&use=l&cat=p&typeid=i","cat":288850},{"id":207480,"n":"Crème glacée La Laitière Caramel Beurre salé - 490g","p":3.24,"pp":2.27,"u":"4,63 €/KG","img":"https://fd1-photos.leclercdrive.fr/image.ashx?id=2877883&use=l&cat=p&typeid=i","cat":284263},{"id":207492,"n":"Crème glacée La Laitière Vanille pécan - 490g","p":3.24,"pp":2.27,"u":"4,63 €/KG","img":"https://fd1-photos.leclercdrive.fr/image.ashx?id=3000015&use=l&cat=p&typeid=i","cat":284263},{"id":207528,"n":"Lessive liquide L'Arbre Vert Peaux sensibles - x34 - 1.53L","p":6.98,"u":"4,56 €/L","img":"https://fd1-photos.leclercdrive.fr/image.ashx?id=3008536&use=l&cat=p&typeid=i","cat":284640},{"id":207529,"n":"Recharge lessive L'Arbre Vert Peaux sensibles - x34 - 1.53L","p":6.33,"u":"4,14 €/L","img":"https://fd1-photos.leclercdrive.fr/image.ashx?id=2680212&use=l&cat=p&typeid=i","cat":284640},{"id":207530,"n":"Vaisselle mains L'Arbre Vert Peaux sensibles - 750ml","p":1.81,"u":"2,41 €/L","img":"https://fd1-photos.leclercdrive.fr/image.ashx?id=2850575&use=l&cat=p&typeid=i","cat":284655},{"id":207531,"n":"Serviettes hygiéniques Always Ultra - Normal - x30","p":4.26,"img":"https://fd1-photos.leclercdrive.fr/image.ashx?id=2846496&use=l&cat=p&typeid=i","cat":284624},{"id":207533,"n":"Préservatifs Durex Feeling  Extra Fins Extra Lubrifiés x12","p":6.98,"img":"https://fd1-photos.leclercdrive.fr/image.ashx?id=2962014&use=l&cat=p&typeid=i","cat":284631},{"id":207535,"n":"Préservatifs Durex Classic Jeans Confort et Confiance  x12","p":5.64,"img":"https://fd1-photos.leclercdrive.fr/image.ashx?id=2730475&use=l&cat=p&typeid=i","cat":284631},{"id":207536,"n":"Préservatifs Durex Nude Sans Latex Extra Lubrifié x10","p":7.94,"img":"https://fd1-photos.leclercdrive.fr/image.ashx?id=2730478&use=l&cat=p&typeid=i","cat":284631},{"id":207540,"n":"Croûtons Tipiak Ail - 75g","p":1.57,"u":"20,93 €/KG","img":"https://fd1-photos.leclercdrive.fr/image.ashx?id=2684461&use=l&cat=p&typeid=i","cat":284464},{"id":207553,"n":"Dentifrice Sensodyne  Junior - 6-12 ans - 50ml","p":3.64,"u":"72,80 €/L","img":"https://fd1-photos.leclercdrive.fr/image.ashx?id=2968920&use=l&cat=p&typeid=i","cat":288898},{"id":207557,"n":"Préservatifs Durex Feeling  Extra Lubrifié Extra Fins x20","p":10.74,"u":"0,54 €/P","img":"https://fd1-photos.leclercdrive.fr/image.ashx?id=2964965&use=l&cat=p&typeid=i","cat":284631},{"id":207559,"n":"Préservatifs Durex Pleasure me Perlés et Nervurés x12","p":7.48,"u":"0,62 €/P","img":"https://fd1-photos.leclercdrive.fr/image.ashx?id=2730466&use=l&cat=p&typeid=i","cat":284631},{"id":207561,"n":"Recharge Savon Mains Dettol Miel et Beurre de Karité 250ml","p":3.51,"u":"14,04 €/L","img":"https://fd1-photos.leclercdrive.fr/image.ashx?id=2971751&use=l&cat=p&typeid=i","cat":284597},{"id":207604,"n":"Bandes de cire froide Maillot Veet Expert Peaux sensibles x16","p":5.28,"u":"0,33 €/P","img":"https://fd1-photos.leclercdrive.fr/image.ashx?id=2970798&use=l&cat=p&typeid=i","cat":325351},{"id":207607,"n":"Dentifrice Elmex Anti-caries - 75ml","p":4.75,"u":"63,33 €/L","img":"https://fd1-photos.leclercdrive.fr/image.ashx?id=2721184&use=l&cat=p&typeid=i","cat":284612},{"id":207609,"n":"Masque reconstituant Ultra doux Cheveu fragile cassant - 340ml","p":4.62,"u":"13,59 €/L","img":"https://fd1-photos.leclercdrive.fr/image.ashx?id=2646924&use=l&cat=p&typeid=i","cat":284608},{"id":207621,"n":"Carrés démaquillant Feel Natural - +Filet de lavage - x6","p":8.69,"pp":5.21,"img":"https://fd1-photos.leclercdrive.fr/image.ashx?id=2528066&use=l&cat=p&typeid=i","cat":285593},{"id":207627,"n":"ST MARC Pistolet Antibactérien - 750ml","p":1.89,"u":"2,52 €/L","img":"https://fd1-photos.leclercdrive.fr/image.ashx?id=2528054&use=l&cat=p&typeid=i","cat":325357},{"id":208271,"n":"Capsules café L'Or Espresso Forza N°9 x50","p":13.65,"u":"52,50 €/KG","img":"https://fd1-photos.leclercdrive.fr/image.ashx?id=3000471&use=l&cat=p&typeid=i","cat":284749},{"id":208385,"n":"Capsules café L'Or Espresso Delizioso N°5 x50","p":13.65,"u":"52,50 €/KG","img":"https://fd1-photos.leclercdrive.fr/image.ashx?id=2788064&use=l&cat=p&typeid=i","cat":284749},{"id":208417,"n":"Capsules café L'Or Espresso Ristretto N°11 x50","p":13.65,"u":"52,50 €/KG","img":"https://fd1-photos.leclercdrive.fr/image.ashx?id=3000474&use=l&cat=p&typeid=i","cat":284749},{"id":208419,"n":"Infusion Elephant Mure Myrtille vanille 40g","p":2.69,"u":"67,25 €/KG","img":"https://fd1-photos.leclercdrive.fr/image.ashx?id=2530278&use=l&cat=p&typeid=i","cat":293234},{"id":208421,"n":"Infusion fruits rouges Elephant Touche de menthe - 40g","p":2.89,"u":"72,25 €/KG","img":"https://fd1-photos.leclercdrive.fr/image.ashx?id=2813104&use=l&cat=p&typeid=i","cat":293234},{"id":208426,"n":"Infusion Eléphant Tilleul Citron  - x20 - 28g","p":2.85,"u":"101,79 €/KG","img":"https://fd1-photos.leclercdrive.fr/image.ashx?id=2530284&use=l&cat=p&typeid=i","cat":293234},{"id":208477,"n":"Chips paysanne Lay's Saveur Fromage du Jura - 120g","p":1.51,"u":"12,58 €/KG","img":"https://fd1-photos.leclercdrive.fr/image.ashx?id=2810774&use=l&cat=p&typeid=i","cat":284447},{"id":208484,"n":"Chips paysanne Lay's Saveur Oignon de Roscoff - 120g","p":1.51,"u":"12,58 €/KG","img":"https://fd1-photos.leclercdrive.fr/image.ashx?id=2810777&use=l&cat=p&typeid=i","cat":284447},{"id":208485,"n":"Chips paysanne Lay's Saveur Fromage Frais- 120g","p":1.88,"u":"15,67 €/KG","img":"https://fd1-photos.leclercdrive.fr/image.ashx?id=2810780&use=l&cat=p&typeid=i","cat":284447},{"id":208580,"n":"Frites Pom Bistro au Piment d'Espelette - 500g","p":3.42,"u":"6,84 €/KG","img":"https://fd1-photos.leclercdrive.fr/image.ashx?id=2532069&use=l&cat=p&typeid=i","cat":319791},{"id":208632,"n":"Crème glacée La Laitière Crème brulée - 490g","p":3.24,"pp":2.27,"u":"4,63 €/KG","img":"https://fd1-photos.leclercdrive.fr/image.ashx?id=2877880&use=l&cat=p&typeid=i","cat":284263},{"id":208636,"n":"Purée Mousline Crème et noix de muscade - 500g","p":2.98,"u":"5,96 €/KG","img":"https://fd1-photos.leclercdrive.fr/image.ashx?id=3011728&use=l&cat=p&typeid=i","cat":284431},{"id":208642,"n":"Purée Mousline x4 - 520g","p":2.46,"u":"4,73 €/KG","img":"https://fd1-photos.leclercdrive.fr/image.ashx?id=3011734&use=l&cat=p&typeid=i","cat":284431},{"id":208651,"n":"Purée Mousline  x8 - 1.04 kg","p":4.38,"u":"4,21 €/KG","img":"https://fd1-photos.leclercdrive.fr/image.ashx?id=2986780&use=l&cat=p&typeid=i","cat":284431},{"id":208658,"n":"Biscuit P'tit Deli Chocolat lait blanc - 150g","p":1.75,"u":"11,67 €/KG","img":"https://fd1-photos.leclercdrive.fr/image.ashx?id=2531316&use=l&cat=p&typeid=i","cat":284488},{"id":208747,"n":"Café en grains L'OR Brésil 100% Arabica N° 5 900g","p":18.95,"u":"21,06 €/KG","img":"https://fd1-photos.leclercdrive.fr/image.ashx?id=2851348&use=l&cat=p&typeid=i","cat":293237},{"id":208749,"n":"Riz long grain 10 min Lustucru  x5 - 900g","p":2.15,"u":"2,39 €/KG","img":"https://fd1-photos.leclercdrive.fr/image.ashx?id=2963739&use=l&cat=p&typeid=i","cat":284428},{"id":208750,"n":"Purée Mousline x3 - 375g","p":2.34,"u":"6,24 €/KG","img":"https://fd1-photos.leclercdrive.fr/image.ashx?id=2940135&use=l&cat=p&typeid=i","cat":284431},{"id":208751,"n":"Riz long grain 10 min Lustucru x5 - 450g","p":1.36,"u":"3,02 €/KG","img":"https://fd1-photos.leclercdrive.fr/image.ashx?id=2955830&use=l&cat=p&typeid=i","cat":284428},{"id":208759,"n":"Purée Mousline  Presse purée - 375g","p":2.74,"u":"7,31 €/KG","img":"https://fd1-photos.leclercdrive.fr/image.ashx?id=2940117&use=l&cat=p&typeid=i","cat":284431},{"id":208762,"n":"Vinaigre balsamique Modene IGP - 50cl","p":3.15,"u":"6,30 €/L","img":"https://fd1-photos.leclercdrive.fr/image.ashx?id=2645390&use=l&cat=p&typeid=i","cat":298543},{"id":208764,"n":"Gel douche Sanex Natural Prebiotic hydratant - 700ml","p":4.75,"u":"6,79 €/L","img":"https://fd1-photos.leclercdrive.fr/image.ashx?id=2802842&use=l&cat=p&typeid=i","cat":284594},{"id":208772,"n":"Gel douche Sanex Natural Prebiotic - Sensitive - 425ml","p":4.74,"u":"11,15 €/L","img":"https://fd1-photos.leclercdrive.fr/image.ashx?id=2757857&use=l&cat=p&typeid=i","cat":284594},{"id":208774,"n":"Crème corps nourrissante Mixa Peaux extra sèches - 400ml","p":4.62,"u":"11,55 €/L","img":"https://fd1-photos.leclercdrive.fr/image.ashx?id=2533862&use=l&cat=p&typeid=i","cat":325350},{"id":208776,"n":"Gel douche Tahiti Vanille et huile de coco 250ml","p":2.22,"u":"8,88 €/L","img":"https://fd1-photos.leclercdrive.fr/image.ashx?id=2533130&use=l&cat=p&typeid=i","cat":284594},{"id":208777,"n":"Huile de douche Sanex Dermonourishing - Surgras 400ml","p":3.11,"u":"7,78 €/L","img":"https://fd1-photos.leclercdrive.fr/image.ashx?id=2757854&use=l&cat=p&typeid=i","cat":284594},{"id":208786,"n":"Thé glacé Lipton Ice Tea Pêche La bouteille de 1.25L","p":1.46,"u":"1,17 €/L","img":"https://fd1-photos.leclercdrive.fr/image.ashx?id=2731567&use=l&cat=p&typeid=i","cat":295019},{"id":208788,"n":"Thé glacé Lipton Ice Tea Pêche  Sans sucres bouteille de 1.25L","p":1.65,"u":"1,32 €/L","img":"https://fd1-photos.leclercdrive.fr/image.ashx?id=2731570&use=l&cat=p&typeid=i","cat":295019},{"id":208837,"n":"Bacon végétal La Vie Fumé - 120g","p":3.29,"u":"27,42 €/KG","img":"https://fd1-photos.leclercdrive.fr/image.ashx?id=2965250&use=l&cat=p&typeid=i","cat":316036},{"id":208855,"n":"Brosse à dent Colgate Deep Clean - Souple - x1","p":3.67,"img":"https://fd1-photos.leclercdrive.fr/image.ashx?id=2968938&use=l&cat=p&typeid=i","cat":284614},{"id":208856,"n":"Dentifrice Colgate Tonigencyl Expert - 75ml","p":2.19,"u":"29,20 €/L","img":"https://fd1-photos.leclercdrive.fr/image.ashx?id=2859992&use=l&cat=p&typeid=i","cat":284612},{"id":208865,"n":"Spray nasal Prorhinel Aloe Vera - Enfant/Adulte 100ml","p":5.79,"u":"57,90 €/L","img":"https://fd1-photos.leclercdrive.fr/image.ashx?id=2917861&use=l&cat=p&typeid=i","cat":284630},{"id":208867,"n":"Serum physiologique Prorhinel 30x5ml","p":3.28,"u":"21,87 €/L","img":"https://fd1-photos.leclercdrive.fr/image.ashx?id=2878303&use=l&cat=p&typeid=i","cat":284741},{"id":208928,"n":"Cidou un amour de fruits Pomme - 1L","p":1.89,"u":"1,89 €/L","img":"https://fd1-photos.leclercdrive.fr/image.ashx?id=2535043&use=l&cat=p&typeid=i","cat":284522},{"id":209054,"n":"Wraps Old El Paso Extra fins x6 - 192g","p":2.78,"u":"14,48 €/KG","img":"https://fd1-photos.leclercdrive.fr/image.ashx?id=2737693&use=l&cat=p&typeid=i","cat":288993},{"id":209057,"n":"Céréales bébé P'TITE CEREALE chocolat biscuit 12M+ - 415g","p":3.24,"u":"7,81 €/KG","img":"https://fd1-photos.leclercdrive.fr/image.ashx?id=2537303&use=l&cat=p&typeid=i","cat":312225},{"id":209059,"n":"P'tite céréale Nestlé Noisettes Biscuit - 12M+ - 415g","p":3.63,"u":"8,75 €/KG","img":"https://fd1-photos.leclercdrive.fr/image.ashx?id=2679389&use=l&cat=p&typeid=i","cat":312225},{"id":209060,"n":"Chips nature Lay's Sel - 6x25g","p":2.08,"u":"13,87 €/KG","img":"https://fd1-photos.leclercdrive.fr/image.ashx?id=3011143&use=l&cat=p&typeid=i","cat":284447},{"id":209061,"n":"Sauce pesto Florelli A la genovese - 190g","p":2.36,"u":"12,42 €/KG","img":"https://fd1-photos.leclercdrive.fr/image.ashx?id=2787452&use=l&cat=p&typeid=i","cat":299047},{"id":209064,"n":"Céréales bébé BABICAO Cacao 10M+ - 400g","p":3.48,"u":"8,70 €/KG","img":"https://fd1-photos.leclercdrive.fr/image.ashx?id=2537294&use=l&cat=p&typeid=i","cat":312225},{"id":209066,"n":"Céréales bébé P'TITE CEREALE Vanille Biscuit 12M+ - 415g","p":3.24,"u":"7,81 €/KG","img":"https://fd1-photos.leclercdrive.fr/image.ashx?id=2537297&use=l&cat=p&typeid=i","cat":312225},{"id":209093,"n":"Adoucissant Soupline Magnolia & lavande - x60 1.28L","p":6.31,"u":"4,85 €/L","img":"https://fd1-photos.leclercdrive.fr/image.ashx?id=2832569&use=l&cat=p&typeid=i","cat":284650},{"id":209094,"n":"Adoucissant Soupline Concentré Mandarine Vanille x60 - 1.28ml","p":5.44,"u":"4,25 €/L","img":"https://fd1-photos.leclercdrive.fr/image.ashx?id=2832572&use=l&cat=p&typeid=i","cat":284650},{"id":209113,"n":"Pâtes Collezione Barilla Farfalle Generose - 500g","p":1.66,"u":"3,32 €/KG","img":"https://fd1-photos.leclercdrive.fr/image.ashx?id=2654122&use=l&cat=p&typeid=i","cat":284427},{"id":209137,"n":"Blanc de poulet Tradilège Doré au four - 240g","p":1.97,"u":"8,21 €/KG","img":"https://fd1-photos.leclercdrive.fr/image.ashx?id=2925759&use=l&cat=p&typeid=i","cat":316010},{"id":209179,"n":"Crème dépilatoire Expert Veet Bikini Maillot Intégral 200ml","p":8.98,"u":"89,80 €/L","img":"https://fd1-photos.leclercdrive.fr/image.ashx?id=2964968&use=l&cat=p&typeid=i","cat":325351},{"id":209196,"n":"Pur jus Tropicana Réveil fruité - 90cl","p":2.92,"u":"3,24 €/L","img":"https://fd1-photos.leclercdrive.fr/image.ashx?id=2538431&use=l&cat=p&typeid=i","cat":285435},{"id":209207,"n":"Nouilles précuites Suzi Wan  Ramen pour wok - 2x150g","p":2.88,"u":"8,73 €/KG","img":"https://fd1-photos.leclercdrive.fr/image.ashx?id=2992272&use=l&cat=p&typeid=i","cat":288992},{"id":209208,"n":"Sauce soja Suzi Wan Sucrée - 135ml","p":1.89,"u":"14,00 €/KG","img":"https://fd1-photos.leclercdrive.fr/image.ashx?id=2892931&use=l&cat=p&typeid=i","cat":288992},{"id":209209,"n":"Sauce soja Suzi Wan 250ml","p":2.96,"u":"11,84 €/L","img":"https://fd1-photos.leclercdrive.fr/image.ashx?id=2990880&use=l&cat=p&typeid=i","cat":288992},{"id":209301,"n":"Thé vert glacé Lipton Ice Tea Citron vert menthe - 1.25L","p":1.74,"u":"1,39 €/L","img":"https://fd1-photos.leclercdrive.fr/image.ashx?id=2731579&use=l&cat=p&typeid=i","cat":295019},{"id":209302,"n":"Thé glacé Lipton Ice Tea Citron/citron vert - 1.25L","p":1.75,"u":"1,40 €/L","img":"https://fd1-photos.leclercdrive.fr/image.ashx?id=2731573&use=l&cat=p&typeid=i","cat":295019},{"id":209304,"n":"Thé vert glacé Lipton Ice Tea Pêche blanche - 1.25L","p":2.08,"u":"1,66 €/L","img":"https://fd1-photos.leclercdrive.fr/image.ashx?id=2538623&use=l&cat=p&typeid=i","cat":295019},{"id":209306,"n":"Thé glacé Lipton Ice Tea Mangue - 1.25L","p":2.08,"u":"1,66 €/L","img":"https://fd1-photos.leclercdrive.fr/image.ashx?id=2731585&use=l&cat=p&typeid=i","cat":295019},{"id":209309,"n":"Thé glacé Lipton Ice Tea Framboise - 1.25L","p":1.76,"u":"1,41 €/L","img":"https://fd1-photos.leclercdrive.fr/image.ashx?id=2731588&use=l&cat=p&typeid=i","cat":295019},{"id":209311,"n":"Thé glacé Lipton Ice Tea Pêche abricot - 1,25L","p":1.79,"u":"1,43 €/L","img":"https://fd1-photos.leclercdrive.fr/image.ashx?id=2731576&use=l&cat=p&typeid=i","cat":295019},{"id":209339,"n":"Mélange Sainte Lucie Tex Mex - 46g","p":2.3,"u":"50,00 €/KG","img":"https://fd1-photos.leclercdrive.fr/image.ashx?id=2975179&use=l&cat=p&typeid=i","cat":298297},{"id":209345,"n":"Chair de crabe Côte de Mer 102g","p":2.79,"u":"26,57 €/KG","img":"https://fd1-photos.leclercdrive.fr/image.ashx?id=2557482&use=l&cat=p&typeid=i","cat":305147},{"id":209353,"n":"Ratatouille provençale d'aucy 42,5cl","p":2.32,"u":"6,11 €/KG","img":"https://fd1-photos.leclercdrive.fr/image.ashx?id=2539512&use=l&cat=p&typeid=i","cat":312612},{"id":209354,"n":"Courgettes cuisinées D'Aucy Provencale - 380g","p":2.43,"u":"6,39 €/KG","img":"https://fd1-photos.leclercdrive.fr/image.ashx?id=2570088&use=l&cat=p&typeid=i","cat":312612},{"id":209355,"n":"Aubergines cuisinées D'Aucy 380g","p":2.35,"u":"6,18 €/KG","img":"https://fd1-photos.leclercdrive.fr/image.ashx?id=2539509&use=l&cat=p&typeid=i","cat":312612},{"id":209356,"n":"Curry de pois chiches d'aucy  42,5cl","p":2.35,"u":"6,18 €/KG","img":"https://fd1-photos.leclercdrive.fr/image.ashx?id=2539506&use=l&cat=p&typeid=i","cat":287599},{"id":209357,"n":"Mijote de lentilles d'aucy  42,5cl","p":2.35,"u":"6,18 €/KG","img":"https://fd1-photos.leclercdrive.fr/image.ashx?id=2592219&use=l&cat=p&typeid=i","cat":312612},{"id":209367,"n":"Sauce pesto rouge Florelli 190g","p":2.27,"u":"11,95 €/KG","img":"https://fd1-photos.leclercdrive.fr/image.ashx?id=2787455&use=l&cat=p&typeid=i","cat":289010},{"id":209368,"n":"Thé glacé Lipton Ice Tea Pêche La bouteille de 1.75L","p":1.85,"u":"1,06 €/L","img":"https://fd1-photos.leclercdrive.fr/image.ashx?id=2731594&use=l&cat=p&typeid=i","cat":295019},{"id":209371,"n":"Aneth Ducros 13g","p":1.53,"u":"117,69 €/KG","img":"https://fd1-photos.leclercdrive.fr/image.ashx?id=2538599&use=l&cat=p&typeid=i","cat":298297},{"id":209430,"n":"Skyr Danone Citron 0%mg - 2x140g","p":2.36,"u":"8,43 €/KG","img":"https://fd1-photos.leclercdrive.fr/image.ashx?id=2851728&use=l&cat=p&typeid=i","cat":315000},{"id":209438,"n":"Crème dessert protéinée Hipro  Vanille 0%mg- 180g","p":1.86,"u":"10,33 €/KG","img":"https://fd1-photos.leclercdrive.fr/image.ashx?id=2800291&use=l&cat=p&typeid=i","cat":285041},{"id":209455,"n":"Miel d'Acacia de France Les Compagnons du Miel - 375g","p":8.25,"u":"22,00 €/KG","img":"https://fd1-photos.leclercdrive.fr/image.ashx?id=2860298&use=l&cat=p&typeid=i","cat":287643},{"id":209464,"n":"Sirop Teisseire citron Bidon mega - 130cl","p":4.97,"u":"3,82 €/L","img":"https://fd1-photos.leclercdrive.fr/image.ashx?id=2539707&use=l&cat=p&typeid=i","cat":295020},{"id":209465,"n":"Sirop Teisseire Ice Tea Pêche Bidon - 60cl","p":3.3,"u":"5,50 €/L","img":"https://fd1-photos.leclercdrive.fr/image.ashx?id=2539710&use=l&cat=p&typeid=i","cat":295020},{"id":209491,"n":"Couscous moyen Ferrero sachet -500g","p":1.63,"u":"3,26 €/KG","img":"https://fd1-photos.leclercdrive.fr/image.ashx?id=2869561&use=l&cat=p&typeid=i","cat":284429},{"id":209495,"n":"Salade & Cie Sodebo Manhattan Poulet rôti - 320g","p":2.94,"u":"9,19 €/KG","img":"https://fd1-photos.leclercdrive.fr/image.ashx?id=2732407&use=l&cat=p&typeid=i","cat":333657},{"id":209510,"n":"Chips nature Lay's Sel - 250g","p":2.33,"u":"9,32 €/KG","img":"https://fd1-photos.leclercdrive.fr/image.ashx?id=2995073&use=l&cat=p&typeid=i","cat":284447},{"id":209514,"n":"Chips Lay's Nature - 135g","p":1.35,"u":"10,00 €/KG","img":"https://fd1-photos.leclercdrive.fr/image.ashx?id=2994482&use=l&cat=p&typeid=i","cat":284447},{"id":209589,"n":"Pain Kebab La Boulangère x4 - 320g","p":2.08,"u":"8,00 €/KG","img":"https://fd1-photos.leclercdrive.fr/image.ashx?id=2912308&use=l&cat=p&typeid=i","cat":284985},{"id":209593,"n":"Brioche Muffin La Boulangère x5 - 250g","p":1.53,"u":"6,12 €/KG","img":"https://fd1-photos.leclercdrive.fr/image.ashx?id=2912443&use=l&cat=p&typeid=i","cat":284478},{"id":209597,"n":"Compote Allégée en sucres Eco+ Bocal pomme poire - 720g","p":1.13,"u":"1,57 €/KG","img":"https://fd1-photos.leclercdrive.fr/image.ashx?id=2953206&use=l&cat=p&typeid=i","cat":284508},{"id":209598,"n":"Compote Allégée en sucres Eco+ Bocal pomme banane - 720g","p":1.03,"u":"1,43 €/KG","img":"https://fd1-photos.leclercdrive.fr/image.ashx?id=2953209&use=l&cat=p&typeid=i","cat":284508},{"id":209599,"n":"Capsules café L'Or Espresso Lungo Profondo N°8 x50","p":15.68,"u":"60,31 €/KG","img":"https://fd1-photos.leclercdrive.fr/image.ashx?id=2540898&use=l&cat=p&typeid=i","cat":284749},{"id":209600,"n":"Capsules café L'Or Espresso Splendente N°7 x50","p":13.65,"u":"52,50 €/KG","img":"https://fd1-photos.leclercdrive.fr/image.ashx?id=3000477&use=l&cat=p&typeid=i","cat":284749},{"id":209601,"n":"Thé vert Lipton Menthe intense - x20 - 32g","p":1.58,"u":"49,38 €/KG","img":"https://fd1-photos.leclercdrive.fr/image.ashx?id=2540907&use=l&cat=p&typeid=i","cat":293233},{"id":209686,"n":"Thé vert Lipton Myrtille et mure - x20 - 32g","p":2.32,"u":"72,50 €/KG","img":"https://fd1-photos.leclercdrive.fr/image.ashx?id=2542816&use=l&cat=p&typeid=i","cat":293233},{"id":209688,"n":"Thé vert menthe Lipton Asie - x30s - 48g","p":2.69,"u":"56,04 €/KG","img":"https://fd1-photos.leclercdrive.fr/image.ashx?id=2542819&use=l&cat=p&typeid=i","cat":293233},{"id":209691,"n":"Thé vert Lipton x30s - 39g","p":2.64,"u":"67,69 €/KG","img":"https://fd1-photos.leclercdrive.fr/image.ashx?id=2542822&use=l&cat=p&typeid=i","cat":293233},{"id":209722,"n":"Dessert Glacé Viennetta Caramel beurre salé - 320g","p":2.11,"u":"6,59 €/KG","img":"https://fd1-photos.leclercdrive.fr/image.ashx?id=2802836&use=l&cat=p&typeid=i","cat":284266},{"id":209724,"n":"Dessert Glacé Viennetta Chocolat -  320g","p":2.57,"u":"8,03 €/KG","img":"https://fd1-photos.leclercdrive.fr/image.ashx?id=3009287&use=l&cat=p&typeid=i","cat":284266},{"id":209733,"n":"Dessert Glacé Viennetta Vanille -  320g","p":2.28,"u":"7,13 €/KG","img":"https://fd1-photos.leclercdrive.fr/image.ashx?id=3009182&use=l&cat=p&typeid=i","cat":284266},{"id":209739,"n":"Adoucissant concentré Soupline Hypoallergénique 64 lav. 1,35L","p":4.92,"u":"3,64 €/L","img":"https://fd1-photos.leclercdrive.fr/image.ashx?id=2831185&use=l&cat=p&typeid=i","cat":284650},{"id":209795,"n":"Mascara L'Oréal Paris  Telescopic Lift longueur","p":11.23,"img":"https://fd1-photos.leclercdrive.fr/image.ashx?id=2543969&use=l&cat=p&typeid=i","cat":287029},{"id":209804,"n":"Rasoirs jetables Wilkinson Xtreme 3 Ultimate confort - x8","p":10.26,"img":"https://fd1-photos.leclercdrive.fr/image.ashx?id=2846478&use=l&cat=p&typeid=i","cat":284616},{"id":209843,"n":"Thé vert menthe Lipton x50 - 80g","p":4.34,"u":"54,25 €/KG","img":"https://fd1-photos.leclercdrive.fr/image.ashx?id=2544629&use=l&cat=p&typeid=i","cat":293233},{"id":209850,"n":"Thé vert Lipton  Classique Asie  - x50 - 65g","p":4.47,"u":"68,77 €/KG","img":"https://fd1-photos.leclercdrive.fr/image.ashx?id=2544632&use=l&cat=p&typeid=i","cat":293233},{"id":209854,"n":"Thé vert citron Lipton Asie - x30 - 48g","p":2.62,"u":"54,58 €/KG","img":"https://fd1-photos.leclercdrive.fr/image.ashx?id=2544635&use=l&cat=p&typeid=i","cat":293233},{"id":209855,"n":"Thé vert Tchae menthe x20 - 40g","p":2.61,"u":"65,25 €/KG","img":"https://fd1-photos.leclercdrive.fr/image.ashx?id=2544638&use=l&cat=p&typeid=i","cat":293233},{"id":209856,"n":"Thé vert Tchaé orient  Lipton  x20 - 35g","p":2.54,"u":"72,57 €/KG","img":"https://fd1-photos.leclercdrive.fr/image.ashx?id=2544641&use=l&cat=p&typeid=i","cat":293233},{"id":209859,"n":"Déboucheur Liquide Destop  4 doses - 950ml","p":3.16,"u":"3,33 €/L","img":"https://fd1-photos.leclercdrive.fr/image.ashx?id=2832161&use=l&cat=p&typeid=i","cat":284908},{"id":209860,"n":"Déboucheur Gel Destop  Express - 4 doses - 950ml","p":2.94,"u":"3,09 €/L","img":"https://fd1-photos.leclercdrive.fr/image.ashx?id=2832164&use=l&cat=p&typeid=i","cat":284908},{"id":209866,"n":"Infusion Elephant  Pêche Abricot - x20 38g","p":2.69,"u":"70,79 €/KG","img":"https://fd1-photos.leclercdrive.fr/image.ashx?id=2544617&use=l&cat=p&typeid=i","cat":293234},{"id":209867,"n":"AIRWICK Recharge diffuseur Fres hmatic Purefresh Agrumes 250ml","p":3.91,"u":"15,64 €/L","img":"https://fd1-photos.leclercdrive.fr/image.ashx?id=2963478&use=l&cat=p&typeid=i","cat":311629},{"id":209868,"n":"AIRWICK Recharge Freshmatic Vanille et Caramel - 250ml","p":3.7,"u":"14,80 €/L","img":"https://fd1-photos.leclercdrive.fr/image.ashx?id=2896348&use=l&cat=p&typeid=i","cat":311629},{"id":209869,"n":"Infusion Elephant Pomme cannelle - 36g","p":1.79,"u":"49,72 €/KG","img":"https://fd1-photos.leclercdrive.fr/image.ashx?id=2544614&use=l&cat=p&typeid=i","cat":293234},{"id":209872,"n":"Infusion Elephant  Pamplemousse Mandarine x20 38g","p":2.78,"u":"73,16 €/KG","img":"https://fd1-photos.leclercdrive.fr/image.ashx?id=2544620&use=l&cat=p&typeid=i","cat":293234},{"id":209875,"n":"Gel WC 100% Détartrant Harpic 5 min Chrono - 750ml","p":1.54,"u":"2,05 €/L","img":"https://fd1-photos.leclercdrive.fr/image.ashx?id=2864687&use=l&cat=p&typeid=i","cat":284662},{"id":209877,"n":"Aérosol Fabulon  Pressing express - 400ml","p":4.04,"u":"10,10 €/L","img":"https://fd1-photos.leclercdrive.fr/image.ashx?id=2544410&use=l&cat=p&typeid=i","cat":284652},{"id":209878,"n":"Spray vitres Ajax Triple action - 750ml","p":1.94,"u":"2,59 €/L","img":"https://fd1-photos.leclercdrive.fr/image.ashx?id=2544581&use=l&cat=p&typeid=i","cat":325363},{"id":209879,"n":"Spray nettoyant La Croix Salle de bain - 500ml","p":1.79,"u":"3,58 €/L","img":"https://fd1-photos.leclercdrive.fr/image.ashx?id=2544587&use=l&cat=p&typeid=i","cat":325357},{"id":209891,"n":"Nettoyant lave-vaisselle Finish  Intégral Anti-Odeurs - 250ml","p":3.19,"u":"12,76 €/L","img":"https://fd1-photos.leclercdrive.fr/image.ashx?id=2659735&use=l&cat=p&typeid=i","cat":284657},{"id":209893,"n":"Détachant poudre Vanish  940g","p":10.23,"u":"10,88 €/KG","img":"https://fd1-photos.leclercdrive.fr/image.ashx?id=2680308&use=l&cat=p&typeid=i","cat":284651},{"id":209894,"n":"Adoucissant concentré Soupline  Lavande 60 lavages 1,35 L","p":5.69,"u":"4,21 €/L","img":"https://fd1-photos.leclercdrive.fr/image.ashx?id=2912716&use=l&cat=p&typeid=i","cat":284650},{"id":209896,"n":"Beurre gastronomique Président Doux - 82% MG - 500g","p":5.47,"u":"10,94 €/KG","img":"https://fd1-photos.leclercdrive.fr/image.ashx?id=2740556&use=l&cat=p&typeid=i","cat":284379},{"id":209898,"n":"Beurre gastronomique Président Demi-sel - 80% MG - 500g","p":5.44,"u":"10,88 €/P","img":"https://fd1-photos.leclercdrive.fr/image.ashx?id=2740559&use=l&cat=p&typeid=i","cat":284379},{"id":209901,"n":"Soda Schweppes Spritz - 1L","p":1.83,"u":"1,83 €/L","img":"https://fd1-photos.leclercdrive.fr/image.ashx?id=2852441&use=l&cat=p&typeid=i","cat":284532},{"id":209902,"n":"Nettoyant lave linge protection complète Dr Beckmann 50cl","p":5.94,"u":"11,88 €/L","img":"https://fd1-photos.leclercdrive.fr/image.ashx?id=2897291&use=l&cat=p&typeid=i","cat":284653},{"id":209915,"n":"Entrecôte de bœuf *** limousine L'Atelier Boucherie - 230g","p":9.99,"u":"43,43 €/KG","img":"https://fd1-photos.leclercdrive.fr/image.ashx?id=2546899&use=l&cat=p&typeid=i","cat":284328},{"id":209926,"n":"Emincés de bœuf *** limousine L'atelier Boucherie - 240G","p":6.49,"u":"27,04 €/KG","img":"https://fd1-photos.leclercdrive.fr/image.ashx?id=2546920&use=l&cat=p&typeid=i","cat":284328},{"id":209935,"n":"Rumsteck tournedos*** limousine L'Atelier Boucherie x2 - 280g","p":8.99,"u":"32,11 €/KG","img":"https://fd1-photos.leclercdrive.fr/image.ashx?id=2546914&use=l&cat=p&typeid=i","cat":284328},{"id":209940,"n":"Steak de bœuf ** limousine  L'atelier Boucherie x2 - 260G","p":7.49,"u":"28,81 €/KG","img":"https://fd1-photos.leclercdrive.fr/image.ashx?id=2546908&use=l&cat=p&typeid=i","cat":284328},{"id":209996,"n":"Détachant Gel Vanish  750ml","p":5.98,"u":"7,97 €/L","img":"https://fd1-photos.leclercdrive.fr/image.ashx?id=2878108&use=l&cat=p&typeid=i","cat":284651},{"id":210011,"n":"Détachant poudre Vanish  Blanc - 940g","p":9.93,"u":"10,56 €/KG","img":"https://fd1-photos.leclercdrive.fr/image.ashx?id=2680311&use=l&cat=p&typeid=i","cat":284651},{"id":210012,"n":"Adoucissant concentré Soupline Moments magiques - x52 - 1.2L","p":5.42,"u":"4,52 €/L","img":"https://fd1-photos.leclercdrive.fr/image.ashx?id=2545207&use=l&cat=p&typeid=i","cat":284650},{"id":210014,"n":"Adoucissant concentré Soupline Soin expert - x52 - 1.2L","p":5.95,"u":"4,96 €/L","img":"https://fd1-photos.leclercdrive.fr/image.ashx?id=2545210&use=l&cat=p&typeid=i","cat":284650},{"id":210017,"n":"Mascara Maybelline Falsies Surreal Noir","p":10.1,"img":"https://fd1-photos.leclercdrive.fr/image.ashx?id=2545099&use=l&cat=p&typeid=i","cat":287029},{"id":210024,"n":"Lingettes désinfectantes St  Marc Soleil de Corse - x80","p":2.55,"u":"0,03 €/P","img":"https://fd1-photos.leclercdrive.fr/image.ashx?id=2757440&use=l&cat=p&typeid=i","cat":325358},{"id":210064,"n":"Friandises pour chien Fido Poulet - 130g","p":1.87,"u":"14,38 €/KG","img":"https://fd1-photos.leclercdrive.fr/image.ashx?id=2561503&use=l&cat=p&typeid=i","cat":294527},{"id":210071,"n":"Eyeliner feutre Maybelline Ink Pen ultra-pigmenté","p":10.51,"img":"https://fd1-photos.leclercdrive.fr/image.ashx?id=2546629&use=l&cat=p&typeid=i","cat":287029},{"id":210120,"n":"Thé glacé Lipton Ice Tea Pastèque menthe - 1.25L","p":1.67,"u":"1,34 €/L","img":"https://fd1-photos.leclercdrive.fr/image.ashx?id=2731591&use=l&cat=p&typeid=i","cat":295019},{"id":210149,"n":"Gel douche bio So'Bio Etic Pêche & Fleurs blanches - 450ml","p":5.23,"u":"11,62 €/L","img":"https://fd1-photos.leclercdrive.fr/image.ashx?id=2793632&use=l&cat=p&typeid=i","cat":284594},{"id":210208,"n":"Brossettes Oral-B Pro Sensitive Clean - x4","p":22.54,"u":"5,64 €/P","img":"https://fd1-photos.leclercdrive.fr/image.ashx?id=2737552&use=l&cat=p&typeid=i","cat":297133},{"id":210235,"n":"Serviettes Tena Discreet Extra - x10","p":3.94,"u":"0,39 €/P","img":"https://fd1-photos.leclercdrive.fr/image.ashx?id=2597244&use=l&cat=p&typeid=i","cat":284628},{"id":210611,"n":"Pomelos à jus  Panier du Primeur Sachet 1.5kg","p":3.49,"u":"2,33 €/KG","img":"https://fd1-photos.leclercdrive.fr/image.ashx?id=2994713&use=l&cat=p&typeid=i","cat":284356},{"id":210703,"n":"Terrine Tous mes amis Volaille carottes - 1.2kg","p":1.95,"u":"1,63 €/KG","img":"https://fd1-photos.leclercdrive.fr/image.ashx?id=2815758&use=l&cat=p&typeid=i","cat":288578},{"id":210705,"n":"Dragées chocolatées M&M's Cacahuètes - 250g","p":3.18,"u":"12,72 €/KG","img":"https://fd1-photos.leclercdrive.fr/image.ashx?id=3003393&use=l&cat=p&typeid=i","cat":304238},{"id":210708,"n":"Coulis Sainte Lucie Fruits rouges  - 110g","p":3.13,"u":"28,45 €/KG","img":"https://fd1-photos.leclercdrive.fr/image.ashx?id=2551093&use=l&cat=p&typeid=i","cat":284504},{"id":210717,"n":"Boulettes de boeuf Eco+ 1.2kg","p":1.54,"img":"https://fd1-photos.leclercdrive.fr/image.ashx?id=2550502&use=l&cat=p&typeid=i","cat":288578},{"id":210727,"n":"Poivre noir Ducros Bresil - 32g","p":3.1,"u":"96,88 €/KG","img":"https://fd1-photos.leclercdrive.fr/image.ashx?id=2552580&use=l&cat=p&typeid=i","cat":284457},{"id":210728,"n":"Sirop de glucose 250g","p":3.6,"u":"14,40 €/KG","img":"https://fd1-photos.leclercdrive.fr/image.ashx?id=2876308&use=l&cat=p&typeid=i","cat":284504},{"id":210803,"n":"Adoucissant Hyperdou Douceur de pêche - 1.9L - x27","p":2.42,"u":"1,27 €/L","img":"https://fd1-photos.leclercdrive.fr/image.ashx?id=2603015&use=l&cat=p&typeid=i","cat":284650},{"id":210804,"n":"Adoucissant Hyperdou Rêve de fraîcheur - 1.9L - x27","p":2.15,"u":"1,13 €/L","img":"https://fd1-photos.leclercdrive.fr/image.ashx?id=2958762&use=l&cat=p&typeid=i","cat":284650},{"id":210806,"n":"Adoucissant Hyperdou Senstive - 1.9L - x27","p":2.39,"u":"1,26 €/L","img":"https://fd1-photos.leclercdrive.fr/image.ashx?id=2603024&use=l&cat=p&typeid=i","cat":284650},{"id":210823,"n":"Pommes noisette Findus 500g","p":2.27,"u":"4,54 €/KG","img":"https://fd1-photos.leclercdrive.fr/image.ashx?id=2865866&use=l&cat=p&typeid=i","cat":319792},{"id":210824,"n":"Pommes noisette Findus 900g","p":3.74,"u":"4,16 €/KG","img":"https://fd1-photos.leclercdrive.fr/image.ashx?id=2899500&use=l&cat=p&typeid=i","cat":319792},{"id":210827,"n":"Adoucissant Hyperdou Plaisir de vanille - 1.9L - x27","p":1.99,"u":"1,05 €/L","img":"https://fd1-photos.leclercdrive.fr/image.ashx?id=2603018&use=l&cat=p&typeid=i","cat":284650},{"id":210889,"n":"Yaourt à boire Eco+ Fraise - 850g","p":1.33,"u":"1,56 €/KG","img":"https://fd1-photos.leclercdrive.fr/image.ashx?id=2552033&use=l&cat=p&typeid=i","cat":284415},{"id":210946,"n":"Margarine Planta Fin  Demi-sel 100% végétal - 450g","p":2.63,"u":"5,84 €/KG","img":"https://fd1-photos.leclercdrive.fr/image.ashx?id=2989474&use=l&cat=p&typeid=i","cat":315229},{"id":210948,"n":"Margarine Planta Fin Doux 100% végétal - 450g","p":2.54,"u":"5,64 €/KG","img":"https://fd1-photos.leclercdrive.fr/image.ashx?id=2989477&use=l&cat=p&typeid=i","cat":315229},{"id":210960,"n":"Bouchées Tous les Amis 1.2kg","p":2.15,"u":"1,79 €/KG","img":"https://fd1-photos.leclercdrive.fr/image.ashx?id=2815767&use=l&cat=p&typeid=i","cat":288578},{"id":210962,"n":"Emincés en sauce Tous les Amis Assortiment - 6x400g","p":5.28,"u":"2,20 €/KG","img":"https://fd1-photos.leclercdrive.fr/image.ashx?id=2815761&use=l&cat=p&typeid=i","cat":285601},{"id":210963,"n":"Boulettes de bœuf Eco+ 400g","p":0.87,"u":"2,18 €/KG","img":"https://fd1-photos.leclercdrive.fr/image.ashx?id=2815731&use=l&cat=p&typeid=i","cat":285601},{"id":210966,"n":"Repas bébé Babybio +4 mois mes premiers légumes 4x130g","p":4.76,"u":"9,15 €/KG","img":"https://fd1-photos.leclercdrive.fr/image.ashx?id=2832014&use=l&cat=p&typeid=i","cat":312234},{"id":211041,"n":"Fromage à tartiner Kiri Délicieusement fouetté - 210g","p":3.38,"u":"16,10 €/KG","img":"https://fd1-photos.leclercdrive.fr/image.ashx?id=2686594&use=l&cat=p&typeid=i","cat":314029},{"id":211044,"n":"Gel Toilette Intime Extra Doux Intima Natural Hamamélis 500ml","p":5.87,"u":"11,74 €/L","img":"https://fd1-photos.leclercdrive.fr/image.ashx?id=2959877&use=l&cat=p&typeid=i","cat":284627},{"id":211054,"n":"Croûtons Tipiak Nature - 75g","p":1.47,"u":"19,60 €/KG","img":"https://fd1-photos.leclercdrive.fr/image.ashx?id=2812726&use=l&cat=p&typeid=i","cat":284464},{"id":211079,"n":"Terrine Tous Mes Amis 3x1.2kg","p":5.85,"u":"1,63 €/KG","img":"https://fd1-photos.leclercdrive.fr/image.ashx?id=2815770&use=l&cat=p&typeid=i","cat":288578},{"id":211081,"n":"Pâte Sainte Lucie Pistache  - 220g","p":8.8,"u":"40,00 €/KG","img":"https://fd1-photos.leclercdrive.fr/image.ashx?id=2554097&use=l&cat=p&typeid=i","cat":284504},{"id":211085,"n":"Thé glacé Lipton Ice Tea pêche Le lot de 4x1.25L","p":6.25,"u":"1,25 €/L","img":"https://fd1-photos.leclercdrive.fr/image.ashx?id=2554133&use=l&cat=p&typeid=i","cat":295019},{"id":211089,"n":"Pâte à sucre rose Vahiné  250g","p":3.4,"u":"13,60 €/KG","img":"https://fd1-photos.leclercdrive.fr/image.ashx?id=2554154&use=l&cat=p&typeid=i","cat":284504},{"id":211095,"n":"Dessert végétal Alpro Fraise - 500g","p":2.04,"u":"4,08 €/KG","img":"https://fd1-photos.leclercdrive.fr/image.ashx?id=2976071&use=l&cat=p&typeid=i","cat":316071},{"id":211096,"n":"Ciboulette Ducros 11g","p":2.24,"u":"203,64 €/KG","img":"https://fd1-photos.leclercdrive.fr/image.ashx?id=2554115&use=l&cat=p&typeid=i","cat":298297},{"id":211098,"n":"Emincée Tous Mes Amis Poissons - 4x400g","p":4.02,"u":"2,51 €/KG","img":"https://fd1-photos.leclercdrive.fr/image.ashx?id=2815764&use=l&cat=p&typeid=i","cat":285601},{"id":211122,"n":"Curry Ducros 100g","p":3.0,"u":"30,00 €/KG","img":"https://fd1-photos.leclercdrive.fr/image.ashx?id=2554118&use=l&cat=p&typeid=i","cat":298297},{"id":211123,"n":"Paprika doux Ducros 100g","p":3.07,"u":"30,70 €/KG","img":"https://fd1-photos.leclercdrive.fr/image.ashx?id=2554121&use=l&cat=p&typeid=i","cat":298297},{"id":211125,"n":"Curry Ducros 47g","p":1.88,"u":"40,00 €/KG","img":"https://fd1-photos.leclercdrive.fr/image.ashx?id=2559496&use=l&cat=p&typeid=i","cat":298297},{"id":211127,"n":"Pignons de pin Vahiné  150g","p":10.67,"u":"71,13 €/KG","img":"https://fd1-photos.leclercdrive.fr/image.ashx?id=2554142&use=l&cat=p&typeid=i","cat":284357},{"id":211178,"n":"Papier cuisson Alfapac Rouleau 12m","p":2.55,"img":"https://fd1-photos.leclercdrive.fr/image.ashx?id=2887737&use=l&cat=p&typeid=i","cat":334134},{"id":211229,"n":"Pépites chocolat corsé Vahiné 100g","p":3.49,"u":"34,90 €/KG","img":"https://fd1-photos.leclercdrive.fr/image.ashx?id=2555403&use=l&cat=p&typeid=i","cat":284504},{"id":211244,"n":"Boisson base vodka Eristoff Pink 18° - 70cl","p":12.44,"u":"17,77 €/L","img":"https://fd1-photos.leclercdrive.fr/image.ashx?id=2842933&use=l&cat=p&typeid=i","cat":284550},{"id":211320,"n":"Sirop Oasis Grenadine - 75cl","p":3.38,"u":"4,51 €/L","img":"https://fd1-photos.leclercdrive.fr/image.ashx?id=2555418&use=l&cat=p&typeid=i","cat":295020},{"id":211321,"n":"Sirop Oasis  Menthe Citron - 75cl","p":3.5,"u":"4,67 €/L","img":"https://fd1-photos.leclercdrive.fr/image.ashx?id=2555421&use=l&cat=p&typeid=i","cat":295020},{"id":211398,"n":"Amandes  Tokapi 200g","p":2.78,"u":"13,90 €/KG","img":"https://fd1-photos.leclercdrive.fr/image.ashx?id=2793326&use=l&cat=p&typeid=i","cat":284448},{"id":211402,"n":"Melange non salé Tokapi 150g","p":2.3,"u":"15,33 €/KG","img":"https://fd1-photos.leclercdrive.fr/image.ashx?id=2793323&use=l&cat=p&typeid=i","cat":284448},{"id":211403,"n":"Mélange noix fruits secs Tokapi 150g","p":2.16,"u":"14,40 €/KG","img":"https://fd1-photos.leclercdrive.fr/image.ashx?id=2920232&use=l&cat=p&typeid=i","cat":284448},{"id":211409,"n":"AOP Crémant d'Alsace Rebmann Demi sec - 75cl","p":5.95,"u":"7,93 €/L","img":"https://fd1-photos.leclercdrive.fr/image.ashx?id=2874759&use=l&cat=p&typeid=i","cat":284545},{"id":211410,"n":"Curry fort Sainte Lucie 55g","p":2.16,"u":"39,27 €/KG","img":"https://fd1-photos.leclercdrive.fr/image.ashx?id=2556102&use=l&cat=p&typeid=i","cat":298297},{"id":211411,"n":"Noix de muscade Sainte Lucie 18g","p":3.02,"u":"167,78 €/KG","img":"https://fd1-photos.leclercdrive.fr/image.ashx?id=2975176&use=l&cat=p&typeid=i","cat":298297},{"id":211413,"n":"Céréales Kit Kat 330g","p":2.79,"u":"8,45 €/KG","img":"https://fd1-photos.leclercdrive.fr/image.ashx?id=2989453&use=l&cat=p&typeid=i","cat":309513},{"id":211414,"n":"Céréales Miel Pops Kellogg's 330g","p":2.28,"u":"6,91 €/KG","img":"https://fd1-photos.leclercdrive.fr/image.ashx?id=3003423&use=l&cat=p&typeid=i","cat":309513},{"id":211415,"n":"Poules aux vermicelles Maggi 3x59g","p":1.38,"u":"7,80 €/KG","img":"https://fd1-photos.leclercdrive.fr/image.ashx?id=2556345&use=l&cat=p&typeid=i","cat":284463},{"id":211416,"n":"Stevia en morceaux Edulcorel x65 - 130g","p":2.41,"u":"18,54 €/KG","img":"https://fd1-photos.leclercdrive.fr/image.ashx?id=2559981&use=l&cat=p&typeid=i","cat":324846},{"id":211426,"n":"Pain burger Eco+ Nature x6 - 330g","p":0.89,"u":"2,70 €/KG","img":"https://fd1-photos.leclercdrive.fr/image.ashx?id=2854195&use=l&cat=p&typeid=i","cat":325067},{"id":211427,"n":"Pain burger Epi d'Or Nature x6 - 330g","p":0.94,"u":"2,85 €/KG","img":"https://fd1-photos.leclercdrive.fr/image.ashx?id=2807303&use=l&cat=p&typeid=i","cat":325067},{"id":211431,"n":"Oignon Ducros 9g","p":2.51,"u":"278,89 €/KG","img":"https://fd1-photos.leclercdrive.fr/image.ashx?id=2557332&use=l&cat=p&typeid=i","cat":298297},{"id":211436,"n":"Weetabix crispy  Minis choco - 500g","p":4.03,"u":"8,06 €/KG","img":"https://fd1-photos.leclercdrive.fr/image.ashx?id=2971311&use=l&cat=p&typeid=i","cat":309512},{"id":211440,"n":"Café grains bio Lobodis Caraïbes - 1kg","p":22.97,"u":"22,97 €/KG","img":"https://fd1-photos.leclercdrive.fr/image.ashx?id=2565254&use=l&cat=p&typeid=i","cat":293237},{"id":211470,"n":"Dentifrice Signal Professionnel Action Sensibilité Complet 75ml","p":2.92,"u":"38,93 €/L","img":"https://fd1-photos.leclercdrive.fr/image.ashx?id=2961326&use=l&cat=p&typeid=i","cat":284612},{"id":211481,"n":"Biscottes Pasquier Sans sel et sucre ajoutés - 300","p":1.89,"u":"6,30 €/KG","img":"https://fd1-photos.leclercdrive.fr/image.ashx?id=2899407&use=l&cat=p&typeid=i","cat":284479},{"id":211517,"n":"Lessive en capsules Omo 3-en-1 - Jasmin & coton  -x27","p":9.32,"img":"https://fd1-photos.leclercdrive.fr/image.ashx?id=2738650&use=l&cat=p&typeid=i","cat":284641},{"id":211520,"n":"Dentifrice Signal Professionnel Sensibilité Gencives 75ml","p":3.57,"u":"47,60 €/L","img":"https://fd1-photos.leclercdrive.fr/image.ashx?id=2961329&use=l&cat=p&typeid=i","cat":284612},{"id":211523,"n":"Lessive en capsules Omo 3-en-1 - Monoï - x27","p":9.46,"u":"20,26 €/KG","img":"https://fd1-photos.leclercdrive.fr/image.ashx?id=2639834&use=l&cat=p&typeid=i","cat":284641},{"id":211525,"n":"Lessive tablettes Persil Bouquet de Provence - x32","p":6.07,"u":"6,32 €/KG","img":"https://fd1-photos.leclercdrive.fr/image.ashx?id=2557809&use=l&cat=p&typeid=i","cat":284641},{"id":211537,"n":"Céréales Miel Pops Loops Kellogg's 330g","p":2.64,"u":"8,00 €/KG","img":"https://fd1-photos.leclercdrive.fr/image.ashx?id=2561353&use=l&cat=p&typeid=i","cat":309513},{"id":211547,"n":"Adoucissant Cajoline Rose & Lilas blanc - 1.035L x45","p":4.95,"u":"4,78 €/L","img":"https://fd1-photos.leclercdrive.fr/image.ashx?id=2960273&use=l&cat=p&typeid=i","cat":284650},{"id":211550,"n":"Sel Regénérant Sun Lave Vaisselle Standard 1Kg","p":1.08,"u":"1,08 €/KG","img":"https://fd1-photos.leclercdrive.fr/image.ashx?id=2729434&use=l&cat=p&typeid=i","cat":284657},{"id":211555,"n":"Sun Capsules Lave-Vaisselle Tout en 1 Absolu Brillance x28","p":5.17,"u":"12,31 €/KG","img":"https://fd1-photos.leclercdrive.fr/image.ashx?id=2961350&use=l&cat=p&typeid=i","cat":284656},{"id":211556,"n":"Sun Capsules Lave-Vaisselle Tout en1 Absolu Dégraissant x28","p":5.17,"u":"12,31 €/KG","img":"https://fd1-photos.leclercdrive.fr/image.ashx?id=2961353&use=l&cat=p&typeid=i","cat":284656},{"id":211558,"n":"Sun Capsules Lave-Vaisselle Tout en 1 Absolu Protection x28","p":9.28,"u":"22,10 €/KG","img":"https://fd1-photos.leclercdrive.fr/image.ashx?id=2773934&use=l&cat=p&typeid=i","cat":284656},{"id":211561,"n":"Déodorant Spray Dove Anti- Transpirant Invisible Dry 100ml","p":3.14,"u":"31,40 €/L","img":"https://fd1-photos.leclercdrive.fr/image.ashx?id=2905711&use=l&cat=p&typeid=i","cat":284595},{"id":211562,"n":"Déodorant Spray Compressé Dove Anti-Transpirant Original 100ml","p":3.17,"u":"31,70 €/L","img":"https://fd1-photos.leclercdrive.fr/image.ashx?id=2793098&use=l&cat=p&typeid=i","cat":284595},{"id":211563,"n":"Déodorant Spray Dove Anti- Transpirant Invisible Dry 200ml","p":2.99,"u":"14,95 €/L","img":"https://fd1-photos.leclercdrive.fr/image.ashx?id=2877244&use=l&cat=p&typeid=i","cat":284595},{"id":211564,"n":"Adoucissant concentré Soupline Coco fleurs blanches - 1.28L","p":6.2,"u":"4,84 €/L","img":"https://fd1-photos.leclercdrive.fr/image.ashx?id=2832566&use=l&cat=p&typeid=i","cat":284650},{"id":211573,"n":"Déodorant Spray Dove Anti- Transpirant Original 200ml","p":3.08,"u":"15,40 €/L","img":"https://fd1-photos.leclercdrive.fr/image.ashx?id=2878486&use=l&cat=p&typeid=i","cat":284595},{"id":211574,"n":"Déodorant semi-compressé Dove Powder soft - 200ml","p":2.88,"u":"14,40 €/L","img":"https://fd1-photos.leclercdrive.fr/image.ashx?id=2961338&use=l&cat=p&typeid=i","cat":284595},{"id":211584,"n":"Déodorant spray homme Axe Aqua bergamot - 150ml","p":4.2,"u":"28,00 €/L","img":"https://fd1-photos.leclercdrive.fr/image.ashx?id=3004453&use=l&cat=p&typeid=i","cat":284618},{"id":211589,"n":"Coulis de tomate Alro Basilic - 680g","p":2.19,"u":"3,22 €/KG","img":"https://fd1-photos.leclercdrive.fr/image.ashx?id=2994542&use=l&cat=p&typeid=i","cat":289010},{"id":211598,"n":"Yaourt protéiné Hipro Stracciatella 0%mg - 2x160g","p":2.04,"u":"6,38 €/KG","img":"https://fd1-photos.leclercdrive.fr/image.ashx?id=2807438&use=l&cat=p&typeid=i","cat":315000},{"id":211611,"n":"Fonds tarte flambée Schneider x4 - 440g","p":2.98,"u":"6,77 €/KG","img":"https://fd1-photos.leclercdrive.fr/image.ashx?id=2961978&use=l&cat=p&typeid=i","cat":333681},{"id":211632,"n":"Desserts Lactés P'TIT ONCTUEUX Nature 6M+ - 8x90g","p":4.22,"u":"5,86 €/KG","img":"https://fd1-photos.leclercdrive.fr/image.ashx?id=2559161&use=l&cat=p&typeid=i","cat":312392},{"id":211637,"n":"Tortellini à poêler Lustucru Poulet crème - 300g","p":2.64,"u":"8,80 €/KG","img":"https://fd1-photos.leclercdrive.fr/image.ashx?id=2792417&use=l&cat=p&typeid=i","cat":333682},{"id":211664,"n":"Eau plate minérale naturelle  Velleminfroy - 6x1L","p":2.6,"u":"0,43 €/L","img":"https://fd1-photos.leclercdrive.fr/image.ashx?id=2787506&use=l&cat=p&typeid=i","cat":284535},{"id":211665,"n":"Eau gazeuse minérale naturelle Velleminfroy - 6x1L","p":2.8,"u":"0,47 €/L","img":"https://fd1-photos.leclercdrive.fr/image.ashx?id=2560176&use=l&cat=p&typeid=i","cat":284536},{"id":211723,"n":"Gel douche Adidas Active Skin & Mind- Deep Care - 250ml","p":2.71,"u":"10,84 €/L","img":"https://fd1-photos.leclercdrive.fr/image.ashx?id=2990778&use=l&cat=p&typeid=i","cat":284594},{"id":211833,"n":"Sirop Oasis  Passion Abricot - 60cl","p":3.49,"u":"5,82 €/L","img":"https://fd1-photos.leclercdrive.fr/image.ashx?id=2562405&use=l&cat=p&typeid=i","cat":295020},{"id":211835,"n":"Sirop Oasis  Fraise Cassis - 60cl","p":3.49,"u":"5,82 €/L","img":"https://fd1-photos.leclercdrive.fr/image.ashx?id=2562408&use=l&cat=p&typeid=i","cat":295020},{"id":211836,"n":"Sirop Oasis  Ananas Pêche- 60cl","p":3.49,"u":"5,82 €/L","img":"https://fd1-photos.leclercdrive.fr/image.ashx?id=2562420&use=l&cat=p&typeid=i","cat":295020},{"id":211837,"n":"Sirop Oasis  Mûre Framboise- 60cl","p":3.22,"u":"5,37 €/L","img":"https://fd1-photos.leclercdrive.fr/image.ashx?id=2562417&use=l&cat=p&typeid=i","cat":295020},{"id":211856,"n":"Biscuits Petits Chocos Bonne maman - 250g","p":2.46,"u":"9,84 €/KG","img":"https://fd1-photos.leclercdrive.fr/image.ashx?id=2949997&use=l&cat=p&typeid=i","cat":284488},{"id":211864,"n":"Nouilles de blé Tien Shan Canard - 2x85g+85g offerts","p":1.53,"u":"6,00 €/KG","img":"https://fd1-photos.leclercdrive.fr/image.ashx?id=2562435&use=l&cat=p&typeid=i","cat":288992},{"id":211865,"n":"Nouilles de blé Tien Shan Crevette - 2x85g+85g offerts","p":1.54,"u":"6,04 €/KG","img":"https://fd1-photos.leclercdrive.fr/image.ashx?id=2562438&use=l&cat=p&typeid=i","cat":288992},{"id":211866,"n":"Nouilles de blé Tien Shan Curry - 2x85g+85g offerts","p":1.6,"u":"6,27 €/KG","img":"https://fd1-photos.leclercdrive.fr/image.ashx?id=2562441&use=l&cat=p&typeid=i","cat":288992},{"id":211867,"n":"Nouilles de blé Tien Shan Boeuf - 2x85g+85g offerts","p":1.53,"u":"6,00 €/KG","img":"https://fd1-photos.leclercdrive.fr/image.ashx?id=2562444&use=l&cat=p&typeid=i","cat":288992},{"id":211954,"n":"Café en grains Gusto Italiano Mövenpick - 1kg","p":14.95,"u":"14,95 €/KG","img":"https://fd1-photos.leclercdrive.fr/image.ashx?id=2563946&use=l&cat=p&typeid=i","cat":293237},{"id":211956,"n":"Pâtes d'Alsace aux oeufs Papillons Grand Mère - 250g","p":1.24,"u":"4,96 €/KG","img":"https://fd1-photos.leclercdrive.fr/image.ashx?id=2563439&use=l&cat=p&typeid=i","cat":284427},{"id":211958,"n":"Pâtes d'Alsace aux oeufs Petits coudes Grand Mère - 250g","p":1.28,"u":"5,12 €/KG","img":"https://fd1-photos.leclercdrive.fr/image.ashx?id=2563436&use=l&cat=p&typeid=i","cat":284427},{"id":211960,"n":"Pâtes d'Alsace aux oeufs  Nouilles Bouclées - 250g","p":1.28,"u":"5,12 €/KG","img":"https://fd1-photos.leclercdrive.fr/image.ashx?id=2563442&use=l&cat=p&typeid=i","cat":284427},{"id":211962,"n":"Café en grains spécial doux Sati - Désir d'Or 1kg","p":14.87,"u":"14,87 €/KG","img":"https://fd1-photos.leclercdrive.fr/image.ashx?id=2563484&use=l&cat=p&typeid=i","cat":293237},{"id":211965,"n":"Mâche Panier du Primeur 150g","p":1.79,"u":"11,93 €/KG","img":"https://fd1-photos.leclercdrive.fr/image.ashx?id=2960523&use=l&cat=p&typeid=i","cat":284352},{"id":212107,"n":"Brosse à dents Colgate Extra-clean médium - x4","p":1.83,"u":"0,46 €/P","img":"https://fd1-photos.leclercdrive.fr/image.ashx?id=2564309&use=l&cat=p&typeid=i","cat":284614},{"id":212110,"n":"Adoucissant Hyperdou Senteur de provence - 1.9L x 27","p":2.39,"u":"1,26 €/L","img":"https://fd1-photos.leclercdrive.fr/image.ashx?id=2603021&use=l&cat=p&typeid=i","cat":284650},{"id":212112,"n":"Céréales Frosties Kellogg's  330g","p":2.36,"u":"7,15 €/KG","img":"https://fd1-photos.leclercdrive.fr/image.ashx?id=2565362&use=l&cat=p&typeid=i","cat":309513},{"id":212248,"n":"Crème glacée La Laitière Chocolat avec copeaux - 490g","p":3.24,"pp":2.27,"u":"4,63 €/KG","img":"https://fd1-photos.leclercdrive.fr/image.ashx?id=3000012&use=l&cat=p&typeid=i","cat":284263},{"id":212306,"n":"Café en grains Mövenpick Crema Autentico - 1kg","p":14.95,"u":"14,95 €/KG","img":"https://fd1-photos.leclercdrive.fr/image.ashx?id=2945739&use=l&cat=p&typeid=i","cat":293237},{"id":212308,"n":"Café en grains Mövenpick Crema Schümli - 1kg","p":14.95,"u":"14,95 €/KG","img":"https://fd1-photos.leclercdrive.fr/image.ashx?id=2567128&use=l&cat=p&typeid=i","cat":293237},{"id":212313,"n":"Bière blonde Rince Cochon Triple - 50cl - 9,5% vol.","p":2.29,"u":"4,58 €/L","img":"https://fd1-photos.leclercdrive.fr/image.ashx?id=2565801&use=l&cat=p&typeid=i","cat":334853},{"id":212326,"n":"Infusions Epices Ethiquable Bio Roobios Afrique du Sud 40g","p":2.55,"u":"63,75 €/KG","img":"https://fd1-photos.leclercdrive.fr/image.ashx?id=2874063&use=l&cat=p&typeid=i","cat":293234},{"id":212463,"n":"Gel douche Le Petit Marseillais Homme - Orange/Argan - 250ml","p":2.09,"u":"8,36 €/L","img":"https://fd1-photos.leclercdrive.fr/image.ashx?id=2684554&use=l&cat=p&typeid=i","cat":284619},{"id":212465,"n":"Protège-slip Confort Vania Coton Bio - x30","p":2.72,"img":"https://fd1-photos.leclercdrive.fr/image.ashx?id=2735215&use=l&cat=p&typeid=i","cat":284625},{"id":212466,"n":"Protège-slip Protection Vania Long voile Bio - x24","p":2.98,"img":"https://fd1-photos.leclercdrive.fr/image.ashx?id=2735218&use=l&cat=p&typeid=i","cat":284625},{"id":212467,"n":"Protège-slip Protection Vania Large Fresh - x36","p":3.24,"img":"https://fd1-photos.leclercdrive.fr/image.ashx?id=2735233&use=l&cat=p&typeid=i","cat":284625},{"id":212468,"n":"Protège-slips Confort Vania Aloe vera - x56","p":2.49,"img":"https://fd1-photos.leclercdrive.fr/image.ashx?id=2735236&use=l&cat=p&typeid=i","cat":284625},{"id":212469,"n":"Protège-slip Protection Vania Long Fresh - x40","p":2.64,"img":"https://fd1-photos.leclercdrive.fr/image.ashx?id=2735239&use=l&cat=p&typeid=i","cat":284625},{"id":212473,"n":"Liquide de Rinçage Finish  Citron - 800ml","p":5.66,"u":"7,08 €/L","img":"https://fd1-photos.leclercdrive.fr/image.ashx?id=2881966&use=l&cat=p&typeid=i","cat":284657},{"id":212477,"n":"Déodorant spray Monsavon Compres$sé -  Vanille - 100ml","p":2.89,"u":"28,90 €/L","img":"https://fd1-photos.leclercdrive.fr/image.ashx?id=2566215&use=l&cat=p&typeid=i","cat":284595},{"id":212486,"n":"Film étirable Elembal 50m","p":1.8,"u":"0,04 €/MT","img":"https://fd1-photos.leclercdrive.fr/image.ashx?id=2566146&use=l&cat=p&typeid=i","cat":285194},{"id":212508,"n":"Sirop Maison Guiot Fraise Banane - 70cl","p":3.16,"u":"4,51 €/L","img":"https://fd1-photos.leclercdrive.fr/image.ashx?id=2857183&use=l&cat=p&typeid=i","cat":295020},{"id":212540,"n":"Mélange fruits secs Seeberger \"Nuts n Berries\" - 400g","p":9.45,"u":"23,63 €/KG","img":"https://fd1-photos.leclercdrive.fr/image.ashx?id=2953564&use=l&cat=p&typeid=i","cat":284448},{"id":212582,"n":"Blanquette de poulet Côté Table 300g","p":2.79,"u":"9,30 €/KG","img":"https://fd1-photos.leclercdrive.fr/image.ashx?id=2764146&use=l&cat=p&typeid=i","cat":333665},{"id":212583,"n":"Saucisse de Toulouse purée Côté Table - 290g","p":2.99,"u":"10,31 €/KG","img":"https://fd1-photos.leclercdrive.fr/image.ashx?id=2567613&use=l&cat=p&typeid=i","cat":333665},{"id":212584,"n":"Penne au saumon Côté Table 280g","p":2.68,"u":"9,57 €/KG","img":"https://fd1-photos.leclercdrive.fr/image.ashx?id=2794761&use=l&cat=p&typeid=i","cat":333665},{"id":212589,"n":"Skyr Siggi's  Vanille - 450g","p":3.45,"u":"7,67 €/KG","img":"https://fd1-photos.leclercdrive.fr/image.ashx?id=3007951&use=l&cat=p&typeid=i","cat":315000},{"id":212595,"n":"Litière chats Tous mes Amis Parfumée grise - 5L","p":3.1,"u":"0,62 €/L","img":"https://fd1-photos.leclercdrive.fr/image.ashx?id=2568358&use=l&cat=p&typeid=i","cat":284683},{"id":212599,"n":"Amandes décortiquées Couleurs Vives - 200g","p":2.78,"u":"13,90 €/KG","img":"https://fd1-photos.leclercdrive.fr/image.ashx?id=2567592&use=l&cat=p&typeid=i","cat":284357},{"id":212600,"n":"Cranberries Couleurs Vives 200g","p":1.99,"u":"9,95 €/KG","img":"https://fd1-photos.leclercdrive.fr/image.ashx?id=2567595&use=l&cat=p&typeid=i","cat":284357},{"id":212601,"n":"Fruits secs Mix Couleurs Vives 200g","p":2.79,"u":"13,95 €/KG","img":"https://fd1-photos.leclercdrive.fr/image.ashx?id=2567607&use=l&cat=p&typeid=i","cat":284357},{"id":212602,"n":"Raisins Golden Couleurs Vives 250g","p":1.89,"u":"7,56 €/KG","img":"https://fd1-photos.leclercdrive.fr/image.ashx?id=2567598&use=l&cat=p&typeid=i","cat":284357},{"id":212603,"n":"Fruits secs Mix croquant Couleurs Vives - 200g","p":2.99,"u":"14,95 €/KG","img":"https://fd1-photos.leclercdrive.fr/image.ashx?id=2567601&use=l&cat=p&typeid=i","cat":284357},{"id":212604,"n":"Fruits secs Mix Gourmand Couleurs Vives - 200g","p":2.8,"u":"14,00 €/KG","img":"https://fd1-photos.leclercdrive.fr/image.ashx?id=2567604&use=l&cat=p&typeid=i","cat":284357},{"id":212605,"n":"Mini samoussas Tables du Monde Légumes Crevettes x8 - 240g","p":3.39,"u":"14,13 €/KG","img":"https://fd1-photos.leclercdrive.fr/image.ashx?id=2567651&use=l&cat=p&typeid=i","cat":316003},{"id":212645,"n":"Margarine Planta Fin Demi-sel 100% végétal - 225g","p":1.7,"u":"7,56 €/KG","img":"https://fd1-photos.leclercdrive.fr/image.ashx?id=2989465&use=l&cat=p&typeid=i","cat":315229},{"id":212679,"n":"Céréales Coco Pops Chocos Kellogg's - 330g","p":2.58,"u":"7,82 €/KG","img":"https://fd1-photos.leclercdrive.fr/image.ashx?id=2571683&use=l&cat=p&typeid=i","cat":309513},{"id":212750,"n":"Petits pots bébé P'TIT SOUPER Pastasotto 12M+ - 2x200g","p":2.16,"u":"5,40 €/KG","img":"https://fd1-photos.leclercdrive.fr/image.ashx?id=2571863&use=l&cat=p&typeid=i","cat":312239},{"id":212754,"n":"Soupe chinoise Maggi 60g","p":1.12,"u":"18,67 €/KG","img":"https://fd1-photos.leclercdrive.fr/image.ashx?id=2571869&use=l&cat=p&typeid=i","cat":288992},{"id":212757,"n":"Chocolat L'Atelier  Lait biscuit noisettes - 170g","p":3.86,"u":"22,71 €/KG","img":"https://fd1-photos.leclercdrive.fr/image.ashx?id=2674297&use=l&cat=p&typeid=i","cat":284497},{"id":212771,"n":"Pepites de chocolats Vahiné  Noisettes - 100g","p":3.28,"u":"32,80 €/KG","img":"https://fd1-photos.leclercdrive.fr/image.ashx?id=2570190&use=l&cat=p&typeid=i","cat":284504},{"id":212773,"n":"Curry Balti Ducros - 39g","p":1.98,"u":"50,77 €/KG","img":"https://fd1-photos.leclercdrive.fr/image.ashx?id=2570169&use=l&cat=p&typeid=i","cat":298297},{"id":212792,"n":"Cancoillotte IGP Ail Fleuron des Gourmets - 250g","p":1.9,"u":"7,60 €/KG","img":"https://fd1-photos.leclercdrive.fr/image.ashx?id=2577045&use=l&cat=p&typeid=i","cat":314037},{"id":212795,"n":"IGP Cancoillotte Nature Fleuron des Gourmets - 250g","p":1.9,"u":"7,60 €/KG","img":"https://fd1-photos.leclercdrive.fr/image.ashx?id=2681179&use=l&cat=p&typeid=i","cat":314037},{"id":212812,"n":"Skyr Siggi's  Céréales Muesli - 2x140g","p":2.23,"u":"7,96 €/KG","img":"https://fd1-photos.leclercdrive.fr/image.ashx?id=3007954&use=l&cat=p&typeid=i","cat":315000},{"id":212815,"n":"Yaourt à la grecque YAOS  Stracciatella - 8x125g","p":4.48,"u":"4,48 €/KG","img":"https://fd1-photos.leclercdrive.fr/image.ashx?id=2570115&use=l&cat=p&typeid=i","cat":314999},{"id":212817,"n":"Nettoyant vitres Ajax Triple action Recharge - 750ml","p":1.73,"u":"2,31 €/L","img":"https://fd1-photos.leclercdrive.fr/image.ashx?id=2842969&use=l&cat=p&typeid=i","cat":325363},{"id":212876,"n":"AOP Champagne Moët & Chandon Brut impérial - 75cl","p":38.89,"u":"51,85 €/L","img":"https://fd1-photos.leclercdrive.fr/image.ashx?id=2578951&use=l&cat=p&typeid=i","cat":284542},{"id":212922,"n":"Déboucheur Gel Destop  Spécial Cuisine - 1L","p":3.23,"u":"3,23 €/L","img":"https://fd1-photos.leclercdrive.fr/image.ashx?id=2572278&use=l&cat=p&typeid=i","cat":284908},{"id":212934,"n":"Lait bébé poudre Guigoz Optipro 3ème âge - dès 12 mois - 830g","p":10.26,"u":"12,36 €/KG","img":"https://fd1-photos.leclercdrive.fr/image.ashx?id=2895059&use=l&cat=p&typeid=i","cat":290219},{"id":213023,"n":"Pâtée et morceaux chiens Eco+ Boeuf - 1.2kg","p":1.68,"u":"1,40 €/KG","img":"https://fd1-photos.leclercdrive.fr/image.ashx?id=2815743&use=l&cat=p&typeid=i","cat":288578},{"id":213024,"n":"Boulettes volaille Eco+ 800g","p":1.47,"u":"1,84 €/KG","img":"https://fd1-photos.leclercdrive.fr/image.ashx?id=2573232&use=l&cat=p&typeid=i","cat":285601},{"id":213025,"n":"Boulettes à la volaille Eco+ 1.2kg","p":1.55,"u":"1,29 €/KG","img":"https://fd1-photos.leclercdrive.fr/image.ashx?id=2815737&use=l&cat=p&typeid=i","cat":288578},{"id":213189,"n":"Milky fromage enfant à tartiner Les Croisés 24 portions - 432g","p":3.59,"u":"8,31 €/KG","img":"https://fd1-photos.leclercdrive.fr/image.ashx?id=2791899&use=l&cat=p&typeid=i","cat":314030},{"id":213190,"n":"Milky fromage enfant à tartiner Les Croisés 12 portions - 216g","p":1.85,"u":"8,56 €/KG","img":"https://fd1-photos.leclercdrive.fr/image.ashx?id=2791914&use=l&cat=p&typeid=i","cat":314030},{"id":213242,"n":"Céréales Coco Pops Kellogg's Original - 330g","p":2.87,"u":"8,70 €/KG","img":"https://fd1-photos.leclercdrive.fr/image.ashx?id=2577099&use=l&cat=p&typeid=i","cat":309513},{"id":213300,"n":"Bain de bouche bio Bionaïa  500ml","p":2.49,"u":"4,98 €/L","img":"https://fd1-photos.leclercdrive.fr/image.ashx?id=2577200&use=l&cat=p&typeid=i","cat":284613},{"id":213417,"n":"Thé vert bio Jardin Bio Duo de citron - 30g","p":2.67,"u":"89,00 €/KG","img":"https://fd1-photos.leclercdrive.fr/image.ashx?id=2579008&use=l&cat=p&typeid=i","cat":293233},{"id":213432,"n":"Gel Corps et Cheveux Cadum Hypoallergenique - 750ml","p":4.55,"u":"6,07 €/L","img":"https://fd1-photos.leclercdrive.fr/image.ashx?id=2581798&use=l&cat=p&typeid=i","cat":284594},{"id":213443,"n":"Après-Shampoing Franck Provost Expert nutrition - 450ml","p":4.06,"u":"9,02 €/L","img":"https://fd1-photos.leclercdrive.fr/image.ashx?id=2581807&use=l&cat=p&typeid=i","cat":284607},{"id":213454,"n":"Petits pois Eco+ 1kg","p":1.52,"u":"1,52 €/KG","img":"https://fd1-photos.leclercdrive.fr/image.ashx?id=2728225&use=l&cat=p&typeid=i","cat":319805},{"id":213456,"n":"Quart de jambon sec Eco+ 14 tranches - 200g","p":2.33,"u":"11,65 €/KG","img":"https://fd1-photos.leclercdrive.fr/image.ashx?id=2579219&use=l&cat=p&typeid=i","cat":316007},{"id":213458,"n":"Dés de poulet Eco+ 150g","p":1.69,"u":"11,27 €/KG","img":"https://fd1-photos.leclercdrive.fr/image.ashx?id=2930939&use=l&cat=p&typeid=i","cat":316011},{"id":213528,"n":"Gel WC Canard 100% Détartrant - 750ml","p":2.46,"u":"3,28 €/L","img":"https://fd1-photos.leclercdrive.fr/image.ashx?id=2580194&use=l&cat=p&typeid=i","cat":284662},{"id":213537,"n":"Glace Viennetta Façon Cappuccino - 320g","p":2.49,"u":"7,78 €/KG","img":"https://fd1-photos.leclercdrive.fr/image.ashx?id=2580239&use=l&cat=p&typeid=i","cat":284266},{"id":213555,"n":"Shampoing Nutrition Elsève Cheveux Fins, Secs - 300ml","p":4.84,"u":"16,13 €/L","img":"https://fd1-photos.leclercdrive.fr/image.ashx?id=2582243&use=l&cat=p&typeid=i","cat":284606},{"id":213556,"n":"Shampoing Nutrition Elsève Cheveux secs - 300ml","p":5.29,"u":"17,63 €/L","img":"https://fd1-photos.leclercdrive.fr/image.ashx?id=2580780&use=l&cat=p&typeid=i","cat":284606},{"id":213557,"n":"Shampoing Boucles Elsève Cheveux très secs - 300ml","p":4.76,"u":"15,87 €/L","img":"https://fd1-photos.leclercdrive.fr/image.ashx?id=2582246&use=l&cat=p&typeid=i","cat":284606},{"id":213575,"n":"Shampoing disciplinant Elsève Liss-Intense Cheveu sec - 350ml","p":4.5,"u":"12,86 €/L","img":"https://fd1-photos.leclercdrive.fr/image.ashx?id=2582255&use=l&cat=p&typeid=i","cat":284606},{"id":213581,"n":"Gel douche Cadum Crème d'amande - 450ml","p":2.8,"u":"6,22 €/L","img":"https://fd1-photos.leclercdrive.fr/image.ashx?id=2582273&use=l&cat=p&typeid=i","cat":284594},{"id":213582,"n":"Crème Douche surgras Bio Cadum Karité - 450ml","p":2.7,"u":"6,00 €/L","img":"https://fd1-photos.leclercdrive.fr/image.ashx?id=2580801&use=l&cat=p&typeid=i","cat":284594},{"id":213600,"n":"Crème Douche Nourrissante Cadum Huile de Coco Bio - 450ml","p":2.49,"u":"5,53 €/L","img":"https://fd1-photos.leclercdrive.fr/image.ashx?id=2582276&use=l&cat=p&typeid=i","cat":284594},{"id":213602,"n":"Crème Douche Nourrissante Cadum Miel de Fleurs bio - 450ml","p":2.98,"u":"6,62 €/L","img":"https://fd1-photos.leclercdrive.fr/image.ashx?id=2582279&use=l&cat=p&typeid=i","cat":284594},{"id":213604,"n":"Crème Douche Hydratation Cadum Huile d'Amandes Douces - 450ml","p":2.66,"u":"5,91 €/L","img":"https://fd1-photos.leclercdrive.fr/image.ashx?id=2582282&use=l&cat=p&typeid=i","cat":284594},{"id":213605,"n":"Crème de douche Cadum Fleur de coton - 450ml","p":2.8,"u":"6,22 €/L","img":"https://fd1-photos.leclercdrive.fr/image.ashx?id=2582285&use=l&cat=p&typeid=i","cat":284594},{"id":213606,"n":"Gel Douche Sans Savon Bio Cadum Huile d'Amandes Douces - 450ml","p":2.62,"u":"5,82 €/L","img":"https://fd1-photos.leclercdrive.fr/image.ashx?id=2582288&use=l&cat=p&typeid=i","cat":284594},{"id":213609,"n":"Douche Crème Dop Fraises Sucrées - 290ml","p":2.24,"u":"7,72 €/L","img":"https://fd1-photos.leclercdrive.fr/image.ashx?id=2582297&use=l&cat=p&typeid=i","cat":284594},{"id":213610,"n":"Douche Crème Dop Lait d'Amande Douce - 290ml","p":1.73,"u":"5,97 €/L","img":"https://fd1-photos.leclercdrive.fr/image.ashx?id=2582300&use=l&cat=p&typeid=i","cat":284594},{"id":213614,"n":"Lentilles corail Notre Jardin 500g","p":1.72,"u":"3,44 €/KG","img":"https://fd1-photos.leclercdrive.fr/image.ashx?id=2983835&use=l&cat=p&typeid=i","cat":284430},{"id":213673,"n":"Pur jus d'orange pressée Andros 1L","p":2.87,"u":"2,87 €/L","img":"https://fd1-photos.leclercdrive.fr/image.ashx?id=2963430&use=l&cat=p&typeid=i","cat":284354},{"id":213676,"n":"Pur jus d'oranges Andros Sans pulpe - 1L","p":2.87,"u":"2,87 €/L","img":"https://fd1-photos.leclercdrive.fr/image.ashx?id=2928873&use=l&cat=p&typeid=i","cat":284354},{"id":213687,"n":"Shampoing karité Franck Provost Cheveux Secs, très secs - 500ml","p":4.06,"u":"8,12 €/L","img":"https://fd1-photos.leclercdrive.fr/image.ashx?id=2581804&use=l&cat=p&typeid=i","cat":284606},{"id":213691,"n":"Après-Shampooing Franck Provost Expert réparation - 450ml","p":4.06,"u":"9,02 €/L","img":"https://fd1-photos.leclercdrive.fr/image.ashx?id=2582318&use=l&cat=p&typeid=i","cat":284607},{"id":213692,"n":"Shampooing Franck Provost Cheveux colorés - 500ml","p":4.06,"u":"8,12 €/L","img":"https://fd1-photos.leclercdrive.fr/image.ashx?id=2582321&use=l&cat=p&typeid=i","cat":284606},{"id":213695,"n":"Recharge Gel douche Cadum Sans Sulfate - 500ml","p":2.8,"u":"5,60 €/L","img":"https://fd1-photos.leclercdrive.fr/image.ashx?id=2581810&use=l&cat=p&typeid=i","cat":284594},{"id":213703,"n":"Gel Corps et Cheveux Cadum Sans Sulfate - 400ml","p":2.89,"u":"7,23 €/L","img":"https://fd1-photos.leclercdrive.fr/image.ashx?id=2582270&use=l&cat=p&typeid=i","cat":284594},{"id":213724,"n":"Bouchée pour chien Eco+ Boeuf, pâtes, carottes - 1.2kg","p":1.93,"u":"1,61 €/KG","img":"https://fd1-photos.leclercdrive.fr/image.ashx?id=2815728&use=l&cat=p&typeid=i","cat":288578},{"id":213749,"n":"Bière blonde Pélican 6x33cl","p":8.51,"u":"4,30 €/L","img":"https://fd1-photos.leclercdrive.fr/image.ashx?id=2946922&use=l&cat=p&typeid=i","cat":334872},{"id":213792,"n":"Nettoyant sol savon noir Perfboost Carolin -1L","p":2.74,"u":"2,74 €/L","img":"https://fd1-photos.leclercdrive.fr/image.ashx?id=2582633&use=l&cat=p&typeid=i","cat":284907},{"id":213794,"n":"Burger Rustique Marie Boeuf Charolais Emmental - 190g","p":3.15,"u":"16,58 €/KG","img":"https://fd1-photos.leclercdrive.fr/image.ashx?id=2858621&use=l&cat=p&typeid=i","cat":333671},{"id":213817,"n":"Croquettes chats Perfect Fit Stérilisés, saumon - 1.4kg","p":6.73,"u":"4,81 €/KG","img":"https://fd1-photos.leclercdrive.fr/image.ashx?id=2619163&use=l&cat=p&typeid=i","cat":284680},{"id":213818,"n":"Croquettes chats Perfect Fit Stérilisés, dinde - 1.4kg","p":6.8,"u":"4,86 €/KG","img":"https://fd1-photos.leclercdrive.fr/image.ashx?id=2619166&use=l&cat=p&typeid=i","cat":284680},{"id":213825,"n":"Soupline utra eveil 1.2l","p":6.36,"u":"5,30 €/L","img":"https://fd1-photos.leclercdrive.fr/image.ashx?id=2583491&use=l&cat=p&typeid=i","cat":284650},{"id":213830,"n":"Adoucissant Soupline concentré  3D Grand air - 1,35L","p":4.92,"u":"3,64 €/L","img":"https://fd1-photos.leclercdrive.fr/image.ashx?id=2924950&use=l&cat=p&typeid=i","cat":284650},{"id":213831,"n":"Spray Savon marseille La Croix 500ml","p":2.69,"u":"5,38 €/L","img":"https://fd1-photos.leclercdrive.fr/image.ashx?id=2583530&use=l&cat=p&typeid=i","cat":325357},{"id":213833,"n":"Colgate Chloro intense  75ml","p":1.24,"u":"16,53 €/L","img":"https://fd1-photos.leclercdrive.fr/image.ashx?id=2964231&use=l&cat=p&typeid=i","cat":284612},{"id":213834,"n":"Brosse à dents Colgate Extra-clean souple - x4","p":2.05,"u":"0,51 €/P","img":"https://fd1-photos.leclercdrive.fr/image.ashx?id=3011950&use=l&cat=p&typeid=i","cat":284614},{"id":213836,"n":"Dentifrice Colgate Ultra Brite  Haleine Fraîche - 75ml","p":1.35,"u":"18,00 €/L","img":"https://fd1-photos.leclercdrive.fr/image.ashx?id=2802845&use=l&cat=p&typeid=i","cat":284612},{"id":213857,"n":"Recharges WC Canard Fresh Disc  Fraîcheur Marine - 2x6 disques","p":5.03,"u":"2,52 €/P","img":"https://fd1-photos.leclercdrive.fr/image.ashx?id=2754824&use=l&cat=p&typeid=i","cat":284662},{"id":213930,"n":"Fromage enfant La Vache qui rit Original 24P à tartiner - 384g","p":3.91,"u":"10,18 €/KG","img":"https://fd1-photos.leclercdrive.fr/image.ashx?id=2945451&use=l&cat=p&typeid=i","cat":314030},{"id":213934,"n":"Jambon végétal nature La Vie 120g","p":2.89,"u":"24,08 €/KG","img":"https://fd1-photos.leclercdrive.fr/image.ashx?id=2887167&use=l&cat=p&typeid=i","cat":316036},{"id":213935,"n":"Jambon végétal fumé La Vie 120g","p":3.44,"u":"28,67 €/KG","img":"https://fd1-photos.leclercdrive.fr/image.ashx?id=2878216&use=l&cat=p&typeid=i","cat":316036},{"id":213937,"n":"Fromage RichesMonts Raclette  Duo Classique & Chèvre - 365g","p":6.87,"u":"18,82 €/KG","img":"https://fd1-photos.leclercdrive.fr/image.ashx?id=2953824&use=l&cat=p&typeid=i","cat":314037},{"id":213953,"n":"Recharges WC Canard fresh disc Citron - 2x6 disques","p":4.92,"u":"2,46 €/P","img":"https://fd1-photos.leclercdrive.fr/image.ashx?id=2754821&use=l&cat=p&typeid=i","cat":284662},{"id":213954,"n":"Protège-slips Vania Pocket Normal - x30","p":2.5,"u":"0,08 €/P","img":"https://fd1-photos.leclercdrive.fr/image.ashx?id=2735245&use=l&cat=p&typeid=i","cat":284625},{"id":213958,"n":"Crème Corps Hydratante Mixa Peau très Sèche, terne - 400ml","p":5.19,"u":"12,98 €/L","img":"https://fd1-photos.leclercdrive.fr/image.ashx?id=2595767&use=l&cat=p&typeid=i","cat":325350},{"id":213959,"n":"Nettoyant ménager Pliz Fée du logis - 250ml","p":2.04,"u":"8,16 €/L","img":"https://fd1-photos.leclercdrive.fr/image.ashx?id=2585540&use=l&cat=p&typeid=i","cat":325364},{"id":213964,"n":"Nettoyant ménager Ajax Maison pure Sureau - 1.25L","p":2.97,"u":"2,38 €/L","img":"https://fd1-photos.leclercdrive.fr/image.ashx?id=2585555&use=l&cat=p&typeid=i","cat":284907},{"id":213965,"n":"Adoucissant Eco+ Fraîcheur - 1.5L - x60","p":1.64,"u":"1,09 €/L","img":"https://fd1-photos.leclercdrive.fr/image.ashx?id=2600833&use=l&cat=p&typeid=i","cat":284650},{"id":213968,"n":"Eau minérale naturelle Vittel 6L","p":2.67,"u":"0,45 €/L","img":"https://fd1-photos.leclercdrive.fr/image.ashx?id=2585843&use=l&cat=p&typeid=i","cat":284535},{"id":214083,"n":"Moutarde de Dijon Rustica Fine et forte - 200g","p":1.29,"u":"6,45 €/KG","img":"https://fd1-photos.leclercdrive.fr/image.ashx?id=2954388&use=l&cat=p&typeid=i","cat":288850},{"id":214087,"n":"Soda Coca-Cola Original Bouteille - 1,75L","p":2.38,"u":"1,36 €/L","img":"https://fd1-photos.leclercdrive.fr/image.ashx?id=2971745&use=l&cat=p&typeid=i","cat":284530},{"id":214103,"n":"Toasts Aromates spécial saumon Tranches épaisses Harrys 250G","p":1.82,"u":"7,28 €/KG","img":"https://fd1-photos.leclercdrive.fr/image.ashx?id=2587578&use=l&cat=p&typeid=i","cat":285454},{"id":214105,"n":"Toast Brioché spécial foie gras Tranches épaisses Harrys 250G","p":1.84,"u":"7,36 €/KG","img":"https://fd1-photos.leclercdrive.fr/image.ashx?id=2587581&use=l&cat=p&typeid=i","cat":285454},{"id":214290,"n":"Batonnets Tous mes amis x30","p":3.5,"u":"0,12 €/P","img":"https://fd1-photos.leclercdrive.fr/image.ashx?id=2600297&use=l&cat=p&typeid=i","cat":294527},{"id":214291,"n":"Os pressé Tous mes amis 14cm - x2","p":3.19,"img":"https://fd1-photos.leclercdrive.fr/image.ashx?id=2600300&use=l&cat=p&typeid=i","cat":294527},{"id":214292,"n":"Os pressé Tous mes amis 21cm - x1","p":3.95,"img":"https://fd1-photos.leclercdrive.fr/image.ashx?id=2600303&use=l&cat=p&typeid=i","cat":294527},{"id":214293,"n":"Os de jambon Tous mes amis Taille M - x1","p":2.1,"img":"https://fd1-photos.leclercdrive.fr/image.ashx?id=2600306&use=l&cat=p&typeid=i","cat":294527},{"id":214321,"n":"Déodorant bille Dove Grenade - Anti-transpirant 50ml","p":2.77,"u":"55,40 €/L","img":"https://fd1-photos.leclercdrive.fr/image.ashx?id=2867341&use=l&cat=p&typeid=i","cat":284595},{"id":214326,"n":"Déodorant spray Dovd Grenade anti-transpirant 200ml","p":3.0,"u":"15,00 €/L","img":"https://fd1-photos.leclercdrive.fr/image.ashx?id=2987035&use=l&cat=p&typeid=i","cat":284595},{"id":214327,"n":"Déodorant Spray Dove Anti- Transpirant Beauty Finish 100ml","p":3.46,"u":"34,60 €/L","img":"https://fd1-photos.leclercdrive.fr/image.ashx?id=2987038&use=l&cat=p&typeid=i","cat":284595},{"id":214328,"n":"Déodorant Spray compressé Dove Anti-Transpirant Original 200ml","p":2.28,"u":"11,40 €/L","img":"https://fd1-photos.leclercdrive.fr/image.ashx?id=2877250&use=l&cat=p&typeid=i","cat":284595},{"id":214332,"n":"Chili Cheese Nuggets Pickers By McCain - 230g","p":3.64,"u":"15,83 €/KG","img":"https://fd1-photos.leclercdrive.fr/image.ashx?id=2958678&use=l&cat=p&typeid=i","cat":319822},{"id":214392,"n":"Gel douche Le Petit Marseillais Homme - Minéraux & bois - 250ml","p":1.57,"u":"6,28 €/L","img":"https://fd1-photos.leclercdrive.fr/image.ashx?id=2684548&use=l&cat=p&typeid=i","cat":284619},{"id":214393,"n":"Gel douche Le Petit Marseillais Homme - Pin & eucalyptus 250ml","p":1.89,"u":"7,56 €/L","img":"https://fd1-photos.leclercdrive.fr/image.ashx?id=2684551&use=l&cat=p&typeid=i","cat":284619},{"id":214394,"n":"Crème de douche Le Petit Marseillais Fleur coton 400ml","p":2.84,"u":"7,10 €/L","img":"https://fd1-photos.leclercdrive.fr/image.ashx?id=2947045&use=l&cat=p&typeid=i","cat":284594},{"id":214403,"n":"Lessive liquide Bonux L'original 50 Lavages - 2.25L","p":9.29,"u":"4,13 €/L","img":"https://fd1-photos.leclercdrive.fr/image.ashx?id=2881993&use=l&cat=p&typeid=i","cat":284640},{"id":214412,"n":"Vin Blanc Mousseux Brut  Café de Paris - 75cl","p":4.49,"u":"5,99 €/L","img":"https://fd1-photos.leclercdrive.fr/image.ashx?id=2848692&use=l&cat=p&typeid=i","cat":284544},{"id":214429,"n":"L'Onctueux Laiterie Rians  Spéculoos 3+1 offert 360g","p":2.98,"u":"8,28 €/KG","img":"https://fd1-photos.leclercdrive.fr/image.ashx?id=2589296&use=l&cat=p&typeid=i","cat":285041},{"id":214430,"n":"L'Onctueux Laiterie Rians  Café -  3+1 offert 360g","p":2.98,"u":"8,28 €/KG","img":"https://fd1-photos.leclercdrive.fr/image.ashx?id=2771855&use=l&cat=p&typeid=i","cat":285041},{"id":214431,"n":"L'Onctueux Laiterie Rians  Caramel - 3+1 offert 360g","p":2.98,"u":"8,28 €/KG","img":"https://fd1-photos.leclercdrive.fr/image.ashx?id=2762091&use=l&cat=p&typeid=i","cat":285041},{"id":214435,"n":"Pistaches salées Seeberger 375g","p":10.4,"u":"27,73 €/KG","img":"https://fd1-photos.leclercdrive.fr/image.ashx?id=2950576&use=l&cat=p&typeid=i","cat":284448},{"id":214444,"n":"Tomates séchées Seeberger 125g","p":2.16,"u":"17,28 €/KG","img":"https://fd1-photos.leclercdrive.fr/image.ashx?id=2985510&use=l&cat=p&typeid=i","cat":284357},{"id":214449,"n":"Pop corn pour micro-ondes Sucré - Seeberger - 90g","p":0.77,"u":"8,56 €/KG","img":"https://fd1-photos.leclercdrive.fr/image.ashx?id=2595347&use=l&cat=p&typeid=i","cat":304249},{"id":214504,"n":"Dentifrice Colgate Max Fresh Cristaux fraîcheur - 3x75ml","p":5.73,"u":"76,40 €/L","img":"https://fd1-photos.leclercdrive.fr/image.ashx?id=2590851&use=l&cat=p&typeid=i","cat":284612},{"id":214509,"n":"Fromage à raclette RichesMonts Classique 420g + 20% offerts","p":5.89,"u":"11,69 €/KG","img":"https://fd1-photos.leclercdrive.fr/image.ashx?id=2969085&use=l&cat=p&typeid=i","cat":314037},{"id":214516,"n":"Pâte à pizza Herta Épaisse et ronde - 450g","p":2.8,"u":"6,22 €/KG","img":"https://fd1-photos.leclercdrive.fr/image.ashx?id=2813917&use=l&cat=p&typeid=i","cat":333681},{"id":214723,"n":"Biscuit bébé Kiddylicious  Wafers fraise dès 6 mois 4x2p","p":1.48,"u":"92,50 €/KG","img":"https://fd1-photos.leclercdrive.fr/image.ashx?id=2929152&use=l&cat=p&typeid=i","cat":312394},{"id":214724,"n":"Biscuit bébé Kiddylicious Wafers Banane dès 6 mois (4x2p)","p":1.48,"u":"92,50 €/KG","img":"https://fd1-photos.leclercdrive.fr/image.ashx?id=2929149&use=l&cat=p&typeid=i","cat":312394},{"id":214728,"n":"Biscuits bébé Kiddylicious Saveur légumes dès 9 mois 4x12g","p":2.98,"u":"62,08 €/KG","img":"https://fd1-photos.leclercdrive.fr/image.ashx?id=2929140&use=l&cat=p&typeid=i","cat":312394},{"id":214754,"n":"Fondue aux 4 fromages de Savoie Fruitières Chabert - 400g","p":8.98,"u":"22,45 €/KG","img":"https://fd1-photos.leclercdrive.fr/image.ashx?id=2594073&use=l&cat=p&typeid=i","cat":314035},{"id":214755,"n":"Lait fermenté Kéfir Lactel  Lactel - 495ml","p":1.76,"u":"3,56 €/L","img":"https://fd1-photos.leclercdrive.fr/image.ashx?id=2857039&use=l&cat=p&typeid=i","cat":285609},{"id":214779,"n":"Lait en poudre bio Modilac Croissance - 800g","p":18.11,"u":"22,64 €/KG","img":"https://fd1-photos.leclercdrive.fr/image.ashx?id=2981175&use=l&cat=p&typeid=i","cat":290219},{"id":214800,"n":"Croquettes petit chien   Pedigree au bœuf - 2kg","p":7.44,"u":"3,72 €/KG","img":"https://fd1-photos.leclercdrive.fr/image.ashx?id=2876995&use=l&cat=p&typeid=i","cat":294526},{"id":214801,"n":"Croquettes petit chien   Pedigree à la volaille - 2kg","p":7.72,"u":"3,86 €/KG","img":"https://fd1-photos.leclercdrive.fr/image.ashx?id=2832323&use=l&cat=p&typeid=i","cat":294526},{"id":214809,"n":"Capsule Nescafé Dolce Gusto Neo  Lungo - x12","p":4.21,"pp":2.78,"u":"40,29 €/KG","img":"https://fd1-photos.leclercdrive.fr/image.ashx?id=2775041&use=l&cat=p&typeid=i","cat":293241},{"id":214810,"n":"Capsule Nescafé Dolce Gusto Neo  Grande - x12","p":4.32,"pp":2.85,"u":"33,93 €/KG","img":"https://fd1-photos.leclercdrive.fr/image.ashx?id=2947225&use=l&cat=p&typeid=i","cat":293241},{"id":214811,"n":"Capsule Nescafé Dolce Gusto Neo  Hot Chocolate - x12","p":4.33,"pp":2.86,"u":"13,24 €/KG","img":"https://fd1-photos.leclercdrive.fr/image.ashx?id=2927702&use=l&cat=p&typeid=i","cat":293241},{"id":214812,"n":"Capsule Nescafé Dolce Gusto Neo  Cappuccino - x6 - 122g","p":4.31,"pp":2.84,"u":"23,28 €/KG","img":"https://fd1-photos.leclercdrive.fr/image.ashx?id=2947228&use=l&cat=p&typeid=i","cat":293241},{"id":214897,"n":"Champignons blancs de Paris  Eco+ - 200g","p":0.95,"u":"4,75 €/KG","img":"https://fd1-photos.leclercdrive.fr/image.ashx?id=2742685&use=l&cat=p&typeid=i","cat":284352},{"id":214903,"n":"Colle ni clous ni vis Pattex Extra forte et rapide - 260g","p":7.57,"u":"29,12 €/KG","img":"https://fd1-photos.leclercdrive.fr/image.ashx?id=2664431&use=l&cat=p&typeid=i","cat":300576},{"id":214944,"n":"Bonbons Haribo  Coussin Mini'ween pik - 220g x1","p":1.47,"u":"6,68 €/KG","img":"https://fd1-photos.leclercdrive.fr/image.ashx?id=2913208&use=l&cat=p&typeid=i","cat":304250},{"id":215016,"n":"Croutons nature Tipiak 220g","p":3.39,"u":"15,41 €/KG","img":"https://fd1-photos.leclercdrive.fr/image.ashx?id=2842061&use=l&cat=p&typeid=i","cat":284464},{"id":215017,"n":"Croutons ail Tipiak 220g","p":3.39,"u":"15,41 €/KG","img":"https://fd1-photos.leclercdrive.fr/image.ashx?id=2688872&use=l&cat=p&typeid=i","cat":284464},{"id":215028,"n":"Mini gnocchi Schneider - 500g","p":2.97,"u":"5,94 €/KG","img":"https://fd1-photos.leclercdrive.fr/image.ashx?id=2596125&use=l&cat=p&typeid=i","cat":333682},{"id":215035,"n":"Jambon Le Braisé fleury Michon  Doré Sans nitrite x4 - 140g","p":2.98,"u":"21,29 €/KG","img":"https://fd1-photos.leclercdrive.fr/image.ashx?id=2923939&use=l&cat=p&typeid=i","cat":316009},{"id":215056,"n":"Recharge Lessive liquide  Rainett - Bicarbonate 1.6L","p":6.14,"u":"3,84 €/L","img":"https://fd1-photos.leclercdrive.fr/image.ashx?id=2940291&use=l&cat=p&typeid=i","cat":284640},{"id":215108,"n":"Cèpes en morceaux Champiland - 300g","p":5.92,"u":"19,73 €/KG","img":"https://fd1-photos.leclercdrive.fr/image.ashx?id=2596630&use=l&cat=p&typeid=i","cat":319805},{"id":215125,"n":"Caramel Fudges Vahiné 70g","p":3.57,"u":"51,00 €/KG","img":"https://fd1-photos.leclercdrive.fr/image.ashx?id=2596868&use=l&cat=p&typeid=i","cat":284504},{"id":215126,"n":"Chocolat au lait chunks Vahiné 100g","p":2.85,"u":"28,50 €/KG","img":"https://fd1-photos.leclercdrive.fr/image.ashx?id=2596865&use=l&cat=p&typeid=i","cat":284504},{"id":215138,"n":"Les Légumes Gratinés d'Aucy Épinards pomme de terre - 300g","p":2.8,"u":"9,33 €/KG","img":"https://fd1-photos.leclercdrive.fr/image.ashx?id=2596814&use=l&cat=p&typeid=i","cat":319802},{"id":215176,"n":"Mini nems Tables du Monde Crevettes légumes x10 - 220g","p":2.99,"u":"13,59 €/KG","img":"https://fd1-photos.leclercdrive.fr/image.ashx?id=2908864&use=l&cat=p&typeid=i","cat":333673},{"id":215209,"n":"Spray nettoyant La Croix Bicarbonate de soude - 500ml","p":2.49,"u":"4,98 €/L","img":"https://fd1-photos.leclercdrive.fr/image.ashx?id=2597609&use=l&cat=p&typeid=i","cat":325357},{"id":215215,"n":"Rasoir électrique Wilkinson Intuition Bikini - x1","p":14.89,"img":"https://fd1-photos.leclercdrive.fr/image.ashx?id=2597531&use=l&cat=p&typeid=i","cat":325352},{"id":215228,"n":"Melange garam masala Ducros 40g","p":3.49,"u":"87,25 €/KG","img":"https://fd1-photos.leclercdrive.fr/image.ashx?id=2597384&use=l&cat=p&typeid=i","cat":298297},{"id":215231,"n":"Petites gambas Fleury Ichon À la persillade - 280g","p":4.37,"u":"15,61 €/KG","img":"https://fd1-photos.leclercdrive.fr/image.ashx?id=2889499&use=l&cat=p&typeid=i","cat":333665},{"id":215235,"n":"Foin Tous Mes amis 1kg","p":1.96,"u":"1,96 €/KG","img":"https://fd1-photos.leclercdrive.fr/image.ashx?id=2652332&use=l&cat=p&typeid=i","cat":284677},{"id":215237,"n":"Menu complet Lapin 800G","p":1.88,"u":"2,35 €/KG","img":"https://fd1-photos.leclercdrive.fr/image.ashx?id=2646818&use=l&cat=p&typeid=i","cat":284677},{"id":215238,"n":"Menu complet Lapin 3KG","p":6.6,"u":"2,20 €/KG","img":"https://fd1-photos.leclercdrive.fr/image.ashx?id=2646815&use=l&cat=p&typeid=i","cat":284677},{"id":215239,"n":"Menu complet Tous Mes Amis 800g","p":1.88,"u":"2,35 €/KG","img":"https://fd1-photos.leclercdrive.fr/image.ashx?id=2646812&use=l&cat=p&typeid=i","cat":284677},{"id":215240,"n":"Menu complet Tous Mes Amis Cochon d'Inde - 3kg","p":6.6,"u":"2,20 €/KG","img":"https://fd1-photos.leclercdrive.fr/image.ashx?id=2664731&use=l&cat=p&typeid=i","cat":284677},{"id":215278,"n":"Bonbons Copains Copines Bouée bi-goût acide - 250 g","p":1.59,"u":"6,36 €/KG","img":"https://fd1-photos.leclercdrive.fr/image.ashx?id=2934763&use=l&cat=p&typeid=i","cat":304250},{"id":215281,"n":"Bonbons Copains Copines Soda fruit acide - 200 g","p":1.19,"u":"5,95 €/KG","img":"https://fd1-photos.leclercdrive.fr/image.ashx?id=2934766&use=l&cat=p&typeid=i","cat":304250},{"id":215282,"n":"Bonbons Copains Copines Unicone - 200 g","p":1.29,"u":"6,45 €/KG","img":"https://fd1-photos.leclercdrive.fr/image.ashx?id=2597342&use=l&cat=p&typeid=i","cat":304250},{"id":215283,"n":"Bonbons DinoAcid' Copains Copines - 200g","p":1.19,"u":"5,95 €/KG","img":"https://fd1-photos.leclercdrive.fr/image.ashx?id=2597345&use=l&cat=p&typeid=i","cat":304250},{"id":215311,"n":"P'tit biscuit Nestlé 180g","p":2.06,"u":"11,44 €/KG","img":"https://fd1-photos.leclercdrive.fr/image.ashx?id=2737225&use=l&cat=p&typeid=i","cat":312227},{"id":215343,"n":"Liqueur de Sureau Théo Preiss 17% vol.- 35cl","p":9.65,"u":"27,57 €/L","img":"https://fd1-photos.leclercdrive.fr/image.ashx?id=2601061&use=l&cat=p&typeid=i","cat":286032},{"id":215356,"n":"Cookies de Noël Fortwenger 150g","p":3.94,"u":"26,27 €/KG","img":"https://fd1-photos.leclercdrive.fr/image.ashx?id=2598870&use=l&cat=p&typeid=i","cat":284488},{"id":215376,"n":"Fromage tartiflette Ermitage de caractère - 450g","p":5.49,"u":"12,20 €/KG","img":"https://fd1-photos.leclercdrive.fr/image.ashx?id=2602203&use=l&cat=p&typeid=i","cat":314037},{"id":215379,"n":"Sérum Visage Anti-âge Nivea Anti-taches Luminous - 30ml","p":17.71,"u":"590,33 €/L","img":"https://fd1-photos.leclercdrive.fr/image.ashx?id=2985492&use=l&cat=p&typeid=i","cat":325345},{"id":215403,"n":"Châtaignes pelées au feu Mont d'Or - 420g","p":6.25,"u":"14,88 €/KG","img":"https://fd1-photos.leclercdrive.fr/image.ashx?id=2600812&use=l&cat=p&typeid=i","cat":289010},{"id":215716,"n":"Père Noël blanc Milka 90g","p":4.07,"u":"45,22 €/KG","img":"https://fd1-photos.leclercdrive.fr/image.ashx?id=2599946&use=l&cat=p&typeid=i","cat":327592},{"id":215719,"n":"Mini délices oreo & cacao Milka 320g","p":11.1,"u":"34,69 €/KG","img":"https://fd1-photos.leclercdrive.fr/image.ashx?id=2599952&use=l&cat=p&typeid=i","cat":327597},{"id":215720,"n":"Mini délices Milka Cacao - 320g","p":12.18,"u":"38,06 €/KG","img":"https://fd1-photos.leclercdrive.fr/image.ashx?id=2916447&use=l&cat=p&typeid=i","cat":327597},{"id":215724,"n":"Calendrier de l'Avent Crunch chocolat Noël - 182g","p":10.95,"u":"60,16 €/KG","img":"https://fd1-photos.leclercdrive.fr/image.ashx?id=2763984&use=l&cat=p&typeid=i","cat":336112},{"id":215735,"n":"Bouchées Chocolat Noël Nestlé L'Atelier Lait Caramel - 272g","p":9.98,"u":"36,69 €/KG","img":"https://fd1-photos.leclercdrive.fr/image.ashx?id=2940594&use=l&cat=p&typeid=i","cat":327595},{"id":215739,"n":"Galak Chocolat Noël Mini Figurines - 147g","p":5.9,"u":"40,14 €/KG","img":"https://fd1-photos.leclercdrive.fr/image.ashx?id=2897375&use=l&cat=p&typeid=i","cat":327592},{"id":215917,"n":"Liquide de Rinçage Finish  800ml","p":4.54,"u":"5,68 €/L","img":"https://fd1-photos.leclercdrive.fr/image.ashx?id=2864678&use=l&cat=p&typeid=i","cat":284657},{"id":215993,"n":"Assouplissant Minidou Douceur coton - 1L","p":4.4,"u":"4,40 €/L","img":"https://fd1-photos.leclercdrive.fr/image.ashx?id=2795884&use=l&cat=p&typeid=i","cat":284650},{"id":216007,"n":"Petits pots bébé P'TIT SOUPER Quinotto carottes 8M+ - 2x200g","p":2.14,"u":"5,35 €/KG","img":"https://fd1-photos.leclercdrive.fr/image.ashx?id=2737762&use=l&cat=p&typeid=i","cat":312239},{"id":216014,"n":"Feta bio Bio Village 150g","p":2.49,"u":"16,60 €/KG","img":"https://fd1-photos.leclercdrive.fr/image.ashx?id=2615813&use=l&cat=p&typeid=i","cat":314026},{"id":216082,"n":"Pâtes fraîches RANA Raviolini Vache qui Rit - 250g","p":2.75,"u":"11,00 €/KG","img":"https://fd1-photos.leclercdrive.fr/image.ashx?id=2877166&use=l&cat=p&typeid=i","cat":333682},{"id":216095,"n":"Chips Tortilla Doritos Goût nacho cheese - 160g","p":1.51,"u":"9,44 €/KG","img":"https://fd1-photos.leclercdrive.fr/image.ashx?id=2990478&use=l&cat=p&typeid=i","cat":287899},{"id":216096,"n":"Chips Tortilla Doritos Goût Nature Sel - 160g","p":1.97,"u":"12,31 €/KG","img":"https://fd1-photos.leclercdrive.fr/image.ashx?id=2880715&use=l&cat=p&typeid=i","cat":287899},{"id":216097,"n":"Chips Tortilla Doritos Goût paprika - 160g","p":2.1,"u":"13,13 €/KG","img":"https://fd1-photos.leclercdrive.fr/image.ashx?id=2890091&use=l&cat=p&typeid=i","cat":287899},{"id":216098,"n":"Chips Tortilla Doritos Goût sweet chili - 160g","p":1.99,"u":"12,44 €/KG","img":"https://fd1-photos.leclercdrive.fr/image.ashx?id=2990475&use=l&cat=p&typeid=i","cat":287899},{"id":216099,"n":"Chips Tortilla Doritos Goût sour cream - 160g","p":1.98,"u":"12,38 €/KG","img":"https://fd1-photos.leclercdrive.fr/image.ashx?id=2890088&use=l&cat=p&typeid=i","cat":287899},{"id":216108,"n":"Compotes Materne 5 fruits - 12x100g","p":4.47,"u":"3,73 €/KG","img":"https://fd1-photos.leclercdrive.fr/image.ashx?id=3003104&use=l&cat=p&typeid=i","cat":284416},{"id":216110,"n":"Compotes Materne Pomme Pêche de vigne - 4x100g","p":1.99,"u":"4,98 €/KG","img":"https://fd1-photos.leclercdrive.fr/image.ashx?id=3003110&use=l&cat=p&typeid=i","cat":284416},{"id":216119,"n":"Yaourt Panier de Yoplait Fruits Jaunes - 8x125g","p":2.76,"u":"2,76 €/KG","img":"https://fd1-photos.leclercdrive.fr/image.ashx?id=2811965&use=l&cat=p&typeid=i","cat":284410},{"id":216120,"n":"Yaourt Fruits Panier de Yoplait Fraise Framboise Cerise -8x125g","p":2.77,"u":"2,77 €/KG","img":"https://fd1-photos.leclercdrive.fr/image.ashx?id=2811968&use=l&cat=p&typeid=i","cat":284410},{"id":216123,"n":"Yaourt Fruits Panier de Yoplait Panaché - 16x125g","p":4.64,"u":"2,32 €/KG","img":"https://fd1-photos.leclercdrive.fr/image.ashx?id=2884489&use=l&cat=p&typeid=i","cat":284410},{"id":216126,"n":"Yaourt Panier de Yoplait Fruits Rouges 0%Mg - 8x125g","p":2.98,"u":"2,98 €/KG","img":"https://fd1-photos.leclercdrive.fr/image.ashx?id=2830399&use=l&cat=p&typeid=i","cat":284410},{"id":216128,"n":"Yaourt Fruits Panier de Yoplait Panaché 0%Mg - 16x125g","p":4.54,"u":"2,27 €/KG","img":"https://fd1-photos.leclercdrive.fr/image.ashx?id=2884495&use=l&cat=p&typeid=i","cat":284410},{"id":216325,"n":"Gel douche Adidas Active Skin & Mind - Energy Kick - 250ml","p":2.72,"u":"10,88 €/L","img":"https://fd1-photos.leclercdrive.fr/image.ashx?id=2990784&use=l&cat=p&typeid=i","cat":284619},{"id":216462,"n":"Spray Prêt à l'emploi St Marc  Acide Citrique - 500ml","p":2.66,"u":"5,32 €/L","img":"https://fd1-photos.leclercdrive.fr/image.ashx?id=2653867&use=l&cat=p&typeid=i","cat":325357},{"id":216463,"n":"Lingettes désinfectantes St  Marc Anti-Bactériennes - x80","p":2.4,"u":"0,03 €/P","img":"https://fd1-photos.leclercdrive.fr/image.ashx?id=2811341&use=l&cat=p&typeid=i","cat":325358},{"id":216474,"n":"Infusion La Tisanière Bio - menthe & citron vert 30g","p":2.81,"u":"93,67 €/KG","img":"https://fd1-photos.leclercdrive.fr/image.ashx?id=2606906&use=l&cat=p&typeid=i","cat":293234},{"id":216480,"n":"Infusion La Tisanière  Bio fruits rouges  Hibiscus 32g","p":2.87,"u":"89,69 €/KG","img":"https://fd1-photos.leclercdrive.fr/image.ashx?id=2606903&use=l&cat=p&typeid=i","cat":293234},{"id":216519,"n":"Skyr Siggi's  Stracciatella - 2x140g","p":2.28,"u":"8,14 €/KG","img":"https://fd1-photos.leclercdrive.fr/image.ashx?id=2606885&use=l&cat=p&typeid=i","cat":315000},{"id":216521,"n":"Yaourt à la grecque YAOS  Nature - 850g","p":2.97,"u":"3,49 €/KG","img":"https://fd1-photos.leclercdrive.fr/image.ashx?id=2729776&use=l&cat=p&typeid=i","cat":314999},{"id":216597,"n":"Pâte à tartiner Andros be nuts Cacahuète crémeux - 325g","p":3.33,"u":"10,25 €/KG","img":"https://fd1-photos.leclercdrive.fr/image.ashx?id=2916201&use=l&cat=p&typeid=i","cat":284481},{"id":216741,"n":"Sauce tomate Gusti Amo Bio tomate basilic  - 350g","p":2.98,"u":"8,51 €/KG","img":"https://fd1-photos.leclercdrive.fr/image.ashx?id=2608872&use=l&cat=p&typeid=i","cat":288384},{"id":216746,"n":"Sauce tomate Gusti Amo Bio ricotta - 350g","p":3.08,"u":"8,80 €/KG","img":"https://fd1-photos.leclercdrive.fr/image.ashx?id=2608869&use=l&cat=p&typeid=i","cat":288384},{"id":216749,"n":"Sauce pesto Gusti Amo Bio Pesto verde - 130g","p":2.99,"u":"23,00 €/KG","img":"https://fd1-photos.leclercdrive.fr/image.ashx?id=2608875&use=l&cat=p&typeid=i","cat":299047},{"id":216772,"n":"Desserts Lactés P'TIT ONCTUEUX Pomme 6M+ - 4x90g","p":2.33,"u":"6,47 €/KG","img":"https://fd1-photos.leclercdrive.fr/image.ashx?id=2737765&use=l&cat=p&typeid=i","cat":312392},{"id":216777,"n":"Nettoyant ménager citron vert Pliz - Multi surfaces - 250ml","p":2.02,"u":"0,81 €/L","img":"https://fd1-photos.leclercdrive.fr/image.ashx?id=2609956&use=l&cat=p&typeid=i","cat":325364},{"id":217003,"n":"Céréales coco pops Kellogg's Au chocolat - 550g","p":3.81,"u":"6,93 €/KG","img":"https://fd1-photos.leclercdrive.fr/image.ashx?id=2611080&use=l&cat=p&typeid=i","cat":309513},{"id":217096,"n":"Boisson énergisante Crazy Tiger Tropical - 1L","p":2.32,"u":"2,32 €/L","img":"https://fd1-photos.leclercdrive.fr/image.ashx?id=2861078&use=l&cat=p&typeid=i","cat":284533},{"id":217097,"n":"Boisson énergisante Crazy Tiger Cerise - 1L","p":2.23,"u":"2,23 €/L","img":"https://fd1-photos.leclercdrive.fr/image.ashx?id=2859509&use=l&cat=p&typeid=i","cat":284533},{"id":217118,"n":"Dosettes café Senseo Espresso Intense x32","p":5.98,"u":"26,94 €/KG","img":"https://fd1-photos.leclercdrive.fr/image.ashx?id=2788055&use=l&cat=p&typeid=i","cat":293238},{"id":217119,"n":"Dosettes café Senseo Espresso Colombia x32","p":5.76,"u":"25,95 €/KG","img":"https://fd1-photos.leclercdrive.fr/image.ashx?id=2764646&use=l&cat=p&typeid=i","cat":293238},{"id":217256,"n":"Champignons de Paris blancs Panier du Primeur - 400g","p":2.39,"u":"5,98 €/KG","img":"https://fd1-photos.leclercdrive.fr/image.ashx?id=2610765&use=l&cat=p&typeid=i","cat":284352},{"id":217612,"n":"Café en grain Plantation Pur arabica - 1kg","p":13.06,"u":"13,06 €/KG","img":"https://fd1-photos.leclercdrive.fr/image.ashx?id=2824307&use=l&cat=p&typeid=i","cat":293237},{"id":217613,"n":"Café en grain Plantation Ethiopie - 500g","p":7.99,"u":"15,98 €/KG","img":"https://fd1-photos.leclercdrive.fr/image.ashx?id=2824310&use=l&cat=p&typeid=i","cat":293237},{"id":217622,"n":"Concassé de tomates bio Jardin Bio - 400g","p":1.41,"u":"3,53 €/KG","img":"https://fd1-photos.leclercdrive.fr/image.ashx?id=2615071&use=l&cat=p&typeid=i","cat":288384},{"id":217719,"n":"Déodorant spray Dove  Advanced Care - 2x100ml","p":5.99,"u":"29,95 €/L","img":"https://fd1-photos.leclercdrive.fr/image.ashx?id=2903872&use=l&cat=p&typeid=i","cat":284595},{"id":217721,"n":"Déodorant spray Dove Invisible Dry - 2x100ml","p":5.99,"u":"29,95 €/L","img":"https://fd1-photos.leclercdrive.fr/image.ashx?id=2903875&use=l&cat=p&typeid=i","cat":284595},{"id":217934,"n":"Gel douche Adidas Active Skin & Mind - Cool Down - 250ml","p":2.54,"u":"10,16 €/L","img":"https://fd1-photos.leclercdrive.fr/image.ashx?id=2990775&use=l&cat=p&typeid=i","cat":284619},{"id":217935,"n":"Désodorisant diffuseur Airwick  Active Fresh Coton - 75ml","p":3.62,"u":"48,27 €/L","img":"https://fd1-photos.leclercdrive.fr/image.ashx?id=2616186&use=l&cat=p&typeid=i","cat":311629},{"id":217956,"n":"Brosse à dent électrique Oral-B Pro series 1 - Bleue x1","p":39.98,"img":"https://fd1-photos.leclercdrive.fr/image.ashx?id=2616255&use=l&cat=p&typeid=i","cat":297133},{"id":217982,"n":"Dentifrice Integral 8 Signal Complet Effet Prébiotique 75ml","p":1.72,"u":"22,93 €/L","img":"https://fd1-photos.leclercdrive.fr/image.ashx?id=2974665&use=l&cat=p&typeid=i","cat":284612},{"id":217989,"n":"Dentifrice Integral 8 Signal HaleineFraîche Prébiotique 75ml","p":2.19,"u":"29,20 €/L","img":"https://fd1-photos.leclercdrive.fr/image.ashx?id=2985660&use=l&cat=p&typeid=i","cat":284612},{"id":217993,"n":"Dentifrice Integral 8 Signal Blancheur Prébiotique 75ml","p":1.72,"u":"22,93 €/L","img":"https://fd1-photos.leclercdrive.fr/image.ashx?id=2974668&use=l&cat=p&typeid=i","cat":284612},{"id":217995,"n":"Dentifrice Signal Integral 8 Resist +Prébiotique - 75ml","p":2.41,"u":"32,13 €/L","img":"https://fd1-photos.leclercdrive.fr/image.ashx?id=2818199&use=l&cat=p&typeid=i","cat":284612},{"id":218000,"n":"Dentifrice Signal Système Blancheur 1 semaine - 75ml","p":1.79,"u":"23,87 €/L","img":"https://fd1-photos.leclercdrive.fr/image.ashx?id=2777516&use=l&cat=p&typeid=i","cat":284612},{"id":218002,"n":"Dentifrice Signal Système Blancheur Eclat brillance 75ml","p":2.54,"u":"33,87 €/L","img":"https://fd1-photos.leclercdrive.fr/image.ashx?id=2981424&use=l&cat=p&typeid=i","cat":284612},{"id":218003,"n":"Brosse à dents Signal Integral  8 - Noir - Souple - x1","p":2.39,"img":"https://fd1-photos.leclercdrive.fr/image.ashx?id=2748707&use=l&cat=p&typeid=i","cat":284614},{"id":218033,"n":"Menu complet Hamster 800g","p":1.88,"u":"2,35 €/KG","img":"https://fd1-photos.leclercdrive.fr/image.ashx?id=2646809&use=l&cat=p&typeid=i","cat":284677},{"id":218101,"n":"Petits Biscuits Babybio Bio - 160g","p":3.41,"u":"21,31 €/KG","img":"https://fd1-photos.leclercdrive.fr/image.ashx?id=2875384&use=l&cat=p&typeid=i","cat":312394},{"id":218178,"n":"Nuggets de dinde Côté Croc 1kg","p":5.99,"img":"https://fd1-photos.leclercdrive.fr/image.ashx?id=2837072&use=l&cat=p&typeid=i","cat":333684},{"id":218304,"n":"Cordon bleu de dinde Côté Croc 1kg","p":5.99,"u":"5,99 €/KG","img":"https://fd1-photos.leclercdrive.fr/image.ashx?id=2617319&use=l&cat=p&typeid=i","cat":333683},{"id":218305,"n":"Saucisses de Montbéliard IGP NRT - 500g","p":5.99,"u":"11,98 €/KG","img":"https://fd1-photos.leclercdrive.fr/image.ashx?id=2991509&use=l&cat=p&typeid=i","cat":316012},{"id":218331,"n":"Saumon fumé Petit Navire Écosse 10 tranches - 290g","p":10.7,"u":"36,90 €/KG","img":"https://fd1-photos.leclercdrive.fr/image.ashx?id=2950495&use=l&cat=p&typeid=i","cat":285188},{"id":218332,"n":"Pizza feu de bois Turini Montagnarde - 450g","p":3.24,"u":"7,20 €/KG","img":"https://fd1-photos.leclercdrive.fr/image.ashx?id=2816621&use=l&cat=p&typeid=i","cat":284256},{"id":218423,"n":"Burrata di Bufala Les Croisés - 125g","p":2.91,"u":"23,28 €/KG","img":"https://fd1-photos.leclercdrive.fr/image.ashx?id=3009529&use=l&cat=p&typeid=i","cat":314026},{"id":218472,"n":"Compote Fruit Intense Materne Pomme myrtille sauvage - 400g","p":2.01,"u":"5,03 €/KG","img":"https://fd1-photos.leclercdrive.fr/image.ashx?id=3003113&use=l&cat=p&typeid=i","cat":284416},{"id":218581,"n":"Pesto alla genovese Sacla 190g","p":2.72,"u":"14,32 €/KG","img":"https://fd1-photos.leclercdrive.fr/image.ashx?id=2620737&use=l&cat=p&typeid=i","cat":289010},{"id":218582,"n":"Biscuits Tentation Delacre Chocolat Boîte - 150g","p":2.86,"u":"19,07 €/KG","img":"https://fd1-photos.leclercdrive.fr/image.ashx?id=2673142&use=l&cat=p&typeid=i","cat":284490},{"id":218800,"n":"Croquettes chat Perfect Fit  Stérilisé Anti Hairball - 1,4kg","p":6.74,"u":"4,81 €/KG","img":"https://fd1-photos.leclercdrive.fr/image.ashx?id=2622756&use=l&cat=p&typeid=i","cat":284680},{"id":218803,"n":"Croquettes chat sénior Perfect  Fit 11+ au poulet - 1,4kg","p":7.19,"u":"5,14 €/KG","img":"https://fd1-photos.leclercdrive.fr/image.ashx?id=2871076&use=l&cat=p&typeid=i","cat":284680},{"id":218804,"n":"Croquettes chat Perfect Fit Boeuf Stérilisés Adulte 1.4kg","p":7.23,"u":"5,16 €/KG","img":"https://fd1-photos.leclercdrive.fr/image.ashx?id=2622792&use=l&cat=p&typeid=i","cat":284680},{"id":218807,"n":"Croquettes chat Perfect Fit Poulet stérilisés - 1.4kg","p":6.57,"u":"4,69 €/KG","img":"https://fd1-photos.leclercdrive.fr/image.ashx?id=2622795&use=l&cat=p&typeid=i","cat":284680},{"id":218819,"n":"Croquettes chat sénior Perfect  Fit 7+ au poulet - 1,4kg","p":7.28,"u":"5,20 €/KG","img":"https://fd1-photos.leclercdrive.fr/image.ashx?id=2624332&use=l&cat=p&typeid=i","cat":284680},{"id":219039,"n":"Pétales de céréales Grainea Chocolat noir - 550g","p":2.73,"u":"4,96 €/KG","img":"https://fd1-photos.leclercdrive.fr/image.ashx?id=2917672&use=l&cat=p&typeid=i","cat":309512},{"id":219041,"n":"Pétales de céréales Grainea Chocolat au lait - 550g","p":2.58,"u":"4,69 €/KG","img":"https://fd1-photos.leclercdrive.fr/image.ashx?id=2917669&use=l&cat=p&typeid=i","cat":309512},{"id":219069,"n":"Sauce Pesto Barilla Alla Calabrese - 190g","p":2.68,"u":"14,11 €/KG","img":"https://fd1-photos.leclercdrive.fr/image.ashx?id=2624751&use=l&cat=p&typeid=i","cat":287599},{"id":219125,"n":"Liquide vaisselle Uni Vert Ecologique - Rose - 500ml","p":1.25,"u":"2,50 €/L","img":"https://fd1-photos.leclercdrive.fr/image.ashx?id=2999520&use=l&cat=p&typeid=i","cat":284655},{"id":219142,"n":"Lessive liquide Chanteclair Musc Blanc - 1800ml","p":7.16,"u":"3,98 €/L","img":"https://fd1-photos.leclercdrive.fr/image.ashx?id=2997298&use=l&cat=p&typeid=i","cat":284640},{"id":219160,"n":"Pépites Sainte Lucie Chocolat au lait - 125g","p":2.88,"u":"23,04 €/KG","img":"https://fd1-photos.leclercdrive.fr/image.ashx?id=2625427&use=l&cat=p&typeid=i","cat":284504},{"id":219162,"n":"Amandes entières Sun sans sel Décortiquées et grillées - 300g","p":4.98,"u":"16,60 €/KG","img":"https://fd1-photos.leclercdrive.fr/image.ashx?id=2692197&use=l&cat=p&typeid=i","cat":284448},{"id":219169,"n":"AOP Saint-Emilion vin rouge Château Tricot - 75cl","p":7.45,"pp":5.59,"u":"7,45 €/L","img":"https://fd1-photos.leclercdrive.fr/image.ashx?id=2950408&use=l&cat=p&typeid=i","cat":289556},{"id":219601,"n":"Petits pains grillés Pasquier Blé complet - 225g","p":1.88,"u":"8,36 €/KG","img":"https://fd1-photos.leclercdrive.fr/image.ashx?id=2834452&use=l&cat=p&typeid=i","cat":284479},{"id":219602,"n":"Petits pains grillés Pasquier Froment - 225g","p":1.74,"u":"7,73 €/KG","img":"https://fd1-photos.leclercdrive.fr/image.ashx?id=2834455&use=l&cat=p&typeid=i","cat":284479},{"id":219786,"n":"Pruneaux d'Agen IGP Nos Régions ont du Talent 375g","p":2.99,"u":"7,97 €/KG","img":"https://fd1-photos.leclercdrive.fr/image.ashx?id=2627398&use=l&cat=p&typeid=i","cat":284357},{"id":220132,"n":"Dosettes café Senseo Espresso Classique x32","p":6.14,"u":"27,91 €/KG","img":"https://fd1-photos.leclercdrive.fr/image.ashx?id=2788061&use=l&cat=p&typeid=i","cat":293238},{"id":220240,"n":"Sachet fraîcheur chiot Pedigree Mixte en gelée - 12x100g","p":6.22,"u":"5,18 €/KG","img":"https://fd1-photos.leclercdrive.fr/image.ashx?id=2876125&use=l&cat=p&typeid=i","cat":284673},{"id":220243,"n":"Croquettes chien  Pedigree au bœuf - 3kg","p":8.03,"u":"2,68 €/KG","img":"https://fd1-photos.leclercdrive.fr/image.ashx?id=2634328&use=l&cat=p&typeid=i","cat":284672},{"id":220245,"n":"Croquettes chien  Pedigree à la volaille - 7kg","p":19.36,"u":"2,77 €/KG","img":"https://fd1-photos.leclercdrive.fr/image.ashx?id=2813495&use=l&cat=p&typeid=i","cat":284672},{"id":220252,"n":"Croquettes chien  Pedigree à la volaille - 3kg","p":7.83,"u":"2,61 €/KG","img":"https://fd1-photos.leclercdrive.fr/image.ashx?id=2832320&use=l&cat=p&typeid=i","cat":284672},{"id":220254,"n":"Croquettes chien  Pedigree au bœuf - 7kg","p":17.92,"u":"2,56 €/KG","img":"https://fd1-photos.leclercdrive.fr/image.ashx?id=2981286&use=l&cat=p&typeid=i","cat":284672},{"id":220269,"n":"Friandises chat Catisfactions  Herbe à chat - 60g","p":1.35,"u":"22,50 €/KG","img":"https://fd1-photos.leclercdrive.fr/image.ashx?id=2914765&use=l&cat=p&typeid=i","cat":285285},{"id":220286,"n":"Sachet fraîcheur chat Whiskas Festins volaille sauce - 24x85g","p":10.53,"u":"5,16 €/KG","img":"https://fd1-photos.leclercdrive.fr/image.ashx?id=2633881&use=l&cat=p&typeid=i","cat":285286},{"id":220289,"n":"Stevia en poudre Edulcorel 200g","p":2.69,"u":"13,45 €/KG","img":"https://fd1-photos.leclercdrive.fr/image.ashx?id=2632680&use=l&cat=p&typeid=i","cat":324846},{"id":220293,"n":"Stevia en bûchettes x50 - 50g","p":1.29,"u":"25,80 €/KG","img":"https://fd1-photos.leclercdrive.fr/image.ashx?id=2632683&use=l&cat=p&typeid=i","cat":324846},{"id":220298,"n":"Bonbons Tubes Acid'  Copains Copines - 180g","p":1.39,"u":"7,72 €/KG","img":"https://fd1-photos.leclercdrive.fr/image.ashx?id=2934775&use=l&cat=p&typeid=i","cat":304250},{"id":220350,"n":"Stevia en comprimés Edulcorel x100 - 7g","p":0.99,"u":"141,43 €/KG","img":"https://fd1-photos.leclercdrive.fr/image.ashx?id=2632915&use=l&cat=p&typeid=i","cat":324846},{"id":220382,"n":"Chewing-gum Airwaves  Cool cerise - 70g","p":2.74,"u":"39,14 €/KG","img":"https://fd1-photos.leclercdrive.fr/image.ashx?id=3008987&use=l&cat=p&typeid=i","cat":304251},{"id":220510,"n":"Dentifrice Signal Intégral 8  Complet - 3x75ml","p":4.75,"u":"21,11 €/L","img":"https://fd1-photos.leclercdrive.fr/image.ashx?id=2639840&use=l&cat=p&typeid=i","cat":284612},{"id":220512,"n":"Dentifrice Signal Integral 8  Blancheur - 3x75ml","p":4.75,"u":"21,11 €/L","img":"https://fd1-photos.leclercdrive.fr/image.ashx?id=2971461&use=l&cat=p&typeid=i","cat":284612},{"id":220539,"n":"Raisin rosé sans pépins Panier du Primeur - 500g","p":3.99,"u":"7,98 €/KG","img":"https://fd1-photos.leclercdrive.fr/image.ashx?id=2858144&use=l&cat=p&typeid=i","cat":284356},{"id":220563,"n":"Dentifrice Signal Intégral 8 Interdentaire - 3x75ml","p":4.69,"u":"20,84 €/L","img":"https://fd1-photos.leclercdrive.fr/image.ashx?id=2639846&use=l&cat=p&typeid=i","cat":284612},{"id":220564,"n":"Dentifrice Signal Intégral 8 Haleine fraîche - 3x75ml","p":4.88,"u":"65,07 €/L","img":"https://fd1-photos.leclercdrive.fr/image.ashx?id=2971464&use=l&cat=p&typeid=i","cat":284612},{"id":220578,"n":"Foie gras de canard entier Maison Montfort - Torchon 250g","p":21.47,"u":"85,88 €/KG","img":"https://fd1-photos.leclercdrive.fr/image.ashx?id=2731063&use=l&cat=p&typeid=i","cat":316008},{"id":220742,"n":"Savon Le Petit Marseillais  Recharge antibacterien - 250ml","p":1.47,"u":"5,88 €/L","img":"https://fd1-photos.leclercdrive.fr/image.ashx?id=2684230&use=l&cat=p&typeid=i","cat":284597},{"id":220788,"n":"Recharge crème lavante mains Le Petit Marseillais Lait 250ml","p":0.83,"u":"3,32 €/L","img":"https://fd1-photos.leclercdrive.fr/image.ashx?id=2735242&use=l&cat=p&typeid=i","cat":284597},{"id":220821,"n":"Crème lavante mains Le Petit Marseillais - Amande - 250ml","p":0.87,"u":"3,48 €/L","img":"https://fd1-photos.leclercdrive.fr/image.ashx?id=2684209&use=l&cat=p&typeid=i","cat":284597},{"id":220822,"n":"Gel lavant mains Le Petit Marseillais Antibactérien 300ml","p":1.89,"u":"6,30 €/L","img":"https://fd1-photos.leclercdrive.fr/image.ashx?id=2684557&use=l&cat=p&typeid=i","cat":284597},{"id":220823,"n":"Gel lavant mains Le Petit Marseillais - Lavande - 300ml","p":1.69,"u":"5,63 €/L","img":"https://fd1-photos.leclercdrive.fr/image.ashx?id=2684221&use=l&cat=p&typeid=i","cat":284597},{"id":220824,"n":"Crème lavante mains Le Petit Marseillais - Lait - 300ml","p":1.82,"u":"6,07 €/L","img":"https://fd1-photos.leclercdrive.fr/image.ashx?id=2684224&use=l&cat=p&typeid=i","cat":284597},{"id":220826,"n":"Gel lavant mains Le Petit  Marseillais Le cuisinier 250ml","p":1.23,"u":"4,92 €/L","img":"https://fd1-photos.leclercdrive.fr/image.ashx?id=2684560&use=l&cat=p&typeid=i","cat":284597},{"id":220827,"n":"Sérum Autobronzant Garnier Natural Bronzer visage - 30ml","p":11.92,"u":"397,33 €/L","img":"https://fd1-photos.leclercdrive.fr/image.ashx?id=2669280&use=l&cat=p&typeid=i","cat":325355},{"id":220851,"n":"Saumon fumé Ronde des Mers Écosse - 14 tranches - 490g","p":17.49,"u":"35,69 €/KG","img":"https://fd1-photos.leclercdrive.fr/image.ashx?id=2976303&use=l&cat=p&typeid=i","cat":285188},{"id":221109,"n":"Huile Solaire SPF50 Garnier Sublimatrice - 150ml","p":10.29,"u":"68,60 €/L","img":"https://fd1-photos.leclercdrive.fr/image.ashx?id=2669274&use=l&cat=p&typeid=i","cat":325355},{"id":221193,"n":"Gressins sésame  Eco+ 120g","p":1.04,"u":"8,32 €/KG","img":"https://fd1-photos.leclercdrive.fr/image.ashx?id=2640004&use=l&cat=p&typeid=i","cat":297000},{"id":221203,"n":"Jus multivitamines Andros 1,5L","p":3.94,"u":"2,63 €/L","img":"https://fd1-photos.leclercdrive.fr/image.ashx?id=2904269&use=l&cat=p&typeid=i","cat":284917},{"id":221205,"n":"Fromage fondu Burger Eco+ x10 - 200g","p":1.17,"u":"5,85 €/KG","img":"https://fd1-photos.leclercdrive.fr/image.ashx?id=2956960&use=l&cat=p&typeid=i","cat":314028},{"id":221208,"n":"Disques à démaquiller x120","p":0.4,"img":"https://fd1-photos.leclercdrive.fr/image.ashx?id=2640119&use=l&cat=p&typeid=i","cat":285593},{"id":221217,"n":"Maxi croustis Cheesy Bonduelle Potiron lentille emmental -240g","p":3.26,"u":"13,58 €/KG","img":"https://fd1-photos.leclercdrive.fr/image.ashx?id=2979650&use=l&cat=p&typeid=i","cat":319822},{"id":221220,"n":"Maxi croustis Texas Bonduelle Maïs poivron haricot rouge 240g","p":3.06,"u":"12,75 €/KG","img":"https://fd1-photos.leclercdrive.fr/image.ashx?id=2979653&use=l&cat=p&typeid=i","cat":319822},{"id":221222,"n":"Mini croustis Italian Bonduelle Aubergine poivron mozza - 240g","p":3.08,"u":"12,83 €/KG","img":"https://fd1-photos.leclercdrive.fr/image.ashx?id=2960708&use=l&cat=p&typeid=i","cat":319822},{"id":221279,"n":"Cerneaux de noix Eco+ 400g","p":4.38,"u":"10,95 €/KG","img":"https://fd1-photos.leclercdrive.fr/image.ashx?id=2768454&use=l&cat=p&typeid=i","cat":284357},{"id":221340,"n":"AOP Feta affinée En fût - 150g","p":2.9,"u":"19,33 €/KG","img":"https://fd1-photos.leclercdrive.fr/image.ashx?id=2856359&use=l&cat=p&typeid=i","cat":314026},{"id":221401,"n":"Saumon fumé Ronde des Mers Norvège 14 tranches - 490g","p":17.49,"u":"35,69 €/KG","img":"https://fd1-photos.leclercdrive.fr/image.ashx?id=2976300&use=l&cat=p&typeid=i","cat":285188},{"id":221463,"n":"Saumon fumé Delpeyrat Ecosse - 10 tranches - 275g","p":10.9,"u":"39,64 €/KG","img":"https://fd1-photos.leclercdrive.fr/image.ashx?id=2923543&use=l&cat=p&typeid=i","cat":285188},{"id":221493,"n":"Stevia en comprimés Eco+ x650 - 42,25g","p":1.52,"u":"36,19 €/KG","img":"https://fd1-photos.leclercdrive.fr/image.ashx?id=2641789&use=l&cat=p&typeid=i","cat":284502},{"id":221498,"n":"Infusion nuit tranquille miel Elephant - x20 - 30g","p":2.29,"u":"76,33 €/KG","img":"https://fd1-photos.leclercdrive.fr/image.ashx?id=2655650&use=l&cat=p&typeid=i","cat":293234},{"id":221506,"n":"Crème lavante mains Fleur d'oranger Bio - 250ml","p":0.87,"u":"3,28 €/L","img":"https://fd1-photos.leclercdrive.fr/image.ashx?id=2684542&use=l&cat=p&typeid=i","cat":284597},{"id":221507,"n":"Infusion nuit tranquille  Elephant - x20 - 30g","p":1.53,"u":"51,00 €/KG","img":"https://fd1-photos.leclercdrive.fr/image.ashx?id=2655647&use=l&cat=p&typeid=i","cat":293234},{"id":221508,"n":"Gel lavant mains Le Petit Marseillais Huile d'olive 300ml","p":1.68,"u":"5,60 €/L","img":"https://fd1-photos.leclercdrive.fr/image.ashx?id=2684218&use=l&cat=p&typeid=i","cat":284597},{"id":221513,"n":"Gel lavant mains Le Petit Marseillais - Olive - 250ml","p":1.07,"img":"https://fd1-photos.leclercdrive.fr/image.ashx?id=2684227&use=l&cat=p&typeid=i","cat":284597},{"id":221596,"n":"Fromage bleu truffe blanche été L'Origine du Goût - 170g","p":5.5,"u":"32,35 €/KG","img":"https://fd1-photos.leclercdrive.fr/image.ashx?id=2817175&use=l&cat=p&typeid=i","cat":314032},{"id":221893,"n":"Déodorant bille Axe Aqua Bergamot - 2x50ml","p":7.86,"u":"78,60 €/L","img":"https://fd1-photos.leclercdrive.fr/image.ashx?id=2858588&use=l&cat=p&typeid=i","cat":284618},{"id":221911,"n":"Munster AOP Le Grand Sapin Au cumin des prés - 200g","p":3.51,"u":"17,55 €/KG","img":"https://fd1-photos.leclercdrive.fr/image.ashx?id=2653579&use=l&cat=p&typeid=i","cat":329558},{"id":221974,"n":"Champignons noirs Borde 150g","p":5.95,"u":"39,67 €/KG","img":"https://fd1-photos.leclercdrive.fr/image.ashx?id=2648169&use=l&cat=p&typeid=i","cat":312610},{"id":222046,"n":"Déodorant Axe Aqua bergamot - 2x150ml","p":7.86,"u":"26,20 €/L","img":"https://fd1-photos.leclercdrive.fr/image.ashx?id=2649325&use=l&cat=p&typeid=i","cat":284618},{"id":222052,"n":"Fruit de la passion 1p","p":1.39,"img":"https://fd1-photos.leclercdrive.fr/image.ashx?id=1633904&use=l&cat=p&typeid=i","cat":284356},{"id":222064,"n":"Grenade 1p","p":2.49,"img":"https://fd1-photos.leclercdrive.fr/image.ashx?id=1633898&use=l&cat=p&typeid=i","cat":284356},{"id":222082,"n":"Shampoing nutrition Ultra Doux Argan et Camélia - 600ml","p":5.06,"u":"8,43 €/L","img":"https://fd1-photos.leclercdrive.fr/image.ashx?id=2648781&use=l&cat=p&typeid=i","cat":284606},{"id":222083,"n":"Shampoing illuminant Ultra Doux Camomille Miel - 600ml","p":5.04,"u":"8,40 €/L","img":"https://fd1-photos.leclercdrive.fr/image.ashx?id=2926602&use=l&cat=p&typeid=i","cat":284606},{"id":222087,"n":"Shampoing Enfants Ultra Doux Abricot - 600ml","p":5.33,"u":"8,88 €/L","img":"https://fd1-photos.leclercdrive.fr/image.ashx?id=2851096&use=l&cat=p&typeid=i","cat":284606},{"id":222088,"n":"Poire Conférence 1p","p":0.75,"img":"https://fd1-photos.leclercdrive.fr/image.ashx?id=1636641&use=l&cat=p&typeid=i","cat":284356},{"id":222089,"n":"Shampoing nutrition Ultra Doux Avocat et Karité - 600ml","p":5.08,"u":"8,47 €/L","img":"https://fd1-photos.leclercdrive.fr/image.ashx?id=2944852&use=l&cat=p&typeid=i","cat":284606},{"id":222093,"n":"Pomme Royal Gala  1p","p":0.42,"img":"https://fd1-photos.leclercdrive.fr/image.ashx?id=1630963&use=l&cat=p&typeid=i","cat":284356},{"id":222096,"n":"Pomme Pink Lady  1p","p":0.7,"img":"https://fd1-photos.leclercdrive.fr/image.ashx?id=2121659&use=l&cat=p&typeid=i","cat":284356},{"id":222116,"n":"Carotte  1p","p":0.19,"img":"https://fd1-photos.leclercdrive.fr/image.ashx?id=1631592&use=l&cat=p&typeid=i","cat":284352},{"id":222118,"n":"Chou chinois 1p","p":2.89,"img":"https://fd1-photos.leclercdrive.fr/image.ashx?id=578704&use=l&cat=p&typeid=i","cat":284352},{"id":222123,"n":"Aubergine 1p","p":1.78,"img":"https://fd1-photos.leclercdrive.fr/image.ashx?id=1631421&use=l&cat=p&typeid=i","cat":284352},{"id":222124,"n":"Courgette  1p","p":1.06,"img":"https://fd1-photos.leclercdrive.fr/image.ashx?id=1631964&use=l&cat=p&typeid=i","cat":284352},{"id":222126,"n":"Courgette ronde  1p","p":0.95,"img":"https://fd1-photos.leclercdrive.fr/image.ashx?id=1631976&use=l&cat=p&typeid=i","cat":284352},{"id":222128,"n":"Poivron doux rouge  1p","p":1.16,"img":"https://fd1-photos.leclercdrive.fr/image.ashx?id=1633094&use=l&cat=p&typeid=i","cat":284352},{"id":222131,"n":"Poivron doux vert  1p","p":1.16,"img":"https://fd1-photos.leclercdrive.fr/image.ashx?id=1633202&use=l&cat=p&typeid=i","cat":284352},{"id":222132,"n":"Poivron doux jaune  1p","p":1.16,"img":"https://fd1-photos.leclercdrive.fr/image.ashx?id=1631227&use=l&cat=p&typeid=i","cat":284352},{"id":222150,"n":"Oignon jaune  1p","p":0.53,"img":"https://fd1-photos.leclercdrive.fr/image.ashx?id=764178&use=l&cat=p&typeid=i","cat":284352},{"id":222169,"n":"Citron  1p","p":0.45,"img":"https://fd1-photos.leclercdrive.fr/image.ashx?id=1628602&use=l&cat=p&typeid=i","cat":284356},{"id":222172,"n":"Citron vert  1p","p":0.45,"img":"https://fd1-photos.leclercdrive.fr/image.ashx?id=1628331&use=l&cat=p&typeid=i","cat":284356},{"id":222178,"n":"Pomelo rouge 1p","p":0.85,"img":"https://fd1-photos.leclercdrive.fr/image.ashx?id=1636326&use=l&cat=p&typeid=i","cat":284356},{"id":222223,"n":"Pomme Golden  1p","p":0.48,"img":"https://fd1-photos.leclercdrive.fr/image.ashx?id=1630966&use=l&cat=p&typeid=i","cat":284356},{"id":222258,"n":"Avocat  1p","p":1.29,"img":"https://fd1-photos.leclercdrive.fr/image.ashx?id=1633637&use=l&cat=p&typeid=i","cat":284352},{"id":222262,"n":"Fenouil  1p","p":1.01,"img":"https://fd1-photos.leclercdrive.fr/image.ashx?id=612612&use=l&cat=p&typeid=i","cat":284352},{"id":222334,"n":"Oignon rouge  1p","p":0.81,"img":"https://fd1-photos.leclercdrive.fr/image.ashx?id=2910419&use=l&cat=p&typeid=i","cat":284352},{"id":222479,"n":"Pop corn sucre de canne Vico Micro-ondable 240g","p":1.98,"u":"8,25 €/KG","img":"https://fd1-photos.leclercdrive.fr/image.ashx?id=2651585&use=l&cat=p&typeid=i","cat":304249},{"id":222480,"n":"Pop corn Vico Salé - 240g","p":1.91,"u":"7,96 €/KG","img":"https://fd1-photos.leclercdrive.fr/image.ashx?id=2815049&use=l&cat=p&typeid=i","cat":304249},{"id":222516,"n":"Frites de poulet Maître Coq 800g","p":6.85,"u":"8,56 €/KG","img":"https://fd1-photos.leclercdrive.fr/image.ashx?id=2853931&use=l&cat=p&typeid=i","cat":333684},{"id":222582,"n":"Shampoing Restaurateur Eslève Glycolic Gloss - 200ml","p":6.38,"u":"31,90 €/L","img":"https://fd1-photos.leclercdrive.fr/image.ashx?id=2657157&use=l&cat=p&typeid=i","cat":284606},{"id":222583,"n":"Soin Cheveux Lamination Elsève Glycolic Gloss - 200ml","p":6.98,"u":"34,90 €/L","img":"https://fd1-photos.leclercdrive.fr/image.ashx?id=2656796&use=l&cat=p&typeid=i","cat":284608},{"id":222584,"n":"Pâte à tartiner Nutella 220g","p":2.38,"u":"10,82 €/KG","img":"https://fd1-photos.leclercdrive.fr/image.ashx?id=2755216&use=l&cat=p&typeid=i","cat":284481},{"id":222586,"n":"Démêlant Cheveux Elsève Glycolic Gloss - 150ml","p":5.84,"u":"38,93 €/L","img":"https://fd1-photos.leclercdrive.fr/image.ashx?id=2657160&use=l&cat=p&typeid=i","cat":284607},{"id":222587,"n":"Petits pois d'Aucy Extra-fins - 3x560g","p":4.09,"u":"2,43 €/KG","img":"https://fd1-photos.leclercdrive.fr/image.ashx?id=2906052&use=l&cat=p&typeid=i","cat":312607},{"id":222589,"n":"Sérum Soin Sans Rinçage Elsève Glycolic Gloss - 150ml","p":11.6,"u":"77,33 €/L","img":"https://fd1-photos.leclercdrive.fr/image.ashx?id=2656069&use=l&cat=p&typeid=i","cat":284608},{"id":222594,"n":"Pur jus de raisin Jafaden  90cl","p":2.21,"u":"2,46 €/L","img":"https://fd1-photos.leclercdrive.fr/image.ashx?id=2723183&use=l&cat=p&typeid=i","cat":285435},{"id":222595,"n":"Pur jus d'ananas passion  Jafaden - 90cl","p":2.29,"u":"2,54 €/L","img":"https://fd1-photos.leclercdrive.fr/image.ashx?id=2723189&use=l&cat=p&typeid=i","cat":285435},{"id":222596,"n":"Pur jus de pomme mangue Jafaden - 90cl","p":2.49,"u":"2,77 €/L","img":"https://fd1-photos.leclercdrive.fr/image.ashx?id=2723192&use=l&cat=p&typeid=i","cat":285435},{"id":222598,"n":"Pur jus de pomme framboise Jafaden - 90cl","p":2.43,"u":"2,70 €/L","img":"https://fd1-photos.leclercdrive.fr/image.ashx?id=2723195&use=l&cat=p&typeid=i","cat":285435},{"id":222599,"n":"Sérum correcteur L'Oréal Paris  Age Perfect - 30ml","p":11.97,"pp":7.9,"u":"263,33 €/L","img":"https://fd1-photos.leclercdrive.fr/image.ashx?id=2664491&use=l&cat=p&typeid=i","cat":325345},{"id":222604,"n":"Lait Amande Cuisine Bio Bjorg 3x20cl","p":2.86,"u":"4,77 €/L","img":"https://fd1-photos.leclercdrive.fr/image.ashx?id=2653528&use=l&cat=p&typeid=i","cat":294991},{"id":222699,"n":"Bière la Bise Rouge  3°5 - 50cl","p":1.56,"u":"3,12 €/L","img":"https://fd1-photos.leclercdrive.fr/image.ashx?id=2680098&use=l&cat=p&typeid=i","cat":334853},{"id":222702,"n":"Dentifrice Integral 8 Signal Fraîcheur Intense 75ml","p":2.43,"u":"32,40 €/L","img":"https://fd1-photos.leclercdrive.fr/image.ashx?id=2818196&use=l&cat=p&typeid=i","cat":284612},{"id":222703,"n":"Dentifrice Signal Extra fraîcheur blancheur 75ml","p":2.16,"u":"28,80 €/L","img":"https://fd1-photos.leclercdrive.fr/image.ashx?id=2938328&use=l&cat=p&typeid=i","cat":284612},{"id":222704,"n":"Dentifrice Signal Extra fraîcheur intense - 75ml","p":1.99,"u":"26,53 €/L","img":"https://fd1-photos.leclercdrive.fr/image.ashx?id=2654212&use=l&cat=p&typeid=i","cat":284612},{"id":222735,"n":"Déodorant spray Dove 2x100ml","p":5.74,"u":"28,70 €/L","img":"https://fd1-photos.leclercdrive.fr/image.ashx?id=2905714&use=l&cat=p&typeid=i","cat":284595},{"id":222742,"n":"Swiffer wetjet Kit Lavable Système anti-poussière - x1","p":30.48,"pp":18.29,"u":"Dont 0,16 € d'éco-part.","img":"https://fd1-photos.leclercdrive.fr/image.ashx?id=2927708&use=l&cat=p&typeid=i","cat":325364},{"id":222743,"n":"Sauce Sriracha Mayo Hot Chili - 215ml","p":2.95,"u":"13,72 €/L","img":"https://fd1-photos.leclercdrive.fr/image.ashx?id=2655211&use=l&cat=p&typeid=i","cat":288992},{"id":222747,"n":"Galette de riz Mei Asia 22cm - 200g","p":2.71,"u":"13,55 €/KG","img":"https://fd1-photos.leclercdrive.fr/image.ashx?id=2654932&use=l&cat=p&typeid=i","cat":288992},{"id":222779,"n":"Eau de javel La Croix Traditionnelle - 1.5L","p":1.51,"u":"1,01 €/L","img":"https://fd1-photos.leclercdrive.fr/image.ashx?id=2667556&use=l&cat=p&typeid=i","cat":284661},{"id":222782,"n":"Adoucissant Soupline Lingettes Voile Sèche-linge Grand air-x20","p":2.77,"u":"0,14 €/P","img":"https://fd1-photos.leclercdrive.fr/image.ashx?id=2654435&use=l&cat=p&typeid=i","cat":325302},{"id":222820,"n":"Bonbons Haribo Pocket Assortiment mini sachets - 340g","p":2.94,"u":"8,65 €/KG","img":"https://fd1-photos.leclercdrive.fr/image.ashx?id=2654653&use=l&cat=p&typeid=i","cat":304250},{"id":222824,"n":"Carottes râpées Notre Jardin 250g","p":1.49,"u":"5,96 €/KG","img":"https://fd1-photos.leclercdrive.fr/image.ashx?id=2664626&use=l&cat=p&typeid=i","cat":284353},{"id":222826,"n":"Chou blanc carotte Notre Jardin 250g","p":1.51,"u":"6,04 €/KG","img":"https://fd1-photos.leclercdrive.fr/image.ashx?id=2740975&use=l&cat=p&typeid=i","cat":284353},{"id":222842,"n":"Acide citrique Clair 500g","p":2.99,"u":"5,98 €/KG","img":"https://fd1-photos.leclercdrive.fr/image.ashx?id=2822147&use=l&cat=p&typeid=i","cat":325365},{"id":222843,"n":"Liquide vaisselle Uni vert Ecolo amande - 500ml","p":1.15,"u":"2,30 €/L","img":"https://fd1-photos.leclercdrive.fr/image.ashx?id=2999523&use=l&cat=p&typeid=i","cat":284655},{"id":222844,"n":"Gel douche Le Petit Marseillais Fleur de tiaré - 650ml","p":3.22,"u":"4,95 €/L","img":"https://fd1-photos.leclercdrive.fr/image.ashx?id=2656060&use=l&cat=p&typeid=i","cat":284594},{"id":222846,"n":"Gel douche Le Petit Marseillais Cerise & jasmin - 250ml","p":1.78,"u":"7,12 €/L","img":"https://fd1-photos.leclercdrive.fr/image.ashx?id=2685198&use=l&cat=p&typeid=i","cat":284594},{"id":222848,"n":"Mélange de jeunes pousses Notre Jardin - 175g","p":1.76,"u":"10,06 €/KG","img":"https://fd1-photos.leclercdrive.fr/image.ashx?id=2655610&use=l&cat=p&typeid=i","cat":284353},{"id":222851,"n":"Mesclun Notre Jardin 125g","p":1.51,"u":"12,08 €/KG","img":"https://fd1-photos.leclercdrive.fr/image.ashx?id=2663299&use=l&cat=p&typeid=i","cat":284353},{"id":222854,"n":"Lingette lavable Swiffer Wetj Wetjet - Microfibre - x1","p":8.65,"pp":5.19,"img":"https://fd1-photos.leclercdrive.fr/image.ashx?id=2656240&use=l&cat=p&typeid=i","cat":325364},{"id":222859,"n":"Pommes bicolores Eco+ x4","p":0.99,"u":"0,25 €/P","img":"https://fd1-photos.leclercdrive.fr/image.ashx?id=2928210&use=l&cat=p&typeid=i","cat":284356},{"id":222895,"n":"Fromage à raclette Richesmonts Duo - 420g +20% offerts","p":5.89,"u":"14,02 €/KG","img":"https://fd1-photos.leclercdrive.fr/image.ashx?id=2953839&use=l&cat=p&typeid=i","cat":314037},{"id":222896,"n":"Fromage à raclette Richesmonts Duo Poivre - 420g +20% offerts","p":5.89,"u":"14,02 €/KG","img":"https://fd1-photos.leclercdrive.fr/image.ashx?id=2953842&use=l&cat=p&typeid=i","cat":314037},{"id":222897,"n":"Fromage à raclette Richesmonts Caractère - 420g +20% offerts","p":5.89,"u":"14,02 €/KG","img":"https://fd1-photos.leclercdrive.fr/image.ashx?id=2953845&use=l&cat=p&typeid=i","cat":314037},{"id":222898,"n":"Dentifrice Sensodyne Anti-Tâches - 75ml","p":6.29,"u":"83,87 €/L","img":"https://fd1-photos.leclercdrive.fr/image.ashx?id=2997775&use=l&cat=p&typeid=i","cat":284612},{"id":222899,"n":"Dentifrice Sensodyne Email renforcé - 75ml","p":5.6,"u":"74,67 €/L","img":"https://fd1-photos.leclercdrive.fr/image.ashx?id=2997208&use=l&cat=p&typeid=i","cat":284612},{"id":222958,"n":"Sérum bio So'Bio Etic Anti-âge global - Argan - 30ml","p":18.44,"u":"614,67 €/L","img":"https://fd1-photos.leclercdrive.fr/image.ashx?id=2977480&use=l&cat=p&typeid=i","cat":325345},{"id":222959,"n":"Soin jour bio So'Bio Etic Anti-tâches - Lys - 50ml","p":16.68,"u":"333,60 €/L","img":"https://fd1-photos.leclercdrive.fr/image.ashx?id=3000207&use=l&cat=p&typeid=i","cat":325345},{"id":222960,"n":"Soin nuit bio So'Bio Etic Peeling - Anti-tâche - Lys 50ml","p":16.55,"u":"331,00 €/L","img":"https://fd1-photos.leclercdrive.fr/image.ashx?id=2997019&use=l&cat=p&typeid=i","cat":325345},{"id":222961,"n":"Soin regard So'Bio Etic Lift Grenade bio - 15ml","p":12.28,"u":"818,67 €/L","img":"https://fd1-photos.leclercdrive.fr/image.ashx?id=2787113&use=l&cat=p&typeid=i","cat":325345},{"id":222964,"n":"Colin d'Alaska MSC Pêche Océan Façon Fish & Chips - 400g","p":2.69,"u":"6,73 €/KG","img":"https://fd1-photos.leclercdrive.fr/image.ashx?id=2856211&use=l&cat=p&typeid=i","cat":319788},{"id":223019,"n":"Shampooing Herbal Essences Argan - 250ml","p":3.48,"u":"13,92 €/L","img":"https://fd1-photos.leclercdrive.fr/image.ashx?id=2684629&use=l&cat=p&typeid=i","cat":284606},{"id":223022,"n":"Masque capillaire Herbal Essences - Argan et aloe 500ml","p":6.77,"u":"13,54 €/L","img":"https://fd1-photos.leclercdrive.fr/image.ashx?id=2839430&use=l&cat=p&typeid=i","cat":284608},{"id":223024,"n":"Shampooing Herbal Essences Aloe - 250ml","p":3.47,"u":"13,88 €/L","img":"https://fd1-photos.leclercdrive.fr/image.ashx?id=2748671&use=l&cat=p&typeid=i","cat":284606},{"id":223028,"n":"Shampooing Herbal Essences Coconut - 250ml","p":3.48,"u":"13,92 €/L","img":"https://fd1-photos.leclercdrive.fr/image.ashx?id=2677600&use=l&cat=p&typeid=i","cat":284606},{"id":223030,"n":"Après-shampooing Herbal Essences - Coconut - 200ml","p":3.39,"u":"16,95 €/L","img":"https://fd1-photos.leclercdrive.fr/image.ashx?id=2737813&use=l&cat=p&typeid=i","cat":284606},{"id":223034,"n":"Masque capillaire Herbal Essences - Coconut - 500ml","p":6.84,"u":"13,68 €/L","img":"https://fd1-photos.leclercdrive.fr/image.ashx?id=2839803&use=l&cat=p&typeid=i","cat":284608},{"id":223084,"n":"Crème douche Abricot Noisette Le Petit Marseillais 2x650ml","p":4.37,"u":"3,36 €/L","img":"https://fd1-photos.leclercdrive.fr/image.ashx?id=2658908&use=l&cat=p&typeid=i","cat":284594},{"id":223103,"n":"Fromage fondu La Vache Qui Rit  24 portions - 384g","p":3.91,"u":"10,18 €/KG","img":"https://fd1-photos.leclercdrive.fr/image.ashx?id=2785538&use=l&cat=p&typeid=i","cat":314030},{"id":223129,"n":"Boulettes kefta Férial 350g","p":3.85,"u":"11,00 €/KG","img":"https://fd1-photos.leclercdrive.fr/image.ashx?id=2660577&use=l&cat=p&typeid=i","cat":319779},{"id":223141,"n":"Mini Bretzels Boehli Saveur aïoli - 150g","p":1.44,"u":"9,60 €/KG","img":"https://fd1-photos.leclercdrive.fr/image.ashx?id=2659918&use=l&cat=p&typeid=i","cat":297000},{"id":223142,"n":"Mini Bretzels Boehli Saveur italienne - 150g","p":1.25,"u":"8,33 €/KG","img":"https://fd1-photos.leclercdrive.fr/image.ashx?id=2659915&use=l&cat=p&typeid=i","cat":297000},{"id":223143,"n":"Mini Bretzels Boehli Saveur Mexicaine - 150g","p":1.25,"u":"8,33 €/KG","img":"https://fd1-photos.leclercdrive.fr/image.ashx?id=2659921&use=l&cat=p&typeid=i","cat":297000},{"id":223144,"n":"Eau pétillante Carola zéro sucres - Cerise 1.25L","p":1.08,"u":"0,86 €/L","img":"https://fd1-photos.leclercdrive.fr/image.ashx?id=2951788&use=l&cat=p&typeid=i","cat":284536},{"id":223146,"n":"Bière de Flandre 3 Monts Triple - 6x33cl   9.5%vol.","p":8.03,"u":"4,06 €/L","img":"https://fd1-photos.leclercdrive.fr/image.ashx?id=2661051&use=l&cat=p&typeid=i","cat":334852},{"id":223151,"n":"Jus ACE Pauline 1L","p":3.45,"u":"3,45 €/L","img":"https://fd1-photos.leclercdrive.fr/image.ashx?id=2675454&use=l&cat=p&typeid=i","cat":284521},{"id":223157,"n":"Vinaigre blanc 5L - 10°","p":3.57,"u":"0,71 €/L","img":"https://fd1-photos.leclercdrive.fr/image.ashx?id=2659792&use=l&cat=p&typeid=i","cat":298543},{"id":223280,"n":"Bière ambrée 3 Monts 6x33cl","p":7.44,"u":"3,76 €/L","img":"https://fd1-photos.leclercdrive.fr/image.ashx?id=2661688&use=l&cat=p&typeid=i","cat":334852},{"id":223293,"n":"Eau Minérale Wattwiller Fontaine 5L","p":2.99,"u":"0,60 €/L","img":"https://fd1-photos.leclercdrive.fr/image.ashx?id=3003330&use=l&cat=p&typeid=i","cat":284535},{"id":223365,"n":"Boisson aux fruits Jafun Multifruits - 4x20cl","p":1.44,"u":"1,80 €/L","img":"https://fd1-photos.leclercdrive.fr/image.ashx?id=2992570&use=l&cat=p&typeid=i","cat":295018},{"id":223394,"n":"Boisson aux fruits Jafun Tropical - 4x20cl","p":1.49,"u":"1,86 €/L","img":"https://fd1-photos.leclercdrive.fr/image.ashx?id=2992576&use=l&cat=p&typeid=i","cat":295018},{"id":223396,"n":"Boisson aux fruits Jafun Pomme cassis framboise 10x20cl","p":3.4,"u":"1,70 €/L","img":"https://fd1-photos.leclercdrive.fr/image.ashx?id=2992594&use=l&cat=p&typeid=i","cat":295018},{"id":223401,"n":"Bâtonnets Manger Main Bio Yooji Fraise banane avoine - 150g","p":4.2,"u":"28,00 €/KG","img":"https://fd1-photos.leclercdrive.fr/image.ashx?id=2662475&use=l&cat=p&typeid=i","cat":290631},{"id":223444,"n":"Shampoing 2en1 Fructis Force et brillance - 300ml","p":2.85,"u":"9,50 €/L","img":"https://fd1-photos.leclercdrive.fr/image.ashx?id=2669268&use=l&cat=p&typeid=i","cat":284606},{"id":223445,"n":"Shampoing fortifiant Fructis Force et Brillance - 300ml","p":2.84,"u":"9,47 €/L","img":"https://fd1-photos.leclercdrive.fr/image.ashx?id=2669271&use=l&cat=p&typeid=i","cat":284606},{"id":223446,"n":"Shampoing démêlant Fructis Antipelliculaire - 300ml","p":3.49,"u":"11,63 €/L","img":"https://fd1-photos.leclercdrive.fr/image.ashx?id=2669277&use=l&cat=p&typeid=i","cat":284606},{"id":223498,"n":"Ketchup Rustica 900g","p":1.79,"u":"1,99 €/KG","img":"https://fd1-photos.leclercdrive.fr/image.ashx?id=2954394&use=l&cat=p&typeid=i","cat":284455},{"id":223499,"n":"Ketchup Rustica 390g","p":1.09,"u":"2,79 €/KG","img":"https://fd1-photos.leclercdrive.fr/image.ashx?id=2954391&use=l&cat=p&typeid=i","cat":284455},{"id":223500,"n":"Mais croquant Notre Jardin 2x285g","p":1.7,"u":"2,98 €/KG","img":"https://fd1-photos.leclercdrive.fr/image.ashx?id=3005694&use=l&cat=p&typeid=i","cat":312611},{"id":223520,"n":"Biscuit sablé bio  Nocciolata Fourré pâte à tartiner - 250g","p":3.49,"u":"13,96 €/KG","img":"https://fd1-photos.leclercdrive.fr/image.ashx?id=2664244&use=l&cat=p&typeid=i","cat":284488},{"id":223521,"n":"Biscuit bio  Nocciolata bianca Fourré pâte à tartiner - 250g","p":3.63,"u":"14,52 €/KG","img":"https://fd1-photos.leclercdrive.fr/image.ashx?id=2664554&use=l&cat=p&typeid=i","cat":284487},{"id":223527,"n":"Anti-moustiques Marie Rose Zones tropicales - 100ml","p":6.69,"u":"66,90 €/L","img":"https://fd1-photos.leclercdrive.fr/image.ashx?id=2684455&use=l&cat=p&typeid=i","cat":299654},{"id":223537,"n":"Bloc Energy 5 WC Net Actions - Brise aquatique - 38g","p":1.84,"u":"48,42 €/KG","img":"https://fd1-photos.leclercdrive.fr/image.ashx?id=2664449&use=l&cat=p&typeid=i","cat":284662},{"id":223538,"n":"Bloc Energy 5 actions WC Net Javel Agrumes et iris - 38g","p":1.94,"u":"51,05 €/KG","img":"https://fd1-photos.leclercdrive.fr/image.ashx?id=2664452&use=l&cat=p&typeid=i","cat":284662},{"id":223539,"n":"Bloc Energy 5 actions WC Net Fraîcheur givrée et menthe 38g","p":1.75,"u":"46,05 €/KG","img":"https://fd1-photos.leclercdrive.fr/image.ashx?id=2664455&use=l&cat=p&typeid=i","cat":284662},{"id":223540,"n":"Bloc Energy 5 actions WC Net Lavande et patchouli - 38g","p":2.22,"u":"58,42 €/KG","img":"https://fd1-photos.leclercdrive.fr/image.ashx?id=2664458&use=l&cat=p&typeid=i","cat":284662},{"id":223542,"n":"Bloc Energy WC Net Eau bleue / Marine fresh 40g","p":2.01,"u":"50,25 €/KG","img":"https://fd1-photos.leclercdrive.fr/image.ashx?id=2664464&use=l&cat=p&typeid=i","cat":284662},{"id":223554,"n":"Tablettes WC Harpic  Power Plus Fraicheur Active- x6","p":3.54,"u":"26,22 €/KG","img":"https://fd1-photos.leclercdrive.fr/image.ashx?id=2665391&use=l&cat=p&typeid=i","cat":284662},{"id":223561,"n":"Culottes fuites urinaires Always Discreet - Taille L x11","p":9.96,"u":"0,91 €/P","img":"https://fd1-photos.leclercdrive.fr/image.ashx?id=2927032&use=l&cat=p&typeid=i","cat":284628},{"id":223574,"n":"Serviettes fuites urinaires Always Discreet - Nuit - x12","p":8.43,"u":"0,70 €/P","img":"https://fd1-photos.leclercdrive.fr/image.ashx?id=2685459&use=l&cat=p&typeid=i","cat":284628},{"id":223578,"n":"Serviettes fuites urinaires Always Discreet - Long - x26","p":9.41,"u":"0,36 €/P","img":"https://fd1-photos.leclercdrive.fr/image.ashx?id=2685465&use=l&cat=p&typeid=i","cat":284628},{"id":223579,"n":"Serviettes fuites urinaires Always Discreet - Long+ - x8","p":4.36,"u":"0,55 €/P","img":"https://fd1-photos.leclercdrive.fr/image.ashx?id=3005386&use=l&cat=p&typeid=i","cat":284628},{"id":223581,"n":"Serviettes fuites urinaires Always Discreet - Long+ - x16","p":8.11,"u":"0,51 €/P","img":"https://fd1-photos.leclercdrive.fr/image.ashx?id=2685471&use=l&cat=p&typeid=i","cat":284628},{"id":223603,"n":"Fil dentaire Dentamyl Cire menthe - 80m","p":2.72,"u":"0,03 €/MT","img":"https://fd1-photos.leclercdrive.fr/image.ashx?id=2672888&use=l&cat=p&typeid=i","cat":285159},{"id":223604,"n":"Shampoing fortifiant Fructis Antipelliculaire - 300ml","p":2.77,"u":"9,23 €/L","img":"https://fd1-photos.leclercdrive.fr/image.ashx?id=2667862&use=l&cat=p&typeid=i","cat":284606},{"id":223605,"n":"Crème Douche Hydratation Cadum Peaux Sèches - 500ml","p":2.46,"u":"4,92 €/L","img":"https://fd1-photos.leclercdrive.fr/image.ashx?id=2739318&use=l&cat=p&typeid=i","cat":284594},{"id":223606,"n":"Crème Douche Nourrissante Cadum Miel de Fleurs Bio - 750ml","p":3.85,"u":"5,13 €/L","img":"https://fd1-photos.leclercdrive.fr/image.ashx?id=2805465&use=l&cat=p&typeid=i","cat":284594},{"id":223608,"n":"Crème Douche Tolérance Cadum Sans Sulfate - 400ml","p":2.8,"u":"7,00 €/L","img":"https://fd1-photos.leclercdrive.fr/image.ashx?id=2696007&use=l&cat=p&typeid=i","cat":284594},{"id":223609,"n":"Douche Crème Dop Cookies au Chocolat - 290ml","p":2.11,"u":"7,28 €/L","img":"https://fd1-photos.leclercdrive.fr/image.ashx?id=2709876&use=l&cat=p&typeid=i","cat":284594},{"id":223611,"n":"Désodorisant Febreze Petit coin Fleur naissante - 7.5ml","p":3.2,"u":"400,00 €/L","img":"https://fd1-photos.leclercdrive.fr/image.ashx?id=2955230&use=l&cat=p&typeid=i","cat":311628},{"id":223613,"n":"Désodorisant Febreze Petit coin Coton - 7.5ml","p":3.2,"u":"400,00 €/L","img":"https://fd1-photos.leclercdrive.fr/image.ashx?id=2955236&use=l&cat=p&typeid=i","cat":311628},{"id":223639,"n":"Rasoir Gillette Fusion 5 + 2 recharges - x1","p":13.86,"img":"https://fd1-photos.leclercdrive.fr/image.ashx?id=2665777&use=l&cat=p&typeid=i","cat":284616},{"id":223649,"n":"Shampooing Head & shoulder 2-en-1 - Classic - 300ml","p":4.74,"u":"15,80 €/L","img":"https://fd1-photos.leclercdrive.fr/image.ashx?id=2863003&use=l&cat=p&typeid=i","cat":284606},{"id":223839,"n":"Shampooing Head & shoulders 1in1 - Anti-démangeaisons 330ml","p":5.15,"u":"15,61 €/L","img":"https://fd1-photos.leclercdrive.fr/image.ashx?id=2681329&use=l&cat=p&typeid=i","cat":284606},{"id":223844,"n":"Shampooing Head & shoulders 1in1 - Lisse & soyeux - 330ml","p":5.57,"u":"16,88 €/L","img":"https://fd1-photos.leclercdrive.fr/image.ashx?id=2737843&use=l&cat=p&typeid=i","cat":284606},{"id":223850,"n":"Déodorant Spray Femme Narta Anti-Trace Blanche 48h - 200ml","p":2.36,"u":"11,80 €/L","img":"https://fd1-photos.leclercdrive.fr/image.ashx?id=2678589&use=l&cat=p&typeid=i","cat":284595},{"id":223851,"n":"Déodorant Spray Homme 48h Narta Fraîcheur Classique - 200mL","p":2.38,"u":"11,90 €/L","img":"https://fd1-photos.leclercdrive.fr/image.ashx?id=2675511&use=l&cat=p&typeid=i","cat":284618},{"id":223853,"n":"Déodorant Spray Femme Narta Fraîcheur Cologne 48h - 200ml","p":2.36,"u":"11,80 €/L","img":"https://fd1-photos.leclercdrive.fr/image.ashx?id=2678592&use=l&cat=p&typeid=i","cat":284595},{"id":223855,"n":"Déodorant Spray Homme 48h Narta Anti-Traces Blanches - 200ml","p":2.37,"u":"11,85 €/L","img":"https://fd1-photos.leclercdrive.fr/image.ashx?id=2681883&use=l&cat=p&typeid=i","cat":284618},{"id":223857,"n":"Déodorant Spray Femme Narta 48h Sans Alcool - 200ML","p":2.36,"u":"11,80 €/L","img":"https://fd1-photos.leclercdrive.fr/image.ashx?id=2680242&use=l&cat=p&typeid=i","cat":284595},{"id":223883,"n":"Gel cheveux Taft  Effet mouillé - 300ml","p":4.15,"u":"13,83 €/L","img":"https://fd1-photos.leclercdrive.fr/image.ashx?id=2666773&use=l&cat=p&typeid=i","cat":284609},{"id":223893,"n":"Lingettes de nettoyage Swiffer Wet Jet - x12","p":7.19,"pp":4.31,"u":"0,36 €/P","img":"https://fd1-photos.leclercdrive.fr/image.ashx?id=2948525&use=l&cat=p&typeid=i","cat":325364},{"id":223925,"n":"Riz Long grain Ben's original Vrac 10mn - 1kg","p":2.93,"u":"2,93 €/KG","img":"https://fd1-photos.leclercdrive.fr/image.ashx?id=2990961&use=l&cat=p&typeid=i","cat":284428},{"id":223940,"n":"Street pizza Grando's Parmigiana - 190g","p":2.22,"u":"11,68 €/KG","img":"https://fd1-photos.leclercdrive.fr/image.ashx?id=2760160&use=l&cat=p&typeid=i","cat":284256},{"id":223965,"n":"Ampoule LED Foxter Standard - E27 60W  - Chaud x1","p":4.99,"u":"Dont 0,29 € d'éco-part.","img":"https://fd1-photos.leclercdrive.fr/image.ashx?id=2670491&use=l&cat=p&typeid=i","cat":300573},{"id":223966,"n":"Ampoule LED Foxter Standard - E27 60W - Froid - x1","p":4.99,"u":"Dont 0,29 € d'éco-part.","img":"https://fd1-photos.leclercdrive.fr/image.ashx?id=2670494&use=l&cat=p&typeid=i","cat":300573},{"id":224082,"n":"Biscuits croquants Délichoc Chocolat au lait pocket - 250g","p":3.03,"u":"12,12 €/KG","img":"https://fd1-photos.leclercdrive.fr/image.ashx?id=2682192&use=l&cat=p&typeid=i","cat":284488},{"id":224140,"n":"Bun's jambon ketchup McCain 460g","p":3.51,"u":"7,63 €/KG","img":"https://fd1-photos.leclercdrive.fr/image.ashx?id=2741180&use=l&cat=p&typeid=i","cat":319822},{"id":224141,"n":"Bun's bolognaise McCain 460g","p":3.66,"u":"7,96 €/KG","img":"https://fd1-photos.leclercdrive.fr/image.ashx?id=2750675&use=l&cat=p&typeid=i","cat":319822},{"id":224143,"n":"Bun's Burger McCain 460g","p":3.81,"u":"8,28 €/KG","img":"https://fd1-photos.leclercdrive.fr/image.ashx?id=2741183&use=l&cat=p&typeid=i","cat":319822},{"id":224144,"n":"Bun's jambon 4 fromages McCain 460g","p":4.02,"u":"8,74 €/KG","img":"https://fd1-photos.leclercdrive.fr/image.ashx?id=2668111&use=l&cat=p&typeid=i","cat":319822},{"id":224228,"n":"Cotons maxi carrés Love & Green Bio - Hypoallergéniques - x70","p":3.19,"u":"0,05 €/P","img":"https://fd1-photos.leclercdrive.fr/image.ashx?id=2669289&use=l&cat=p&typeid=i","cat":285593},{"id":224240,"n":"Dentifrice L'Arbre vert Blancheur - Mente - 75ml","p":2.57,"u":"34,27 €/L","img":"https://fd1-photos.leclercdrive.fr/image.ashx?id=2892805&use=l&cat=p&typeid=i","cat":284612},{"id":224255,"n":"Recharches lames Wilkinson Intuition complete - x3","p":10.34,"u":"3,45 €/P","img":"https://fd1-photos.leclercdrive.fr/image.ashx?id=2669337&use=l&cat=p&typeid=i","cat":325352},{"id":224263,"n":"Monster Energy zéro sucres 50cl","p":1.66,"u":"3,32 €/L","img":"https://fd1-photos.leclercdrive.fr/image.ashx?id=2669358&use=l&cat=p&typeid=i","cat":284533},{"id":224264,"n":"Monster Ultra gold 50cl","p":1.49,"u":"2,98 €/L","img":"https://fd1-photos.leclercdrive.fr/image.ashx?id=2669355&use=l&cat=p&typeid=i","cat":284533},{"id":224265,"n":"Monster Energy Juice Bad apple 50cl","p":1.59,"u":"3,18 €/L","img":"https://fd1-photos.leclercdrive.fr/image.ashx?id=2759044&use=l&cat=p&typeid=i","cat":284533},{"id":224330,"n":"Shampooing Franck Provost Expert - Couleur - 2x500ml","p":16.46,"u":"16,46 €/L","img":"https://fd1-photos.leclercdrive.fr/image.ashx?id=2679897&use=l&cat=p&typeid=i","cat":284606},{"id":224353,"n":"Eosine Mercurochrome 2% Solution aquese - 100ml","p":3.7,"u":"37,00 €/L","img":"https://fd1-photos.leclercdrive.fr/image.ashx?id=2670710&use=l&cat=p&typeid=i","cat":284630},{"id":224354,"n":"Répulsif Anti-moustiques  Marie Rose - Végétale 100ml","p":7.3,"u":"73,00 €/L","img":"https://fd1-photos.leclercdrive.fr/image.ashx?id=2670713&use=l&cat=p&typeid=i","cat":299654},{"id":224355,"n":"Masque Nutrition Intense Elsève Cheveux très Secs - 310ml","p":5.08,"u":"16,39 €/L","img":"https://fd1-photos.leclercdrive.fr/image.ashx?id=2739312&use=l&cat=p&typeid=i","cat":284608},{"id":224357,"n":"Coloration Permanente Garnier 3.0 Châtain Foncé Chocolat Noir","p":12.48,"img":"https://fd1-photos.leclercdrive.fr/image.ashx?id=2752122&use=l&cat=p&typeid=i","cat":288899},{"id":224361,"n":"Lait Corps Anti-taches  Nivea Anti-vergeture Luminous - 200ml","p":11.49,"u":"57,45 €/L","img":"https://fd1-photos.leclercdrive.fr/image.ashx?id=2689049&use=l&cat=p&typeid=i","cat":325349},{"id":224363,"n":"Piles alcalines Eco+ LR03 - x4","p":0.7,"u":"0,18 €/P","img":"https://fd1-photos.leclercdrive.fr/image.ashx?id=2714829&use=l&cat=p&typeid=i","cat":300572},{"id":224364,"n":"Piles alcalines Eco+ LR6 - x4","p":0.7,"u":"0,18 €/P","img":"https://fd1-photos.leclercdrive.fr/image.ashx?id=2714832&use=l&cat=p&typeid=i","cat":300572},{"id":224452,"n":"AOP Vin rouge Bordeaux Chevaux de Patache d'Aux - 75cl","p":7.45,"pp":4.92,"u":"6,56 €/L","img":"https://fd1-photos.leclercdrive.fr/image.ashx?id=3004975&use=l&cat=p&typeid=i","cat":289556},{"id":224520,"n":"Escargots à l'Alsacienne Escal - 125g","p":10.15,"u":"81,20 €/KG","img":"https://fd1-photos.leclercdrive.fr/image.ashx?id=2673664&use=l&cat=p&typeid=i","cat":319775},{"id":224524,"n":"Escargots recette Bourguignonne Escal - 125g","p":7.62,"u":"60,96 €/KG","img":"https://fd1-photos.leclercdrive.fr/image.ashx?id=2673667&use=l&cat=p&typeid=i","cat":319775},{"id":224670,"n":"Eau minérale naturelle Hépar 6x75cl","p":3.98,"u":"0,88 €/L","img":"https://fd1-photos.leclercdrive.fr/image.ashx?id=2673361&use=l&cat=p&typeid=i","cat":284535},{"id":224688,"n":"Tajine légumes Bio La Baronnie des Lys - 355g","p":4.74,"u":"13,35 €/KG","img":"https://fd1-photos.leclercdrive.fr/image.ashx?id=2673830&use=l&cat=p&typeid=i","cat":289013},{"id":224706,"n":"Gnocchi star à poêler Lustucru  300g","p":1.88,"u":"6,27 €/KG","img":"https://fd1-photos.leclercdrive.fr/image.ashx?id=2921630&use=l&cat=p&typeid=i","cat":333682},{"id":224763,"n":"Infusion Elephant Pure relaxation - x20 - 32g","p":2.19,"u":"68,44 €/KG","img":"https://fd1-photos.leclercdrive.fr/image.ashx?id=2677636&use=l&cat=p&typeid=i","cat":293234},{"id":224783,"n":"Liqueur Rivière du Mat L'Onctueux - 70cl","p":13.4,"pp":11.9,"u":"17,00 €/L","img":"https://fd1-photos.leclercdrive.fr/image.ashx?id=2693539&use=l&cat=p&typeid=i","cat":286032},{"id":224787,"n":"Liqueur Rivière du Mat Vanille Bourbon 17° - 70cl","p":13.4,"pp":11.9,"u":"17,00 €/L","img":"https://fd1-photos.leclercdrive.fr/image.ashx?id=2740001&use=l&cat=p&typeid=i","cat":286032},{"id":224805,"n":"Biscuits Kinder Kinderini Nature et cacao - 250g","p":2.87,"u":"11,48 €/KG","img":"https://fd1-photos.leclercdrive.fr/image.ashx?id=2708372&use=l&cat=p&typeid=i","cat":284488},{"id":224808,"n":"Riz Citron Ben's original  Express 2mn - 220g","p":1.29,"u":"5,86 €/KG","img":"https://fd1-photos.leclercdrive.fr/image.ashx?id=2906442&use=l&cat=p&typeid=i","cat":287600},{"id":224810,"n":"Riz Tomate Ben's original  Express 2mn - 220g","p":1.31,"u":"5,95 €/KG","img":"https://fd1-photos.leclercdrive.fr/image.ashx?id=2995295&use=l&cat=p&typeid=i","cat":287600},{"id":224818,"n":"Riz Basmati Ben's original  Express 2mn - 220g","p":1.23,"u":"5,59 €/KG","img":"https://fd1-photos.leclercdrive.fr/image.ashx?id=2995292&use=l&cat=p&typeid=i","cat":287600},{"id":224830,"n":"Riz Complet Ben's original Vrac 12mn - 1kg","p":4.37,"u":"4,37 €/KG","img":"https://fd1-photos.leclercdrive.fr/image.ashx?id=2886307&use=l&cat=p&typeid=i","cat":284428},{"id":224856,"n":"Jus innocent ananas fraise 900ml","p":2.89,"u":"3,21 €/L","img":"https://fd1-photos.leclercdrive.fr/image.ashx?id=2879122&use=l&cat=p&typeid=i","cat":285435},{"id":224873,"n":"Riz Paella Ben's original Express 2mn - 220g","p":1.6,"u":"7,27 €/KG","img":"https://fd1-photos.leclercdrive.fr/image.ashx?id=2995310&use=l&cat=p&typeid=i","cat":287600},{"id":224876,"n":"Riz Long grain Ben's original  Express 2mn - 220g","p":1.49,"u":"6,77 €/KG","img":"https://fd1-photos.leclercdrive.fr/image.ashx?id=2995298&use=l&cat=p&typeid=i","cat":287600},{"id":224879,"n":"Riz Curry Ben's original Express 2mn - 220g","p":1.38,"u":"6,27 €/KG","img":"https://fd1-photos.leclercdrive.fr/image.ashx?id=2906433&use=l&cat=p&typeid=i","cat":287600},{"id":224882,"n":"Riz Long grain Ben's original  Sachet cuisson 10mn - 1kg","p":3.26,"u":"3,26 €/KG","img":"https://fd1-photos.leclercdrive.fr/image.ashx?id=2957272&use=l&cat=p&typeid=i","cat":284428},{"id":224888,"n":"Riz Long grain Ben's original Vrac 20mn - 1kg","p":3.47,"u":"3,47 €/KG","img":"https://fd1-photos.leclercdrive.fr/image.ashx?id=2886301&use=l&cat=p&typeid=i","cat":284428},{"id":224926,"n":"Ketchup Bio Village Bio - 330g","p":1.09,"u":"3,30 €/KG","img":"https://fd1-photos.leclercdrive.fr/image.ashx?id=2958374&use=l&cat=p&typeid=i","cat":284455},{"id":224930,"n":"Lait d'avoine Bjorg Bio Vanille - 1L","p":2.71,"u":"2,71 €/L","img":"https://fd1-photos.leclercdrive.fr/image.ashx?id=2906253&use=l&cat=p&typeid=i","cat":316067},{"id":224932,"n":"Boisson végétale Bjorg Bio noisettes sans sucres - 1L","p":2.39,"u":"2,39 €/L","img":"https://fd1-photos.leclercdrive.fr/image.ashx?id=2939466&use=l&cat=p&typeid=i","cat":316067},{"id":224933,"n":"Infusions Elephant Coffret découverte x50 - 89g","p":9.29,"pp":6.5,"u":"73,03 €/KG","img":"https://fd1-photos.leclercdrive.fr/image.ashx?id=2834839&use=l&cat=p&typeid=i","cat":293234},{"id":224937,"n":"Plat en morceaux Bledina 200g","p":2.36,"u":"11,80 €/KG","img":"https://fd1-photos.leclercdrive.fr/image.ashx?id=2866298&use=l&cat=p&typeid=i","cat":312239},{"id":224976,"n":"Shampooing Kératine Ogx Du brésil Cheveux frisés 385ml","p":6.74,"u":"17,51 €/L","img":"https://fd1-photos.leclercdrive.fr/image.ashx?id=2805075&use=l&cat=p&typeid=i","cat":284606},{"id":224980,"n":"Après-shamppoing Kératine OGX Du Brésil Cheveux frisés 385ml","p":6.74,"u":"17,51 €/L","img":"https://fd1-photos.leclercdrive.fr/image.ashx?id=2805078&use=l&cat=p&typeid=i","cat":284607},{"id":225113,"n":"Shampooing Aussie Miracle Repair - Cheveux secs - 2x300ml","p":8.58,"u":"14,30 €/L","img":"https://fd1-photos.leclercdrive.fr/image.ashx?id=2676873&use=l&cat=p&typeid=i","cat":284606},{"id":225201,"n":"Fromage frais à tartiner  Alsace Lait - nature salé 150g","p":1.84,"u":"12,27 €/KG","img":"https://fd1-photos.leclercdrive.fr/image.ashx?id=2677321&use=l&cat=p&typeid=i","cat":314029},{"id":225203,"n":"Fromage frais à tartiner Alsace Lait - oignons poivre fumé 150g","p":1.94,"u":"12,93 €/KG","img":"https://fd1-photos.leclercdrive.fr/image.ashx?id=2677327&use=l&cat=p&typeid=i","cat":314029},{"id":225210,"n":"Infusion Yogi Bio Gingembre Citron  X15 - 30g","p":2.4,"u":"80,00 €/KG","img":"https://fd1-photos.leclercdrive.fr/image.ashx?id=2677498&use=l&cat=p&typeid=i","cat":293234},{"id":225213,"n":"Thé Matcha Energie Yogi Bio x15 - 27g","p":2.49,"u":"92,22 €/KG","img":"https://fd1-photos.leclercdrive.fr/image.ashx?id=2677495&use=l&cat=p&typeid=i","cat":293234},{"id":225215,"n":"Infusion Yogi detox Bio énergie - x15 - 27g","p":2.49,"u":"92,22 €/KG","img":"https://fd1-photos.leclercdrive.fr/image.ashx?id=2677489&use=l&cat=p&typeid=i","cat":293234},{"id":225217,"n":"Infusion Nuit Calme Yogi Bio x15 - 27g","p":2.42,"u":"89,63 €/KG","img":"https://fd1-photos.leclercdrive.fr/image.ashx?id=2677486&use=l&cat=p&typeid=i","cat":293234},{"id":225218,"n":"Thé Chaï aux Epices Yogi Bio  x15 - 27g","p":2.88,"u":"96,00 €/KG","img":"https://fd1-photos.leclercdrive.fr/image.ashx?id=2677483&use=l&cat=p&typeid=i","cat":293234},{"id":225247,"n":"Pain nature Gerblé   Sans Gluten  - 200g","p":2.46,"u":"12,30 €/KG","img":"https://fd1-photos.leclercdrive.fr/image.ashx?id=2677303&use=l&cat=p&typeid=i","cat":318654},{"id":225248,"n":"Tartine céréales Gerblé  Matin - 125g","p":1.66,"u":"13,28 €/KG","img":"https://fd1-photos.leclercdrive.fr/image.ashx?id=2688866&use=l&cat=p&typeid=i","cat":318651},{"id":225276,"n":"Galette moelleuse tigrée Choco blanc - St Michel - 180g","p":1.85,"u":"10,28 €/KG","img":"https://fd1-photos.leclercdrive.fr/image.ashx?id=2953501&use=l&cat=p&typeid=i","cat":284495},{"id":225310,"n":"Boisson aux Fruits Tropico Tropical - Bouteille - 1,25L","p":1.7,"u":"1,36 €/L","img":"https://fd1-photos.leclercdrive.fr/image.ashx?id=2736811&use=l&cat=p&typeid=i","cat":295018},{"id":225311,"n":"Boisson Tropico Orange Ananas - 1.25 L","p":1.7,"u":"1,36 €/L","img":"https://fd1-photos.leclercdrive.fr/image.ashx?id=2977702&use=l&cat=p&typeid=i","cat":295018},{"id":225312,"n":"Boisson aux fruits Tropico  Fraise Kiwi - Bouteille - 1,25L","p":1.94,"u":"1,55 €/L","img":"https://fd1-photos.leclercdrive.fr/image.ashx?id=2682370&use=l&cat=p&typeid=i","cat":295018},{"id":225316,"n":"Biscuit petit déj Gerblé Chocolat - 200g","p":2.03,"u":"10,15 €/KG","img":"https://fd1-photos.leclercdrive.fr/image.ashx?id=2679014&use=l&cat=p&typeid=i","cat":318651},{"id":225385,"n":"Déodorant homme L'Arbre Vert Bois de cèdre - 50","p":3.24,"u":"64,80 €/L","img":"https://fd1-photos.leclercdrive.fr/image.ashx?id=2680203&use=l&cat=p&typeid=i","cat":284618},{"id":225440,"n":"Duo de poissons Fleury Michon Riz cuisiné sauce citron - 280g","p":2.72,"u":"9,71 €/KG","img":"https://fd1-photos.leclercdrive.fr/image.ashx?id=3003266&use=l&cat=p&typeid=i","cat":333665},{"id":225441,"n":"Fusilli au poulet Fleury Michon Sauce champignons - 280g","p":2.73,"u":"9,75 €/KG","img":"https://fd1-photos.leclercdrive.fr/image.ashx?id=3003233&use=l&cat=p&typeid=i","cat":333665},{"id":225445,"n":"Les tranches Fleury Michon Pois chiches x4 - 120g","p":2.18,"u":"18,17 €/KG","img":"https://fd1-photos.leclercdrive.fr/image.ashx?id=2902007&use=l&cat=p&typeid=i","cat":316036},{"id":225446,"n":"Les tranches Fleury Michon Lentilles corail  x4 - 120g","p":2.13,"u":"17,75 €/KG","img":"https://fd1-photos.leclercdrive.fr/image.ashx?id=2900905&use=l&cat=p&typeid=i","cat":316036},{"id":225447,"n":"Les tranches Fleury Michon Haricots blancs x4 - 120g","p":2.14,"u":"17,83 €/KG","img":"https://fd1-photos.leclercdrive.fr/image.ashx?id=2902010&use=l&cat=p&typeid=i","cat":316036},{"id":225450,"n":"Pruneaux d'Agen denoyautés  Roucadil - 750g","p":6.58,"u":"8,77 €/KG","img":"https://fd1-photos.leclercdrive.fr/image.ashx?id=2680716&use=l&cat=p&typeid=i","cat":284357},{"id":225462,"n":"Déodorant Bille Femme Narta Anti-Transpirant 48h - 50ml","p":2.36,"u":"47,20 €/L","img":"https://fd1-photos.leclercdrive.fr/image.ashx?id=2681862&use=l&cat=p&typeid=i","cat":284595},{"id":225463,"n":"Déodorant Bille Homme 48h Narta Fraîcheur Polaire - 50ml","p":2.36,"u":"47,20 €/L","img":"https://fd1-photos.leclercdrive.fr/image.ashx?id=2681865&use=l&cat=p&typeid=i","cat":284618},{"id":225464,"n":"Déodorant Bille bio Femme Narta Sans Alcool - 50ml","p":2.36,"u":"47,20 €/L","img":"https://fd1-photos.leclercdrive.fr/image.ashx?id=2681868&use=l&cat=p&typeid=i","cat":284595},{"id":225465,"n":"Déodorant Bille Femme Narta Anti-Traces 48h - 50ml","p":2.36,"u":"47,20 €/L","img":"https://fd1-photos.leclercdrive.fr/image.ashx?id=2681871&use=l&cat=p&typeid=i","cat":284595},{"id":225466,"n":"Déodorant Bille Femme Narta Anti-Traces Sans alcool - 50ml","p":2.4,"u":"48,00 €/L","img":"https://fd1-photos.leclercdrive.fr/image.ashx?id=2681874&use=l&cat=p&typeid=i","cat":284595},{"id":225468,"n":"Déodorant Bille Homme 48h Narta Anti-Traces Blanches - 50ml","p":2.36,"u":"47,20 €/L","img":"https://fd1-photos.leclercdrive.fr/image.ashx?id=2681886&use=l&cat=p&typeid=i","cat":284618},{"id":225614,"n":"Désinfectant Sanytol Eucalyptus - Multi-usage 500ml","p":2.15,"u":"4,30 €/L","img":"https://fd1-photos.leclercdrive.fr/image.ashx?id=2894800&use=l&cat=p&typeid=i","cat":325357},{"id":225619,"n":"Désinfectant nettoyant Sanytol Multi-surfaces - Eucalyptus 1L","p":2.03,"u":"2,03 €/L","img":"https://fd1-photos.leclercdrive.fr/image.ashx?id=2866319&use=l&cat=p&typeid=i","cat":284907},{"id":225622,"n":"Lingettes optiques - Nettoyant lunettes x52","p":1.33,"u":"0,03 €/P","img":"https://fd1-photos.leclercdrive.fr/image.ashx?id=2681536&use=l&cat=p&typeid=i","cat":288862},{"id":225623,"n":"Lingettes optiques - Nettoyant  lunettes x30","p":1.29,"u":"0,04 €/P","img":"https://fd1-photos.leclercdrive.fr/image.ashx?id=2681539&use=l&cat=p&typeid=i","cat":288862},{"id":225640,"n":"Glace miel Nuii  Nouvelle-Zelande &amandes  272g","p":4.73,"u":"17,39 €/KG","img":"https://fd1-photos.leclercdrive.fr/image.ashx?id=2736835&use=l&cat=p&typeid=i","cat":284265},{"id":225655,"n":"Huile d'olive Terra Delyssa Vierge extra - 75cl","p":8.49,"u":"11,32 €/L","img":"https://fd1-photos.leclercdrive.fr/image.ashx?id=2686153&use=l&cat=p&typeid=i","cat":284453},{"id":225657,"n":"Mon Huile d'Olive Tramier  Subtile 1l","p":11.65,"u":"11,65 €/L","img":"https://fd1-photos.leclercdrive.fr/image.ashx?id=2834047&use=l&cat=p&typeid=i","cat":284453},{"id":225665,"n":"Gyozas aux légumes Tables du Monde x10 - 212g","p":3.29,"u":"15,52 €/KG","img":"https://fd1-photos.leclercdrive.fr/image.ashx?id=2682018&use=l&cat=p&typeid=i","cat":319774},{"id":225700,"n":"Bière blonde Leffe Prestige 124 8,5% - 6x25cl","p":7.4,"u":"4,93 €/L","img":"https://fd1-photos.leclercdrive.fr/image.ashx?id=2695007&use=l&cat=p&typeid=i","cat":334852},{"id":225703,"n":"Aérosol répulsif Raid Moustiques - 300ml","p":3.12,"u":"10,40 €/L","img":"https://fd1-photos.leclercdrive.fr/image.ashx?id=2736385&use=l&cat=p&typeid=i","cat":298368},{"id":225706,"n":"Aérosol répulsif Raid Fourmis et cafards - 300ml","p":3.13,"u":"10,43 €/L","img":"https://fd1-photos.leclercdrive.fr/image.ashx?id=2736382&use=l&cat=p&typeid=i","cat":298368},{"id":225709,"n":"Piège lumineux Raid Essentials Diffuseur - Insectes - x1","p":13.24,"u":"Dont 0,05 € d'éco-part.","img":"https://fd1-photos.leclercdrive.fr/image.ashx?id=2911549&use=l&cat=p&typeid=i","cat":298368},{"id":225710,"n":"Piège lumineux Raid Essentials Recharge - Insectes volants x2","p":7.47,"u":"3,74 €/P","img":"https://fd1-photos.leclercdrive.fr/image.ashx?id=2798218&use=l&cat=p&typeid=i","cat":298368},{"id":225714,"n":"Infusion Yogi Bio Elixir pour la gorge x15 - 27g","p":2.48,"u":"91,85 €/KG","img":"https://fd1-photos.leclercdrive.fr/image.ashx?id=2683199&use=l&cat=p&typeid=i","cat":293234},{"id":225717,"n":"Infusion Yogi Bio Curcuma gingembre - x15 - 30g","p":2.49,"u":"83,00 €/KG","img":"https://fd1-photos.leclercdrive.fr/image.ashx?id=2683202&use=l&cat=p&typeid=i","cat":293234},{"id":225719,"n":"Infusion Yogi Bio Rooibos - x15 - 30g","p":2.31,"u":"77,00 €/KG","img":"https://fd1-photos.leclercdrive.fr/image.ashx?id=2683208&use=l&cat=p&typeid=i","cat":293234},{"id":225726,"n":"Glaces Pirulo Tropical x4 - 284g","p":3.17,"u":"11,16 €/KG","img":"https://fd1-photos.leclercdrive.fr/image.ashx?id=2694938&use=l&cat=p&typeid=i","cat":285250},{"id":225732,"n":"Bonbons Haribo méga fête Assortiment mini sachets - 880g","p":9.31,"u":"10,58 €/KG","img":"https://fd1-photos.leclercdrive.fr/image.ashx?id=2984961&use=l&cat=p&typeid=i","cat":304250},{"id":225749,"n":"Masque Lissant Ultra Doux Eau de Riz - 340ml","p":5.0,"u":"14,71 €/L","img":"https://fd1-photos.leclercdrive.fr/image.ashx?id=2684233&use=l&cat=p&typeid=i","cat":284608},{"id":225751,"n":"Shampoing Lissant Ultra Doux Cheveux longs - 250ml","p":2.37,"u":"9,48 €/L","img":"https://fd1-photos.leclercdrive.fr/image.ashx?id=2684236&use=l&cat=p&typeid=i","cat":284606},{"id":225752,"n":"Après-shampooing Garnier Ultra Doux - Eau de riz - 200ml","p":2.76,"u":"13,80 €/L","img":"https://fd1-photos.leclercdrive.fr/image.ashx?id=2684239&use=l&cat=p&typeid=i","cat":284607},{"id":225754,"n":"Bloc WC adhésif Harpic Hygienic & Fresh Brise marine - x2","p":2.45,"img":"https://fd1-photos.leclercdrive.fr/image.ashx?id=2683814&use=l&cat=p&typeid=i","cat":284662},{"id":225755,"n":"Crème dépilatoire Veet Men Peaux sensibles - 400ml","p":8.86,"u":"22,15 €/L","img":"https://fd1-photos.leclercdrive.fr/image.ashx?id=2785448&use=l&cat=p&typeid=i","cat":284617},{"id":225766,"n":"Shampooing OGX Huile argan Maroc - 385ml","p":6.97,"u":"18,10 €/L","img":"https://fd1-photos.leclercdrive.fr/image.ashx?id=2805081&use=l&cat=p&typeid=i","cat":284606},{"id":225768,"n":"Protèges-slips Eco+ A plat -  Normal - x50","p":0.87,"u":"0,02 €/P","img":"https://fd1-photos.leclercdrive.fr/image.ashx?id=2824745&use=l&cat=p&typeid=i","cat":284625},{"id":225769,"n":"Change culottes Mots d'enfants T7 - 17kg - x15","p":5.15,"u":"0,34 €/P","img":"https://fd1-photos.leclercdrive.fr/image.ashx?id=2907249&use=l&cat=p&typeid=i","cat":290633},{"id":225784,"n":"Bandes de cire Veet Pure Froide - Aisselles - x16","p":4.75,"u":"0,30 €/P","img":"https://fd1-photos.leclercdrive.fr/image.ashx?id=2970795&use=l&cat=p&typeid=i","cat":325351},{"id":225785,"n":"Bandes de cire Veet Pure Jambes - x20","p":4.73,"u":"0,24 €/P","img":"https://fd1-photos.leclercdrive.fr/image.ashx?id=2964956&use=l&cat=p&typeid=i","cat":325351},{"id":225786,"n":"Lingettes Intima Regul'Active - x20","p":2.72,"u":"0,14 €/P","img":"https://fd1-photos.leclercdrive.fr/image.ashx?id=2689787&use=l&cat=p&typeid=i","cat":284627},{"id":225788,"n":"Recharge savon Dettol Karité - 250ml","p":3.09,"u":"12,36 €/L","img":"https://fd1-photos.leclercdrive.fr/image.ashx?id=2969016&use=l&cat=p&typeid=i","cat":284597},{"id":225789,"n":"Bandes de cire Veet Maillot - x16","p":4.98,"u":"0,31 €/P","img":"https://fd1-photos.leclercdrive.fr/image.ashx?id=2865662&use=l&cat=p&typeid=i","cat":325351},{"id":225793,"n":"Liquide vaisselle Paic Acti Froid - Menthe - 500ml","p":2.58,"u":"5,16 €/L","img":"https://fd1-photos.leclercdrive.fr/image.ashx?id=2684335&use=l&cat=p&typeid=i","cat":284655},{"id":225819,"n":"Canderel liquide 200 ml","p":2.54,"u":"12,70 €/L","img":"https://fd1-photos.leclercdrive.fr/image.ashx?id=2812828&use=l&cat=p&typeid=i","cat":324846},{"id":225859,"n":"Capsule Nescafé Dolce Gusto Neo  Espresso Intense - x12","p":4.3,"u":"0,36 €/P","img":"https://fd1-photos.leclercdrive.fr/image.ashx?id=2952163&use=l&cat=p&typeid=i","cat":293241},{"id":225891,"n":"Bière blonde 1664 5,5° - 18x25cl","p":11.4,"pp":8.55,"u":"1,90 €/L","img":"https://fd1-photos.leclercdrive.fr/image.ashx?id=2684931&use=l&cat=p&typeid=i","cat":334873},{"id":225931,"n":"Tuiles Monster Munch  Crazy barbecue - 150g","p":1.9,"u":"12,67 €/KG","img":"https://fd1-photos.leclercdrive.fr/image.ashx?id=2923993&use=l&cat=p&typeid=i","cat":287899},{"id":225936,"n":"Jus d'orange sans pulpe Montebelo - 1L","p":2.77,"u":"2,77 €/L","img":"https://fd1-photos.leclercdrive.fr/image.ashx?id=2743505&use=l&cat=p&typeid=i","cat":284354},{"id":225951,"n":"Riz tandoori Jardin Bio bio 220g","p":2.59,"u":"11,77 €/KG","img":"https://fd1-photos.leclercdrive.fr/image.ashx?id=2686048&use=l&cat=p&typeid=i","cat":284953},{"id":225952,"n":"Purée Jardin Bio Bio lentilles corail - 250g","p":2.04,"u":"8,16 €/KG","img":"https://fd1-photos.leclercdrive.fr/image.ashx?id=2976824&use=l&cat=p&typeid=i","cat":284953},{"id":225953,"n":"Sauce korma Jardin Bio Bio - 330g","p":3.53,"u":"10,70 €/KG","img":"https://fd1-photos.leclercdrive.fr/image.ashx?id=2686054&use=l&cat=p&typeid=i","cat":289012},{"id":225954,"n":"Sauce Jardin Bio Tikka Masala bio - 330g","p":3.73,"u":"11,30 €/KG","img":"https://fd1-photos.leclercdrive.fr/image.ashx?id=2686057&use=l&cat=p&typeid=i","cat":287599},{"id":225955,"n":"Petale barbecue Jardin Bio Bio 85g","p":1.65,"u":"19,41 €/KG","img":"https://fd1-photos.leclercdrive.fr/image.ashx?id=2686039&use=l&cat=p&typeid=i","cat":284449},{"id":225969,"n":"Cookie Jardin Bio Bio Pepites de chocolat - 175g","p":2.89,"u":"16,51 €/KG","img":"https://fd1-photos.leclercdrive.fr/image.ashx?id=2963208&use=l&cat=p&typeid=i","cat":325066},{"id":225974,"n":"Mouliné du potager Jardin Bio Bio - 1L","p":3.02,"u":"3,02 €/L","img":"https://fd1-photos.leclercdrive.fr/image.ashx?id=2692536&use=l&cat=p&typeid=i","cat":284462},{"id":225975,"n":"Gaspacho Jardin Bio  Bio - 1L","p":3.34,"u":"3,34 €/L","img":"https://fd1-photos.leclercdrive.fr/image.ashx?id=2686036&use=l&cat=p&typeid=i","cat":287365},{"id":226108,"n":"Chocolat Nesquik 800g","p":4.83,"u":"6,04 €/KG","img":"https://fd1-photos.leclercdrive.fr/image.ashx?id=3005377&use=l&cat=p&typeid=i","cat":293235},{"id":226111,"n":"Muesli  Grainea Chocolat noir - 500g","p":2.27,"u":"4,54 €/KG","img":"https://fd1-photos.leclercdrive.fr/image.ashx?id=2931859&use=l&cat=p&typeid=i","cat":309512},{"id":226112,"n":"Marbré chocolat Ker Cadelac Pepites de chocolat - 475g","p":3.88,"u":"8,17 €/KG","img":"https://fd1-photos.leclercdrive.fr/image.ashx?id=2687878&use=l&cat=p&typeid=i","cat":294776},{"id":226116,"n":"Chewing-gum Mentos Pure Fresh  Fresh Mint sans sucres - 100g","p":2.91,"u":"29,10 €/KG","img":"https://fd1-photos.leclercdrive.fr/image.ashx?id=2687707&use=l&cat=p&typeid=i","cat":304251},{"id":226122,"n":"Biscuits Delacre Cigarettes Russes - 230g","p":1.96,"u":"8,52 €/KG","img":"https://fd1-photos.leclercdrive.fr/image.ashx?id=2688833&use=l&cat=p&typeid=i","cat":284490},{"id":226129,"n":"Lentilles Bonduelle Lot de 3 - 265g","p":3.4,"u":"4,28 €/KG","img":"https://fd1-photos.leclercdrive.fr/image.ashx?id=2841253&use=l&cat=p&typeid=i","cat":312609},{"id":226134,"n":"Gel wc canard Fresh disc 1p","p":2.96,"img":"https://fd1-photos.leclercdrive.fr/image.ashx?id=2690093&use=l&cat=p&typeid=i","cat":284662},{"id":226137,"n":"Sun caps  x39 - 585g","p":12.76,"u":"21,81 €/KG","img":"https://fd1-photos.leclercdrive.fr/image.ashx?id=2877262&use=l&cat=p&typeid=i","cat":284656},{"id":226141,"n":"Purée lisse Bio Yooji Patate douce - Dès 4 mois 400g","p":3.83,"u":"9,58 €/KG","img":"https://fd1-photos.leclercdrive.fr/image.ashx?id=2689246&use=l&cat=p&typeid=i","cat":290631},{"id":226194,"n":"Tomates cerises gustatives Panier du Primeur - 300g","p":3.99,"u":"13,30 €/KG","img":"https://fd1-photos.leclercdrive.fr/image.ashx?id=2686350&use=l&cat=p&typeid=i","cat":284352},{"id":226206,"n":"Compote Materne Pommes d'Occitanie  - 1.2kg","p":4.39,"u":"3,66 €/KG","img":"https://fd1-photos.leclercdrive.fr/image.ashx?id=3003125&use=l&cat=p&typeid=i","cat":284416},{"id":226208,"n":"Compote Materne Multivariétés  - 1.2kg","p":4.74,"u":"3,95 €/KG","img":"https://fd1-photos.leclercdrive.fr/image.ashx?id=3003128&use=l&cat=p&typeid=i","cat":284416},{"id":226209,"n":"Compote Materne Pomme Fraise - 400g","p":1.9,"u":"4,75 €/KG","img":"https://fd1-photos.leclercdrive.fr/image.ashx?id=3003122&use=l&cat=p&typeid=i","cat":284416},{"id":226250,"n":"Pizza 4 Fromages grandissima Ristorante - 560g","p":4.58,"u":"8,18 €/KG","img":"https://fd1-photos.leclercdrive.fr/image.ashx?id=2993083&use=l&cat=p&typeid=i","cat":284256},{"id":226296,"n":"Biscuit Flammekueche Savour 100g","p":1.85,"u":"18,50 €/L","img":"https://fd1-photos.leclercdrive.fr/image.ashx?id=2781889&use=l&cat=p&typeid=i","cat":297000},{"id":226302,"n":"Pâtes fraîches RANA Ravioli  Cèpes Champignons Ricotta -250g","p":3.48,"u":"13,92 €/KG","img":"https://fd1-photos.leclercdrive.fr/image.ashx?id=2737381&use=l&cat=p&typeid=i","cat":333682},{"id":226304,"n":"Pâtes fraîches RANA Ravioli  Saumon fumé et Mascarpone -250g","p":3.64,"u":"14,56 €/KG","img":"https://fd1-photos.leclercdrive.fr/image.ashx?id=2737387&use=l&cat=p&typeid=i","cat":333682},{"id":226307,"n":"Biscuits Savour Chorizo - 100g","p":1.85,"u":"18,50 €/KG","img":"https://fd1-photos.leclercdrive.fr/image.ashx?id=2781883&use=l&cat=p&typeid=i","cat":297000},{"id":226315,"n":"Croquettes Vitafit Friskies Boeuf - 12kg","p":24.95,"u":"2,08 €/KG","img":"https://fd1-photos.leclercdrive.fr/image.ashx?id=2986996&use=l&cat=p&typeid=i","cat":284672},{"id":226317,"n":"Croquettes Vitafit Friskies Light Poulet légumes 7 kg","p":18.67,"u":"2,67 €/KG","img":"https://fd1-photos.leclercdrive.fr/image.ashx?id=2986993&use=l&cat=p&typeid=i","cat":284672},{"id":226319,"n":"Morceaux en sauce Edgard Cooper 85g","p":10.05,"u":"14,78 €/KG","img":"https://fd1-photos.leclercdrive.fr/image.ashx?id=2845026&use=l&cat=p&typeid=i","cat":285601},{"id":226320,"n":"Croquettes Edgard Cooper Naturelles sans céréales - 750g","p":7.17,"u":"9,56 €/KG","img":"https://fd1-photos.leclercdrive.fr/image.ashx?id=2770575&use=l&cat=p&typeid=i","cat":284680},{"id":226323,"n":"Couscous Tipiak Familial - 630g","p":1.88,"u":"2,98 €/KG","img":"https://fd1-photos.leclercdrive.fr/image.ashx?id=2854624&use=l&cat=p&typeid=i","cat":284429},{"id":226330,"n":"Croziflette Alpina Savoie 400g","p":2.97,"u":"7,43 €/KG","img":"https://fd1-photos.leclercdrive.fr/image.ashx?id=2692374&use=l&cat=p&typeid=i","cat":284427},{"id":226343,"n":"Barre de céréales Nature Valley  Crunchy caramel x8 - 160g","p":2.83,"u":"17,69 €/KG","img":"https://fd1-photos.leclercdrive.fr/image.ashx?id=2692797&use=l&cat=p&typeid=i","cat":300032},{"id":226345,"n":"Barre de céréales Nature Valley Crunchy avoine fruits x5- 210g","p":2.7,"u":"12,86 €/KG","img":"https://fd1-photos.leclercdrive.fr/image.ashx?id=2858699&use=l&cat=p&typeid=i","cat":300032},{"id":226346,"n":"Boisson Gazeuse Maison Perrier Forever Gingembre Citron 1L","p":0.99,"u":"0,99 €/L","img":"https://fd1-photos.leclercdrive.fr/image.ashx?id=2692818&use=l&cat=p&typeid=i","cat":284536},{"id":226348,"n":"Céréales P'tit Déli Caramel & Chocolat - 400g","p":2.12,"u":"5,30 €/KG","img":"https://fd1-photos.leclercdrive.fr/image.ashx?id=2691528&use=l&cat=p&typeid=i","cat":309513},{"id":226349,"n":"Boisson Gazeuse Maison Perrier Chic Citrus Fizz 4x25cl","p":2.96,"u":"2,96 €/L","img":"https://fd1-photos.leclercdrive.fr/image.ashx?id=2841595&use=l&cat=p&typeid=i","cat":284536},{"id":226350,"n":"Boisson Gazeuse Maison Perrier Chic Lemonjito 4x25cl","p":3.16,"u":"3,16 €/L","img":"https://fd1-photos.leclercdrive.fr/image.ashx?id=2692809&use=l&cat=p&typeid=i","cat":284536},{"id":226352,"n":"Boisson énergisante Maison Perrier mûre - 4x25cl","p":3.59,"u":"3,59 €/L","img":"https://fd1-photos.leclercdrive.fr/image.ashx?id=2692815&use=l&cat=p&typeid=i","cat":284533},{"id":226412,"n":"Barre de céréales Nature Valley  Protéine cranberries x4 -160g","p":2.87,"u":"17,94 €/KG","img":"https://fd1-photos.leclercdrive.fr/image.ashx?id=2693869&use=l&cat=p&typeid=i","cat":285869},{"id":226430,"n":"Café grains Plantation Pérou pur arabica - 500g","p":8.29,"u":"16,58 €/KG","img":"https://fd1-photos.leclercdrive.fr/image.ashx?id=2824313&use=l&cat=p&typeid=i","cat":293237},{"id":226434,"n":"Bonbons Bool's poom  180g","p":1.82,"u":"10,11 €/KG","img":"https://fd1-photos.leclercdrive.fr/image.ashx?id=2693701&use=l&cat=p&typeid=i","cat":304250},{"id":226438,"n":"Soda Coca-Cola Original Canette - Pack 6x20CL","p":3.8,"u":"3,17 €/L","img":"https://fd1-photos.leclercdrive.fr/image.ashx?id=2766571&use=l&cat=p&typeid=i","cat":284530},{"id":226440,"n":"Pavés de saumon Gimbert Océan 400g","p":6.89,"u":"17,23 €/KG","img":"https://fd1-photos.leclercdrive.fr/image.ashx?id=2955179&use=l&cat=p&typeid=i","cat":319786},{"id":226449,"n":"Lait de coco Eco+ 200ml","p":0.69,"u":"3,45 €/L","img":"https://fd1-photos.leclercdrive.fr/image.ashx?id=2691790&use=l&cat=p&typeid=i","cat":288992},{"id":226455,"n":"Chewing-gum Mentos Pure Fresh  Fresh Chloro sans sucres - 100g","p":2.91,"u":"29,10 €/KG","img":"https://fd1-photos.leclercdrive.fr/image.ashx?id=2693434&use=l&cat=p&typeid=i","cat":304251},{"id":226484,"n":"Cookies Crunchy Kinder Pépites au cacao et lait - 136g","p":2.85,"u":"20,96 €/KG","img":"https://fd1-photos.leclercdrive.fr/image.ashx?id=2691995&use=l&cat=p&typeid=i","cat":325066},{"id":226511,"n":"Liquide Vaisselle Paic Fraîcheur agrumes - 750ml","p":2.48,"u":"3,31 €/L","img":"https://fd1-photos.leclercdrive.fr/image.ashx?id=2693965&use=l&cat=p&typeid=i","cat":284655},{"id":226514,"n":"Filet de cabillaud Fish & Chips L'Atelier Poissonnerie - 200g","p":3.89,"u":"19,45 €/KG","img":"https://fd1-photos.leclercdrive.fr/image.ashx?id=2714456&use=l&cat=p&typeid=i","cat":284344},{"id":226528,"n":"Olives vertes Tramier Dénoyautées - 160g","p":2.11,"u":"13,19 €/KG","img":"https://fd1-photos.leclercdrive.fr/image.ashx?id=2988309&use=l&cat=p&typeid=i","cat":284450},{"id":226583,"n":"Boisson gazeuse Maison Perrier Magnetic Juice Fraise 4x25cl","p":2.92,"u":"2,92 €/L","img":"https://fd1-photos.leclercdrive.fr/image.ashx?id=2887314&use=l&cat=p&typeid=i","cat":284536},{"id":226646,"n":"Boisson Gazeuse Maison Perrier Forever Citron Vert 1L","p":0.98,"u":"0,98 €/L","img":"https://fd1-photos.leclercdrive.fr/image.ashx?id=2695103&use=l&cat=p&typeid=i","cat":284536},{"id":226657,"n":"Boisson Gazeuse Maison Perrier Forever Citron 1L","p":1.09,"u":"1,09 €/L","img":"https://fd1-photos.leclercdrive.fr/image.ashx?id=2887311&use=l&cat=p&typeid=i","cat":284536},{"id":226661,"n":"Boisson Gazeuse Maison Perrier Forever Menthe 1L","p":0.94,"u":"0,94 €/L","img":"https://fd1-photos.leclercdrive.fr/image.ashx?id=2695112&use=l&cat=p&typeid=i","cat":284536},{"id":226663,"n":"Boisson Gazeuse Maison Perrier Forever Citron 6x50cl","p":4.2,"u":"1,40 €/L","img":"https://fd1-photos.leclercdrive.fr/image.ashx?id=2695100&use=l&cat=p&typeid=i","cat":284536},{"id":226664,"n":"Boisson Gazeuse Maison Perrier Forever Citron Vert 6x50cl","p":4.32,"u":"1,44 €/L","img":"https://fd1-photos.leclercdrive.fr/image.ashx?id=2695109&use=l&cat=p&typeid=i","cat":284536},{"id":226667,"n":"Boisson Gazeuse Maison Perrier Forever Citron 6x33cl","p":3.12,"u":"1,58 €/L","img":"https://fd1-photos.leclercdrive.fr/image.ashx?id=2878447&use=l&cat=p&typeid=i","cat":284536},{"id":226671,"n":"Shampoing Fortifiant Dop Aux œufs sans silicone - 400ml","p":2.05,"u":"5,13 €/L","img":"https://fd1-photos.leclercdrive.fr/image.ashx?id=2704101&use=l&cat=p&typeid=i","cat":284606},{"id":226672,"n":"Shampoing Antipelliculaire Dop Sans silicone - 400ml","p":2.05,"u":"5,13 €/L","img":"https://fd1-photos.leclercdrive.fr/image.ashx?id=2704104&use=l&cat=p&typeid=i","cat":284606},{"id":226674,"n":"Shampoing Nourrissant 2en1 Dop Cheveux secs ou frisés - 400ml","p":2.32,"u":"5,80 €/L","img":"https://fd1-photos.leclercdrive.fr/image.ashx?id=2704110&use=l&cat=p&typeid=i","cat":284606},{"id":226776,"n":"Thé noir fruits rouges Lipton 20 sachets - 30g","p":1.72,"u":"57,33 €/KG","img":"https://fd1-photos.leclercdrive.fr/image.ashx?id=2695359&use=l&cat=p&typeid=i","cat":293233},{"id":226777,"n":"Thé noir vanille et caramel 20 sachets - 34g","p":2.45,"u":"72,06 €/KG","img":"https://fd1-photos.leclercdrive.fr/image.ashx?id=2736703&use=l&cat=p&typeid=i","cat":293233},{"id":226778,"n":"Thé noir orange Lipton 20 sachets - 34g","p":2.46,"u":"72,35 €/KG","img":"https://fd1-photos.leclercdrive.fr/image.ashx?id=2695371&use=l&cat=p&typeid=i","cat":293233},{"id":226780,"n":"Thé noir earl grey et bergamote 20 sachets - 32g","p":2.45,"u":"7,66 €/L","img":"https://fd1-photos.leclercdrive.fr/image.ashx?id=2736706&use=l&cat=p&typeid=i","cat":293233},{"id":226781,"n":"Thé noir pêche mangue Lipton 20 sachets - 34g","p":2.41,"u":"70,88 €/KG","img":"https://fd1-photos.leclercdrive.fr/image.ashx?id=2695362&use=l&cat=p&typeid=i","cat":293233},{"id":226801,"n":"Parfum de linge billes Lenor  Jasmin Rose de mai x19 doses","p":6.7,"u":"28,51 €/KG","img":"https://fd1-photos.leclercdrive.fr/image.ashx?id=2841598&use=l&cat=p&typeid=i","cat":325302},{"id":226806,"n":"Liquide de rinçage Sun Brillance - 500ml","p":3.46,"u":"6,92 €/L","img":"https://fd1-photos.leclercdrive.fr/image.ashx?id=2829099&use=l&cat=p&typeid=i","cat":284657},{"id":226807,"n":"Liquide de rinçage Sun Séchage - 500ml","p":3.77,"u":"7,54 €/L","img":"https://fd1-photos.leclercdrive.fr/image.ashx?id=2738716&use=l&cat=p&typeid=i","cat":284657},{"id":226813,"n":"Déodorant stick Sanex  Zéro% Sensitive - 65ml","p":3.07,"u":"47,23 €/L","img":"https://fd1-photos.leclercdrive.fr/image.ashx?id=2745415&use=l&cat=p&typeid=i","cat":284595},{"id":226815,"n":"Dentifrice Oral-B kids 0-6ans - 50ml","p":2.08,"u":"41,60 €/L","img":"https://fd1-photos.leclercdrive.fr/image.ashx?id=2737801&use=l&cat=p&typeid=i","cat":288898},{"id":226818,"n":"Dentifrice Sensodyne Soin  complet Triple action - 75ml","p":4.0,"u":"53,33 €/L","img":"https://fd1-photos.leclercdrive.fr/image.ashx?id=2997778&use=l&cat=p&typeid=i","cat":284612},{"id":226819,"n":"Dentifrice Sensodyne Soin gencives Triple action - 75ml","p":4.48,"u":"59,73 €/L","img":"https://fd1-photos.leclercdrive.fr/image.ashx?id=3000384&use=l&cat=p&typeid=i","cat":284612},{"id":226824,"n":"Dentifrice Sensodyne Soin  Blancheur naturelle 24h - 75ml","p":4.15,"u":"55,33 €/L","img":"https://fd1-photos.leclercdrive.fr/image.ashx?id=2694944&use=l&cat=p&typeid=i","cat":284612},{"id":226825,"n":"Dentifrice Sensodyne Répare & protège Novamin - 75ml","p":4.5,"u":"60,00 €/L","img":"https://fd1-photos.leclercdrive.fr/image.ashx?id=2694947&use=l&cat=p&typeid=i","cat":284612},{"id":226826,"n":"Dentifrice Sensodyne Soin Blancheur triple action - 75ml","p":4.19,"u":"55,87 €/L","img":"https://fd1-photos.leclercdrive.fr/image.ashx?id=3000381&use=l&cat=p&typeid=i","cat":284612},{"id":226827,"n":"Nettoyant Machine Sun Lave Vaisselle 3 Doses","p":3.46,"u":"28,83 €/KG","img":"https://fd1-photos.leclercdrive.fr/image.ashx?id=2738710&use=l&cat=p&typeid=i","cat":284657},{"id":226829,"n":"Dentifrice Sensodyne Répare & protège extra fresh - 75ml","p":4.99,"u":"66,53 €/L","img":"https://fd1-photos.leclercdrive.fr/image.ashx?id=2694956&use=l&cat=p&typeid=i","cat":284612},{"id":226830,"n":"Dentifrice Sensodyne Répare & protège Blancheur - 75ml","p":4.63,"u":"61,73 €/L","img":"https://fd1-photos.leclercdrive.fr/image.ashx?id=2872955&use=l&cat=p&typeid=i","cat":284612},{"id":226856,"n":"P'tit onctueux pêche Nestlé sans sucres ajoutés - 4x90g","p":2.19,"u":"6,08 €/KG","img":"https://fd1-photos.leclercdrive.fr/image.ashx?id=2695124&use=l&cat=p&typeid=i","cat":312392},{"id":226879,"n":"Pate tomate colin Naturnes Dès 6 mois - 2x90g","p":2.18,"u":"12,11 €/KG","img":"https://fd1-photos.leclercdrive.fr/image.ashx?id=2696139&use=l&cat=p&typeid=i","cat":312235},{"id":226880,"n":"Brioche tressée Harrys Allégée en sucres - 450G","p":3.39,"u":"7,53 €/KG","img":"https://fd1-photos.leclercdrive.fr/image.ashx?id=2962467&use=l&cat=p&typeid=i","cat":284478},{"id":226899,"n":"Mini bille chocolaté M&Ms 176g","p":2.55,"u":"14,49 €/KG","img":"https://fd1-photos.leclercdrive.fr/image.ashx?id=3009074&use=l&cat=p&typeid=i","cat":304238},{"id":226903,"n":"Boisson énergisante Maison Perrier mûre - 25cl","p":0.86,"u":"3,44 €/L","img":"https://fd1-photos.leclercdrive.fr/image.ashx?id=2696130&use=l&cat=p&typeid=i","cat":284533},{"id":226911,"n":"Bille au chocolat Maltesers 400g","p":5.76,"u":"14,40 €/KG","img":"https://fd1-photos.leclercdrive.fr/image.ashx?id=2976050&use=l&cat=p&typeid=i","cat":304238},{"id":226920,"n":"Bonbons Skittles  152g","p":1.33,"u":"8,75 €/KG","img":"https://fd1-photos.leclercdrive.fr/image.ashx?id=3008984&use=l&cat=p&typeid=i","cat":304250},{"id":226970,"n":"Tablette lave-vaisselle Sun  Expert Plus x40 -700g","p":7.9,"u":"11,29 €/KG","img":"https://fd1-photos.leclercdrive.fr/image.ashx?id=2738734&use=l&cat=p&typeid=i","cat":284656},{"id":226971,"n":"Sun Tablettes Lave-Vaisselle Tout en 1 Expert Plus x40","p":7.9,"u":"11,29 €/KG","img":"https://fd1-photos.leclercdrive.fr/image.ashx?id=2942012&use=l&cat=p&typeid=i","cat":284656},{"id":226973,"n":"Sun Tablettes Lave-Vaisselle Tout en 1 Citron Ecolabel x46","p":7.72,"u":"10,17 €/KG","img":"https://fd1-photos.leclercdrive.fr/image.ashx?id=3000905&use=l&cat=p&typeid=i","cat":284656},{"id":226975,"n":"Crème de douche Corine de Farme Soin nourrissant - Monoï 500ml","p":3.26,"u":"6,52 €/L","img":"https://fd1-photos.leclercdrive.fr/image.ashx?id=2696613&use=l&cat=p&typeid=i","cat":284594},{"id":227006,"n":"Crème glacée Häagen-Dazs  Chocolat belge - 400g","p":4.71,"u":"11,78 €/KG","img":"https://fd1-photos.leclercdrive.fr/image.ashx?id=2886891&use=l&cat=p&typeid=i","cat":284725},{"id":227012,"n":"Halloumi AOP Casa Azzurra 200g","p":3.83,"u":"19,15 €/KG","img":"https://fd1-photos.leclercdrive.fr/image.ashx?id=2696729&use=l&cat=p&typeid=i","cat":314026},{"id":227070,"n":"Thé glacé pétillant Lipton Ice Tea pêche - bouteille 1.25L","p":1.69,"u":"1,35 €/L","img":"https://fd1-photos.leclercdrive.fr/image.ashx?id=2887704&use=l&cat=p&typeid=i","cat":295019},{"id":227071,"n":"Thé pétillant Lipton Ice Tea Citron citron vert - 1.25L","p":1.65,"u":"1,32 €/L","img":"https://fd1-photos.leclercdrive.fr/image.ashx?id=2887707&use=l&cat=p&typeid=i","cat":295019},{"id":227153,"n":"Couches Carryboo de nos Régions Couches locales Taille 2 - x 50","p":14.13,"u":"0,28 €/P","img":"https://fd1-photos.leclercdrive.fr/image.ashx?id=2969245&use=l&cat=p&typeid=i","cat":284737},{"id":227154,"n":"Couches Carryboo de nos Régions Couches locales Taille 3 - x50","p":14.36,"u":"0,29 €/P","img":"https://fd1-photos.leclercdrive.fr/image.ashx?id=2833801&use=l&cat=p&typeid=i","cat":284737},{"id":227155,"n":"Couche Carryboo de nos Régions Couches locales Taille 4 - x44","p":15.33,"u":"0,35 €/P","img":"https://fd1-photos.leclercdrive.fr/image.ashx?id=2787404&use=l&cat=p&typeid=i","cat":284737},{"id":227158,"n":"Couches Carryboo de nos Régions Couches locales Taille 4+ - x42","p":13.8,"u":"0,33 €/P","img":"https://fd1-photos.leclercdrive.fr/image.ashx?id=2787407&use=l&cat=p&typeid=i","cat":284737},{"id":227159,"n":"Couche Carryboo de nos Régions Couches locales Taille 5 - x40","p":15.42,"u":"0,39 €/P","img":"https://fd1-photos.leclercdrive.fr/image.ashx?id=2805486&use=l&cat=p&typeid=i","cat":284737},{"id":227165,"n":"Serum Acide Hyaluronique Mixa 30mL","p":7.88,"u":"262,67 €/L","img":"https://fd1-photos.leclercdrive.fr/image.ashx?id=2698711&use=l&cat=p&typeid=i","cat":325345},{"id":227166,"n":"Sérum Anti-tâches Vitamine C Mixa 30 mL","p":7.88,"u":"262,67 €/L","img":"https://fd1-photos.leclercdrive.fr/image.ashx?id=2698714&use=l&cat=p&typeid=i","cat":325345},{"id":227167,"n":"Serum anti-imperfections Niacinamide Mixa 30mL","p":7.88,"u":"262,67 €/L","img":"https://fd1-photos.leclercdrive.fr/image.ashx?id=2698717&use=l&cat=p&typeid=i","cat":325345},{"id":227307,"n":"Café capsules Dolce Gusto Starbucks White Moka - 123g","p":4.39,"u":"35,69 €/KG","img":"https://fd1-photos.leclercdrive.fr/image.ashx?id=3000459&use=l&cat=p&typeid=i","cat":284749},{"id":227309,"n":"Pelican blonde Pelican - 66cl","p":3.24,"u":"4,91 €/L","img":"https://fd1-photos.leclercdrive.fr/image.ashx?id=2766238&use=l&cat=p&typeid=i","cat":334872},{"id":227318,"n":"P'tite Céréale Nestlé Vanille - 415g","p":2.62,"u":"6,31 €/KG","img":"https://fd1-photos.leclercdrive.fr/image.ashx?id=2700773&use=l&cat=p&typeid=i","cat":312225},{"id":227320,"n":"Céréales Nesquik 675g","p":4.46,"u":"6,61 €/KG","img":"https://fd1-photos.leclercdrive.fr/image.ashx?id=2971434&use=l&cat=p&typeid=i","cat":309513},{"id":227323,"n":"Céréales Crunch Nestlé 675g","p":4.39,"u":"6,50 €/KG","img":"https://fd1-photos.leclercdrive.fr/image.ashx?id=2949085&use=l&cat=p&typeid=i","cat":309513},{"id":227325,"n":"P'tite céréales Nestlé Saveur biscuit - 415g","p":2.91,"u":"7,01 €/KG","img":"https://fd1-photos.leclercdrive.fr/image.ashx?id=2700776&use=l&cat=p&typeid=i","cat":312225},{"id":227329,"n":"P'tite céréale Nestlé 415g","p":3.19,"u":"7,69 €/KG","img":"https://fd1-photos.leclercdrive.fr/image.ashx?id=2700770&use=l&cat=p&typeid=i","cat":312225},{"id":227331,"n":"P'tite céréales Nestlé Cacao - 415g","p":2.62,"u":"6,31 €/KG","img":"https://fd1-photos.leclercdrive.fr/image.ashx?id=2700767&use=l&cat=p&typeid=i","cat":312225},{"id":227341,"n":"Céréales Lion Nestlé 1.05kg","p":6.26,"u":"6,26 €/KG","img":"https://fd1-photos.leclercdrive.fr/image.ashx?id=2995433&use=l&cat=p&typeid=i","cat":309513},{"id":227352,"n":"Céréales Chocapic  645g","p":4.59,"u":"7,12 €/KG","img":"https://fd1-photos.leclercdrive.fr/image.ashx?id=2977732&use=l&cat=p&typeid=i","cat":309513},{"id":227372,"n":"Céréales Lion 675g","p":4.6,"u":"6,81 €/KG","img":"https://fd1-photos.leclercdrive.fr/image.ashx?id=2997256&use=l&cat=p&typeid=i","cat":309513},{"id":227373,"n":"Gelée de viande Eco+ 12x100g","p":2.99,"u":"2,49 €/KG","img":"https://fd1-photos.leclercdrive.fr/image.ashx?id=2744216&use=l&cat=p&typeid=i","cat":285286},{"id":227374,"n":"Céréales Chocapic 375g","p":2.92,"u":"7,79 €/KG","img":"https://fd1-photos.leclercdrive.fr/image.ashx?id=2977408&use=l&cat=p&typeid=i","cat":309513},{"id":227375,"n":"Capsule Nescafé Farmers Origins  Brazil Int 8 - x10","p":2.37,"u":"53,86 €/KG","img":"https://fd1-photos.leclercdrive.fr/image.ashx?id=2952166&use=l&cat=p&typeid=i","cat":284749},{"id":227376,"n":"Croquette Friskies Vitafit  Boeuf - 3kg","p":7.22,"u":"2,41 €/KG","img":"https://fd1-photos.leclercdrive.fr/image.ashx?id=2986999&use=l&cat=p&typeid=i","cat":284672},{"id":227377,"n":"Croquette Friskies Vitafit Boeuf - 12kg","p":25.06,"img":"https://fd1-photos.leclercdrive.fr/image.ashx?id=2986984&use=l&cat=p&typeid=i","cat":284672},{"id":227378,"n":"Croquettes Friskies junior Poulet & legumes - 1.5kg","p":5.37,"u":"3,58 €/KG","img":"https://fd1-photos.leclercdrive.fr/image.ashx?id=2699612&use=l&cat=p&typeid=i","cat":284680},{"id":227381,"n":"Croquettes Friskies Vitafit Poulet & legumes - 3kg","p":7.22,"u":"2,41 €/KG","img":"https://fd1-photos.leclercdrive.fr/image.ashx?id=2986981&use=l&cat=p&typeid=i","cat":284672},{"id":227391,"n":"Croquettes Friskies Saumon & legumes - 3 kg","p":10.53,"u":"3,51 €/KG","img":"https://fd1-photos.leclercdrive.fr/image.ashx?id=2940615&use=l&cat=p&typeid=i","cat":284680},{"id":227397,"n":"Croquettes Friskies  Dinde & legumes - 1.5kg","p":5.37,"u":"3,58 €/KG","img":"https://fd1-photos.leclercdrive.fr/image.ashx?id=2699621&use=l&cat=p&typeid=i","cat":284680},{"id":227400,"n":"Croquettes chat Friskies Saumon et legumes - 1.5 kg","p":5.39,"u":"3,59 €/KG","img":"https://fd1-photos.leclercdrive.fr/image.ashx?id=2940600&use=l&cat=p&typeid=i","cat":284680},{"id":227408,"n":"Riz basmati Taureau Ailé 220g","p":1.77,"u":"8,05 €/KG","img":"https://fd1-photos.leclercdrive.fr/image.ashx?id=2916330&use=l&cat=p&typeid=i","cat":287600},{"id":227409,"n":"Gel douche Le Petit Marseillais Mangue Bio et passion 650ml","p":3.99,"u":"6,14 €/L","img":"https://fd1-photos.leclercdrive.fr/image.ashx?id=2700497&use=l&cat=p&typeid=i","cat":284594},{"id":227410,"n":"Gel douche Le Petit Marseillais Mimosa et Citron bio - 250ml","p":1.73,"u":"6,92 €/L","img":"https://fd1-photos.leclercdrive.fr/image.ashx?id=2700500&use=l&cat=p&typeid=i","cat":284594},{"id":227412,"n":"Masque pieds Scholl Exfoliant talon - x1","p":6.45,"img":"https://fd1-photos.leclercdrive.fr/image.ashx?id=2981313&use=l&cat=p&typeid=i","cat":325354},{"id":227419,"n":"Gel Energy WC Net Javel - Action immédiate 750ml","p":2.24,"u":"2,99 €/L","img":"https://fd1-photos.leclercdrive.fr/image.ashx?id=2791659&use=l&cat=p&typeid=i","cat":284662},{"id":227423,"n":"Etuis mouchoirs Lotus Compact+ - x24","p":3.51,"img":"https://fd1-photos.leclercdrive.fr/image.ashx?id=2700692&use=l&cat=p&typeid=i","cat":284638},{"id":227445,"n":"Riz basmati Taureau Ailé Nature - 220g","p":1.79,"u":"8,14 €/KG","img":"https://fd1-photos.leclercdrive.fr/image.ashx?id=2916327&use=l&cat=p&typeid=i","cat":287600},{"id":227448,"n":"Céréales Crunch 375g","p":2.67,"u":"7,12 €/KG","img":"https://fd1-photos.leclercdrive.fr/image.ashx?id=2939760&use=l&cat=p&typeid=i","cat":309513},{"id":227506,"n":"Capsule Nescafé Farmers Origins  India Int 9 - x18","p":4.32,"u":"54,68 €/KG","img":"https://fd1-photos.leclercdrive.fr/image.ashx?id=2700791&use=l&cat=p&typeid=i","cat":284749},{"id":227507,"n":"Capsule Nescafé Farmers Origins  India Int 9 - x10","p":2.37,"u":"53,86 €/KG","img":"https://fd1-photos.leclercdrive.fr/image.ashx?id=2952169&use=l&cat=p&typeid=i","cat":284749},{"id":227512,"n":"Chips Savour  Sel de guerande - 120g","p":1.48,"u":"12,33 €/KG","img":"https://fd1-photos.leclercdrive.fr/image.ashx?id=2743828&use=l&cat=p&typeid=i","cat":284447},{"id":227514,"n":"Chips Savour Sweet Chili - 120g","p":1.79,"u":"14,92 €/KG","img":"https://fd1-photos.leclercdrive.fr/image.ashx?id=2743825&use=l&cat=p&typeid=i","cat":284447},{"id":227515,"n":"Chips Savour Vinaigre de cidre - 120g","p":1.71,"u":"14,25 €/KG","img":"https://fd1-photos.leclercdrive.fr/image.ashx?id=2743822&use=l&cat=p&typeid=i","cat":284447},{"id":227516,"n":"Chips Savour Cheddar & Ciboulette - 120g","p":1.75,"u":"14,58 €/KG","img":"https://fd1-photos.leclercdrive.fr/image.ashx?id=2743819&use=l&cat=p&typeid=i","cat":284447},{"id":227520,"n":"Chips Lay's Sel & vinaigre - 130g","p":1.44,"u":"11,08 €/KG","img":"https://fd1-photos.leclercdrive.fr/image.ashx?id=3011161&use=l&cat=p&typeid=i","cat":284447},{"id":227528,"n":"Chips Lay's Poulet - 135g","p":1.27,"u":"9,41 €/KG","img":"https://fd1-photos.leclercdrive.fr/image.ashx?id=2995079&use=l&cat=p&typeid=i","cat":284447},{"id":227532,"n":"Chips Lay's Barbecue - 250g","p":2.17,"u":"8,68 €/KG","img":"https://fd1-photos.leclercdrive.fr/image.ashx?id=2994488&use=l&cat=p&typeid=i","cat":284447},{"id":227534,"n":"Chips Lay's Barbecue - 135g","p":1.16,"u":"8,59 €/KG","img":"https://fd1-photos.leclercdrive.fr/image.ashx?id=2994485&use=l&cat=p&typeid=i","cat":284447},{"id":227542,"n":"Croquettes pour chien Friskies Vitafit 12kg","p":25.67,"u":"2,14 €/KG","img":"https://fd1-photos.leclercdrive.fr/image.ashx?id=2986987&use=l&cat=p&typeid=i","cat":284672},{"id":227595,"n":"Jambon Fleury Michon  Simplement Bon x10 - 350g","p":4.18,"u":"11,94 €/KG","img":"https://fd1-photos.leclercdrive.fr/image.ashx?id=2842699&use=l&cat=p&typeid=i","cat":316009},{"id":227600,"n":"Croquettes chat Friskies Boeuf, poulet et légumes - 3kg","p":10.22,"u":"3,41 €/KG","img":"https://fd1-photos.leclercdrive.fr/image.ashx?id=2940603&use=l&cat=p&typeid=i","cat":284680},{"id":227602,"n":"Croquettes Friskies  Poulet & légumes  1,5 kg","p":5.5,"u":"3,67 €/KG","img":"https://fd1-photos.leclercdrive.fr/image.ashx?id=2701400&use=l&cat=p&typeid=i","cat":284680},{"id":227603,"n":"Croquettes chat stérilisé Friskies Agneau légumes - 1.5kg","p":5.59,"u":"3,73 €/KG","img":"https://fd1-photos.leclercdrive.fr/image.ashx?id=2701064&use=l&cat=p&typeid=i","cat":284680},{"id":227605,"n":"Croquettes petit chien Friskies Poulet & légumes - 1.5kg","p":5.05,"u":"3,37 €/KG","img":"https://fd1-photos.leclercdrive.fr/image.ashx?id=2986314&use=l&cat=p&typeid=i","cat":294526},{"id":227608,"n":"Croquettes Friskies Junior  Poulet avec du lait - 3kg","p":8.68,"u":"2,89 €/KG","img":"https://fd1-photos.leclercdrive.fr/image.ashx?id=2986900&use=l&cat=p&typeid=i","cat":284672},{"id":227612,"n":"Croquettes chien light Friskies Poulet & légumes - 3kg","p":8.55,"u":"2,85 €/KG","img":"https://fd1-photos.leclercdrive.fr/image.ashx?id=2987002&use=l&cat=p&typeid=i","cat":284672},{"id":227629,"n":"Barres chocolatées Snickers x7 - 350g","p":3.39,"u":"9,69 €/KG","img":"https://fd1-photos.leclercdrive.fr/image.ashx?id=2701040&use=l&cat=p&typeid=i","cat":284498},{"id":227633,"n":"Barres chocolatées Twix  x10 -210g","p":2.2,"u":"10,48 €/KG","img":"https://fd1-photos.leclercdrive.fr/image.ashx?id=2980091&use=l&cat=p&typeid=i","cat":284498},{"id":227636,"n":"Chewing-gum Freedent Refresher Menthe verte x8 - 18g","p":1.1,"u":"61,11 €/KG","img":"https://fd1-photos.leclercdrive.fr/image.ashx?id=2863782&use=l&cat=p&typeid=i","cat":304251},{"id":227637,"n":"Canard WC Fresh disc Tropical - 1 appli + 6 disques","p":2.99,"img":"https://fd1-photos.leclercdrive.fr/image.ashx?id=2845578&use=l&cat=p&typeid=i","cat":284662},{"id":227657,"n":"Soda Fanta Orange Sans Sucres  Canette - Pack 6x33cl","p":3.25,"u":"1,64 €/L","img":"https://fd1-photos.leclercdrive.fr/image.ashx?id=2701361&use=l&cat=p&typeid=i","cat":284532},{"id":227669,"n":"Boisson Gazeuse Maison Perrier Chic Roséllini 4x25cl","p":2.88,"u":"2,88 €/L","img":"https://fd1-photos.leclercdrive.fr/image.ashx?id=2701403&use=l&cat=p&typeid=i","cat":284536},{"id":227671,"n":"Bière aromatisée Desperados Tropical -  6X33cl","p":8.8,"u":"4,44 €/L","img":"https://fd1-photos.leclercdrive.fr/image.ashx?id=2701142&use=l&cat=p&typeid=i","cat":334878},{"id":227690,"n":"Parfum de linge Lenor Ambre orchidée x19D - 235g","p":6.68,"u":"28,43 €/KG","img":"https://fd1-photos.leclercdrive.fr/image.ashx?id=2839457&use=l&cat=p&typeid=i","cat":325302},{"id":227701,"n":"Chocolat Pâtissier Nestlé Dessert Blanc - 170g","p":2.99,"u":"17,59 €/KG","img":"https://fd1-photos.leclercdrive.fr/image.ashx?id=2895062&use=l&cat=p&typeid=i","cat":284957},{"id":227702,"n":"Fromage enfant La Vache qui rit Pik&Croq 8 portions - 280g","p":3.34,"u":"11,93 €/KG","img":"https://fd1-photos.leclercdrive.fr/image.ashx?id=2945436&use=l&cat=p&typeid=i","cat":314030},{"id":227731,"n":"Céréales Nesquik  375g","p":2.69,"u":"7,17 €/KG","img":"https://fd1-photos.leclercdrive.fr/image.ashx?id=2977411&use=l&cat=p&typeid=i","cat":309513},{"id":227737,"n":"Capsule Nescafé Farmers Origins  Colombia Int 6 - x10","p":2.5,"u":"56,82 €/KG","img":"https://fd1-photos.leclercdrive.fr/image.ashx?id=2701968&use=l&cat=p&typeid=i","cat":284749},{"id":227738,"n":"Capsule Nescafé Farmers Origins  Africas Int 10 - x10","p":2.37,"u":"53,86 €/KG","img":"https://fd1-photos.leclercdrive.fr/image.ashx?id=2952172&use=l&cat=p&typeid=i","cat":284749},{"id":227739,"n":"Capsule Nescafé Farmers Origins  Colombia Décaféiné Int 6 - x10","p":2.94,"u":"55,47 €/KG","img":"https://fd1-photos.leclercdrive.fr/image.ashx?id=2701977&use=l&cat=p&typeid=i","cat":284749},{"id":227740,"n":"Capsule Nescafé Farmers Origins  Brazil Int 8 - x18","p":4.59,"u":"58,10 €/KG","img":"https://fd1-photos.leclercdrive.fr/image.ashx?id=3001521&use=l&cat=p&typeid=i","cat":284749},{"id":227743,"n":"Capsule Nescafé Farmers Origins  Colombia Int 6 - x18","p":4.79,"u":"60,63 €/KG","img":"https://fd1-photos.leclercdrive.fr/image.ashx?id=2701971&use=l&cat=p&typeid=i","cat":284749},{"id":227744,"n":"Capsule Nescafé Farmers Origins  Andes Int 5 - x10","p":2.5,"u":"56,82 €/KG","img":"https://fd1-photos.leclercdrive.fr/image.ashx?id=2701965&use=l&cat=p&typeid=i","cat":284749},{"id":227766,"n":"Diffuseur électrique Pyrel Eucalyptus - 45 nuits - 32ml","p":7.18,"u":"224,38 €/L","img":"https://fd1-photos.leclercdrive.fr/image.ashx?id=2973967&use=l&cat=p&typeid=i","cat":311629},{"id":227767,"n":"Gel douche Men Expert Barber club - 300ml","p":3.63,"u":"12,10 €/L","img":"https://fd1-photos.leclercdrive.fr/image.ashx?id=3008773&use=l&cat=p&typeid=i","cat":284619},{"id":227780,"n":"Liqueur GET Menthe & Citrons 17,9° - 70cl","p":12.99,"u":"18,56 €/L","img":"https://fd1-photos.leclercdrive.fr/image.ashx?id=2840629&use=l&cat=p&typeid=i","cat":286032},{"id":227818,"n":"Fromage enfant La Vache qui rit Pik&Croq 5 portions - 175g","p":2.46,"u":"14,06 €/KG","img":"https://fd1-photos.leclercdrive.fr/image.ashx?id=2945433&use=l&cat=p&typeid=i","cat":314030},{"id":227820,"n":"Fromage enfant La Vache qui rit Original 8P à tartiner - 128g","p":2.01,"u":"15,70 €/KG","img":"https://fd1-photos.leclercdrive.fr/image.ashx?id=2945439&use=l&cat=p&typeid=i","cat":314030},{"id":227822,"n":"Chips Lay's  Paprika - 130g","p":1.57,"u":"12,08 €/KG","img":"https://fd1-photos.leclercdrive.fr/image.ashx?id=3011158&use=l&cat=p&typeid=i","cat":284447},{"id":227831,"n":"Spray Nettoyant Menager Cif  Anti-calcaire Universel 750 ml","p":2.24,"u":"2,99 €/L","img":"https://fd1-photos.leclercdrive.fr/image.ashx?id=2890520&use=l&cat=p&typeid=i","cat":325362},{"id":227835,"n":"Baby carottes Notre Jardin 250g","p":1.59,"u":"6,36 €/KG","img":"https://fd1-photos.leclercdrive.fr/image.ashx?id=2854255&use=l&cat=p&typeid=i","cat":284352},{"id":227884,"n":"Bâtonnet Magnum White choco Cookie - x3 - 222g","p":2.49,"u":"11,22 €/KG","img":"https://fd1-photos.leclercdrive.fr/image.ashx?id=2793071&use=l&cat=p&typeid=i","cat":284265},{"id":227894,"n":"Bâtonnet Magnum Caramel salé Amandes x3 - 222g","p":2.96,"u":"13,33 €/KG","img":"https://fd1-photos.leclercdrive.fr/image.ashx?id=2793038&use=l&cat=p&typeid=i","cat":284265},{"id":227896,"n":"Glace Carte d'Or Les Essentiels Vanille de Madagascar 700ml","p":2.7,"pp":1.89,"u":"5,15 €/KG","img":"https://fd1-photos.leclercdrive.fr/image.ashx?id=2831149&use=l&cat=p&typeid=i","cat":284263},{"id":227901,"n":"Bâtonnet Magnum Fraise et blanc - x4 - 324g","p":3.44,"u":"10,62 €/KG","img":"https://fd1-photos.leclercdrive.fr/image.ashx?id=3009293&use=l&cat=p&typeid=i","cat":284265},{"id":227905,"n":"Bâtonnet Magnum Chocolat blanc x8 - 588g","p":5.92,"u":"10,07 €/KG","img":"https://fd1-photos.leclercdrive.fr/image.ashx?id=2805663&use=l&cat=p&typeid=i","cat":284265},{"id":227917,"n":"Pommes de Terre Eco+ 560g","p":1.68,"u":"3,00 €/KG","img":"https://fd1-photos.leclercdrive.fr/image.ashx?id=2702394&use=l&cat=p&typeid=i","cat":312612},{"id":227918,"n":"Pois chiches Eco+ - 265g","p":0.67,"u":"2,53 €/KG","img":"https://fd1-photos.leclercdrive.fr/image.ashx?id=3003747&use=l&cat=p&typeid=i","cat":312609},{"id":227933,"n":"Chewing-gum Freedent Refresher  fraise citron x8 - 17g","p":0.96,"u":"56,47 €/KG","img":"https://fd1-photos.leclercdrive.fr/image.ashx?id=2833915&use=l&cat=p&typeid=i","cat":304251},{"id":227935,"n":"Chewing-gum Freedent Refreshers Bubble menthe x8 -17g","p":1.04,"u":"57,78 €/KG","img":"https://fd1-photos.leclercdrive.fr/image.ashx?id=2863785&use=l&cat=p&typeid=i","cat":304251},{"id":227963,"n":"Tartines croustillantes Wasa Flocons d'avoine - 265g","p":2.92,"u":"11,02 €/KG","img":"https://fd1-photos.leclercdrive.fr/image.ashx?id=2749527&use=l&cat=p&typeid=i","cat":284479},{"id":227964,"n":"Tartines croustillantes Wasa Sensation graines de chia -245g","p":2.92,"u":"11,92 €/KG","img":"https://fd1-photos.leclercdrive.fr/image.ashx?id=2749524&use=l&cat=p&typeid=i","cat":284479},{"id":227994,"n":"Concentré adoucissant Soupline Mandarine Vanille - 2x1,28L","p":10.73,"u":"4,19 €/L","img":"https://fd1-photos.leclercdrive.fr/image.ashx?id=2706683&use=l&cat=p&typeid=i","cat":284650},{"id":228003,"n":"Concentré adoucissant Soupline Ultra 3D grand air - 2,7L","p":10.57,"u":"3,91 €/L","img":"https://fd1-photos.leclercdrive.fr/image.ashx?id=2703870&use=l&cat=p&typeid=i","cat":284650},{"id":228005,"n":"Concentré adoucissant Soupline Ultra 3D coco - 2x1.28L","p":10.73,"u":"4,19 €/L","img":"https://fd1-photos.leclercdrive.fr/image.ashx?id=2703873&use=l&cat=p&typeid=i","cat":284650},{"id":228052,"n":"Mozzarella di Latte di Bufala Les Croisés - 3x100g","p":3.89,"u":"12,97 €/KG","img":"https://fd1-photos.leclercdrive.fr/image.ashx?id=2992597&use=l&cat=p&typeid=i","cat":314026},{"id":228102,"n":"Thé glacé Lipton Ice Tea Pêche Sans sucres - bouteille 1.75l","p":1.96,"u":"1,12 €/L","img":"https://fd1-photos.leclercdrive.fr/image.ashx?id=2857060&use=l&cat=p&typeid=i","cat":295019},{"id":228103,"n":"Thé glacé Lipton Ice Tea Pêche Zéro sucres - canettes 6x33cl","p":3.6,"u":"1,82 €/L","img":"https://fd1-photos.leclercdrive.fr/image.ashx?id=2959442&use=l&cat=p&typeid=i","cat":295019},{"id":228126,"n":"Noix de cajou grillées 200g","p":3.87,"u":"19,35 €/KG","img":"https://fd1-photos.leclercdrive.fr/image.ashx?id=2713664&use=l&cat=p&typeid=i","cat":284357},{"id":228176,"n":"Bière sans alcool Tourtel Twist Mojito Fraise - 6x27,5cl","p":4.95,"u":"3,00 €/L","img":"https://fd1-photos.leclercdrive.fr/image.ashx?id=2760823&use=l&cat=p&typeid=i","cat":334877},{"id":228192,"n":"Coca-cola sans sucre Sans caféine  - 6x20cl","p":3.78,"u":"3,15 €/L","img":"https://fd1-photos.leclercdrive.fr/image.ashx?id=3009062&use=l&cat=p&typeid=i","cat":284530},{"id":228193,"n":"Tropico original Orange ananas - 1.75L","p":2.19,"u":"1,25 €/L","img":"https://fd1-photos.leclercdrive.fr/image.ashx?id=2705731&use=l&cat=p&typeid=i","cat":295018},{"id":228194,"n":"Thé glacé Oasis Ice Tea Saveur Mangue Passion - 1,5L","p":1.85,"u":"1,23 €/L","img":"https://fd1-photos.leclercdrive.fr/image.ashx?id=2705040&use=l&cat=p&typeid=i","cat":295019},{"id":228196,"n":"Sirop Frucci  Pêche - 1.3L","p":3.99,"u":"3,07 €/L","img":"https://fd1-photos.leclercdrive.fr/image.ashx?id=2898047&use=l&cat=p&typeid=i","cat":295020},{"id":228197,"n":"Sirop Frucci Fraise - 1.3L","p":3.77,"u":"2,90 €/L","img":"https://fd1-photos.leclercdrive.fr/image.ashx?id=2898041&use=l&cat=p&typeid=i","cat":295020},{"id":228198,"n":"Sirop Frucci Grenadine - 1.3L","p":3.28,"u":"2,52 €/L","img":"https://fd1-photos.leclercdrive.fr/image.ashx?id=2909921&use=l&cat=p&typeid=i","cat":295020},{"id":228199,"n":"Sirop Frucci Menthe - 1.3L","p":3.02,"u":"2,32 €/L","img":"https://fd1-photos.leclercdrive.fr/image.ashx?id=2898038&use=l&cat=p&typeid=i","cat":295020},{"id":228205,"n":"Nettoyant ménager AJAX Air frais coquelicots - 1.25L","p":2.35,"u":"1,88 €/L","img":"https://fd1-photos.leclercdrive.fr/image.ashx?id=2944473&use=l&cat=p&typeid=i","cat":284907},{"id":228279,"n":"Ratatouille cuisinée Cassegrain À la provençale - 3x380g","p":10.08,"u":"8,84 €/KG","img":"https://fd1-photos.leclercdrive.fr/image.ashx?id=2962119&use=l&cat=p&typeid=i","cat":312612},{"id":228296,"n":"Courgettes cuisinées Cassegrain À la provençale - 3x375g","p":10.08,"u":"8,96 €/KG","img":"https://fd1-photos.leclercdrive.fr/image.ashx?id=2962122&use=l&cat=p&typeid=i","cat":312612},{"id":228353,"n":"Shampoing Hydratant 2en1 Dop Lait végétal - 400ml","p":2.33,"u":"5,83 €/L","img":"https://fd1-photos.leclercdrive.fr/image.ashx?id=2707398&use=l&cat=p&typeid=i","cat":284606},{"id":228396,"n":"Thé glacé Lipton Ice Tea Pêche - 6x33cl","p":2.97,"u":"1,50 €/L","img":"https://fd1-photos.leclercdrive.fr/image.ashx?id=2852471&use=l&cat=p&typeid=i","cat":295019},{"id":228406,"n":"Mini bâtonnet glace Trium  Rocher vanille Pecan x4 - 214g","p":2.99,"u":"13,97 €/KG","img":"https://fd1-photos.leclercdrive.fr/image.ashx?id=2911726&use=l&cat=p&typeid=i","cat":284265},{"id":228460,"n":"Capsules lave-vaisselle Sun Tout-en-1 Absolu Plus 390g x26","p":7.9,"u":"20,26 €/KG","img":"https://fd1-photos.leclercdrive.fr/image.ashx?id=2960282&use=l&cat=p&typeid=i","cat":284656},{"id":228461,"n":"Spray Nettoyant Menager Cif  Cleanboost Technology - 750 ml","p":2.34,"u":"3,12 €/L","img":"https://fd1-photos.leclercdrive.fr/image.ashx?id=2866214&use=l&cat=p&typeid=i","cat":325357},{"id":228462,"n":"Spray Nettoyant 5-en-1 Cif Cuisine & Salle de Bain 750ml","p":2.07,"u":"2,76 €/L","img":"https://fd1-photos.leclercdrive.fr/image.ashx?id=2999336&use=l&cat=p&typeid=i","cat":325357},{"id":228463,"n":"Liquide vaisselle mini Paic Citron - 500ml","p":1.41,"u":"2,82 €/L","img":"https://fd1-photos.leclercdrive.fr/image.ashx?id=2708020&use=l&cat=p&typeid=i","cat":284655},{"id":228464,"n":"Recharge Adoucissant Soupline Grand Air - 1L - x45","p":3.47,"u":"3,47 €/L","img":"https://fd1-photos.leclercdrive.fr/image.ashx?id=2860598&use=l&cat=p&typeid=i","cat":284650},{"id":228465,"n":"Nettoyant ménager Ajax Fête des fleurs muguets 1.25L","p":2.94,"u":"2,35 €/L","img":"https://fd1-photos.leclercdrive.fr/image.ashx?id=2926072&use=l&cat=p&typeid=i","cat":284907},{"id":228466,"n":"Liquide vaisselle et mains Paic Citron - 500ml","p":1.9,"u":"3,80 €/L","img":"https://fd1-photos.leclercdrive.fr/image.ashx?id=2708038&use=l&cat=p&typeid=i","cat":284655},{"id":228467,"n":"Spray nettoyant ménager Ajax Salle de bain - 500ml","p":2.68,"u":"5,36 €/L","img":"https://fd1-photos.leclercdrive.fr/image.ashx?id=2708041&use=l&cat=p&typeid=i","cat":325357},{"id":228469,"n":"Perles de linge Soupline Grand Air - 230g","p":6.9,"u":"30,00 €/KG","img":"https://fd1-photos.leclercdrive.fr/image.ashx?id=2708032&use=l&cat=p&typeid=i","cat":325302},{"id":228481,"n":"Gel Douche Dove Advanced Care Nutrition Intense 400ml","p":4.61,"u":"11,53 €/L","img":"https://fd1-photos.leclercdrive.fr/image.ashx?id=2991036&use=l&cat=p&typeid=i","cat":284594},{"id":228484,"n":"Gel Douche Dove Hydratant 450ml","p":3.87,"u":"8,60 €/L","img":"https://fd1-photos.leclercdrive.fr/image.ashx?id=2993499&use=l&cat=p&typeid=i","cat":284594},{"id":228490,"n":"Lessive liquide Le Chat  L'Expert bicarbonate x66 -2.97L","p":16.29,"u":"5,48 €/L","img":"https://fd1-photos.leclercdrive.fr/image.ashx?id=2877781&use=l&cat=p&typeid=i","cat":284640},{"id":228499,"n":"Lessive liquide X-tra Total 4 en 1 x63 - 2.835L","p":8.74,"u":"3,08 €/L","img":"https://fd1-photos.leclercdrive.fr/image.ashx?id=2921561&use=l&cat=p&typeid=i","cat":284640},{"id":228501,"n":"Lessive liquide X-tra Total Savon de Marseille x63  -2.835L","p":9.67,"u":"3,41 €/L","img":"https://fd1-photos.leclercdrive.fr/image.ashx?id=2921564&use=l&cat=p&typeid=i","cat":284640},{"id":228506,"n":"Lessive liquide Mir Black Raviveur noir x27 - 1.35L","p":5.74,"u":"4,25 €/L","img":"https://fd1-photos.leclercdrive.fr/image.ashx?id=2881323&use=l&cat=p&typeid=i","cat":284644},{"id":228509,"n":"Lessive liquide Mir Laine Textile délicat x27 - 1.35L","p":5.76,"u":"4,27 €/L","img":"https://fd1-photos.leclercdrive.fr/image.ashx?id=2890118&use=l&cat=p&typeid=i","cat":284644},{"id":228510,"n":"Lessive liquide Super Croix X-tra Bora Bora x42 - 1.89L","p":7.71,"u":"4,08 €/L","img":"https://fd1-photos.leclercdrive.fr/image.ashx?id=2876263&use=l&cat=p&typeid=i","cat":284640},{"id":228511,"n":"Lessive liquide Maison Verte Fraîcheur d'été - 1.485L x33","p":7.64,"u":"5,14 €/L","img":"https://fd1-photos.leclercdrive.fr/image.ashx?id=2890121&use=l&cat=p&typeid=i","cat":284640},{"id":228631,"n":"Soda Coca-Cola Sans Sucres Canette - Pack 6x20CL","p":3.54,"u":"2,95 €/L","img":"https://fd1-photos.leclercdrive.fr/image.ashx?id=2709352&use=l&cat=p&typeid=i","cat":284530},{"id":228684,"n":"Bière blonde La Bête 8° - 12x25cl","p":13.15,"u":"4,38 €/L","img":"https://fd1-photos.leclercdrive.fr/image.ashx?id=2709199&use=l&cat=p&typeid=i","cat":334872},{"id":228727,"n":"Confiture extra allegée Beyer Cerises noires griottes - 340g","p":3.13,"u":"9,21 €/KG","img":"https://fd1-photos.leclercdrive.fr/image.ashx?id=2714120&use=l&cat=p&typeid=i","cat":284480},{"id":228731,"n":"Bière Meteor Cerise - 6x25cl","p":5.84,"u":"3,89 €/L","img":"https://fd1-photos.leclercdrive.fr/image.ashx?id=2710532&use=l&cat=p&typeid=i","cat":334878},{"id":228742,"n":"Haricots verts D'Aucy Extra fins - 3x455g","p":7.56,"u":"5,54 €/KG","img":"https://fd1-photos.leclercdrive.fr/image.ashx?id=2728333&use=l&cat=p&typeid=i","cat":312606},{"id":228828,"n":"Croquettes pour chaton Whiskas Poulet - 1.9 kg","p":5.99,"u":"3,15 €/L","img":"https://fd1-photos.leclercdrive.fr/image.ashx?id=2871130&use=l&cat=p&typeid=i","cat":284680},{"id":228837,"n":"Haricots rouges Eco+ 250g","p":0.55,"u":"2,20 €/KG","img":"https://fd1-photos.leclercdrive.fr/image.ashx?id=2709972&use=l&cat=p&typeid=i","cat":312606},{"id":228862,"n":"Lait bébé Candia Baby croissance 3ème âge - 18x25cl","p":10.89,"u":"2,42 €/L","img":"https://fd1-photos.leclercdrive.fr/image.ashx?id=2963367&use=l&cat=p&typeid=i","cat":284728},{"id":228905,"n":"Soin capillaire Expess Le  Petit Marseillais Coco -200ml","p":2.76,"u":"13,80 €/L","img":"https://fd1-photos.leclercdrive.fr/image.ashx?id=2711947&use=l&cat=p&typeid=i","cat":284608},{"id":228926,"n":"Lait infantile Guigoz Optipro 2ème age -1,3L","p":5.63,"u":"4,33 €/L","img":"https://fd1-photos.leclercdrive.fr/image.ashx?id=2712145&use=l&cat=p&typeid=i","cat":284727},{"id":228929,"n":"Lait infantile Guigoz Optipro - 1er age 1,3L","p":5.98,"u":"0,46 €/L","img":"https://fd1-photos.leclercdrive.fr/image.ashx?id=2813068&use=l&cat=p&typeid=i","cat":284726},{"id":228932,"n":"Lait croissance Guigoz Optipro 3 - 6x500ml","p":9.47,"u":"3,16 €/L","img":"https://fd1-photos.leclercdrive.fr/image.ashx?id=2712139&use=l&cat=p&typeid=i","cat":284728},{"id":228934,"n":"P'tit brassé Pomme  Nestlé Framboise céréale 2X115g","p":1.83,"u":"7,96 €/KG","img":"https://fd1-photos.leclercdrive.fr/image.ashx?id=2712130&use=l&cat=p&typeid=i","cat":312392},{"id":228940,"n":"Naturnes Nestlé Jardinière de légumes 2x190g","p":2.33,"u":"6,13 €/KG","img":"https://fd1-photos.leclercdrive.fr/image.ashx?id=2712124&use=l&cat=p&typeid=i","cat":312235},{"id":228942,"n":"Dessert P'tit brassé  Mini pêche - 6x50g","p":2.08,"u":"6,93 €/KG","img":"https://fd1-photos.leclercdrive.fr/image.ashx?id=2955989&use=l&cat=p&typeid=i","cat":312392},{"id":228957,"n":"Dessert P'tit brassé  Mini banane - 300g","p":2.11,"u":"7,03 €/KG","img":"https://fd1-photos.leclercdrive.fr/image.ashx?id=2958203&use=l&cat=p&typeid=i","cat":312392},{"id":228963,"n":"Thé noir en vrac Lipton à l'Orange d'Espagne - 150g","p":7.16,"u":"47,73 €/KG","img":"https://fd1-photos.leclercdrive.fr/image.ashx?id=2746316&use=l&cat=p&typeid=i","cat":293234},{"id":228964,"n":"P'tite céréales  Vanille - 270g","p":3.15,"u":"11,67 €/KG","img":"https://fd1-photos.leclercdrive.fr/image.ashx?id=2737777&use=l&cat=p&typeid=i","cat":312225},{"id":228976,"n":"Infusion Saveurs du soir Lipton Grand sud - 32g","p":1.14,"u":"35,63 €/KG","img":"https://fd1-photos.leclercdrive.fr/image.ashx?id=2718741&use=l&cat=p&typeid=i","cat":293234},{"id":228988,"n":"Infusion Maroc Lipton Menthe & epices x20 - 40g","p":1.78,"u":"44,50 €/KG","img":"https://fd1-photos.leclercdrive.fr/image.ashx?id=2718744&use=l&cat=p&typeid=i","cat":293234},{"id":228992,"n":"Thé vert Lipton Bio  x20 - 28g","p":2.91,"u":"103,93 €/KG","img":"https://fd1-photos.leclercdrive.fr/image.ashx?id=2739405&use=l&cat=p&typeid=i","cat":293233},{"id":228995,"n":"Coffret thé noir Lipton Sensations x50 - 82g","p":9.55,"pp":6.68,"u":"81,46 €/KG","img":"https://fd1-photos.leclercdrive.fr/image.ashx?id=2719636&use=l&cat=p&typeid=i","cat":293233},{"id":229001,"n":"Biscuits mini fourrés BN  Framboise - x5 - 175g","p":1.93,"u":"11,03 €/KG","img":"https://fd1-photos.leclercdrive.fr/image.ashx?id=2748230&use=l&cat=p&typeid=i","cat":284489},{"id":229002,"n":"Chips Tuiles Pringles HOT Flamin' Cheese - 160g","p":2.06,"u":"12,88 €/KG","img":"https://fd1-photos.leclercdrive.fr/image.ashx?id=2927609&use=l&cat=p&typeid=i","cat":287899},{"id":229062,"n":"Nouilles Ramen Tanoshi Crevettes - 360g","p":3.21,"u":"8,92 €/KG","img":"https://fd1-photos.leclercdrive.fr/image.ashx?id=2731954&use=l&cat=p&typeid=i","cat":288992},{"id":229102,"n":"Capsule Nescafé Farmers Origins  Africas Int 10 - x18","p":4.32,"u":"54,68 €/KG","img":"https://fd1-photos.leclercdrive.fr/image.ashx?id=2714588&use=l&cat=p&typeid=i","cat":284749},{"id":229109,"n":"Capsule Nescafé Farmers Origins Intensité 7 - x10 - 44g","p":2.85,"u":"64,77 €/KG","img":"https://fd1-photos.leclercdrive.fr/image.ashx?id=2714585&use=l&cat=p&typeid=i","cat":284749},{"id":229128,"n":"Nouilles Tanoshi Curry épicé cup de 65g","p":1.56,"u":"24,00 €/KG","img":"https://fd1-photos.leclercdrive.fr/image.ashx?id=2939442&use=l&cat=p&typeid=i","cat":288992},{"id":229137,"n":"Nouilles Tanoshi Poulet shitake cup de 65g","p":1.52,"u":"23,38 €/KG","img":"https://fd1-photos.leclercdrive.fr/image.ashx?id=2906208&use=l&cat=p&typeid=i","cat":288992},{"id":229144,"n":"Margarine doux St-Hubert L'Original - 250g","p":1.99,"u":"7,96 €/KG","img":"https://fd1-photos.leclercdrive.fr/image.ashx?id=2978032&use=l&cat=p&typeid=i","cat":315229},{"id":229151,"n":"Ramen hakata tonkotsu Ippin - 63g","p":2.17,"u":"34,44 €/KG","img":"https://fd1-photos.leclercdrive.fr/image.ashx?id=2714816&use=l&cat=p&typeid=i","cat":288992},{"id":229152,"n":"Ramen Tokyo Saveur Shoyu - 63g","p":2.14,"u":"33,97 €/KG","img":"https://fd1-photos.leclercdrive.fr/image.ashx?id=2714819&use=l&cat=p&typeid=i","cat":288992},{"id":229159,"n":"Jus Tropicana Juicy  Pomme Cassis Framboise - 1,5L","p":1.9,"u":"1,27 €/L","img":"https://fd1-photos.leclercdrive.fr/image.ashx?id=3010801&use=l&cat=p&typeid=i","cat":284915},{"id":229167,"n":"Eau de source Cristaline  Petillante - 6x33cl","p":2.28,"u":"1,15 €/L","img":"https://fd1-photos.leclercdrive.fr/image.ashx?id=2714018&use=l&cat=p&typeid=i","cat":284536},{"id":229224,"n":"Glace pâte à tartiner Nutella 230g","p":4.01,"u":"17,43 €/KG","img":"https://fd1-photos.leclercdrive.fr/image.ashx?id=2905672&use=l&cat=p&typeid=i","cat":284725},{"id":229243,"n":"Soin capillaire express Le  Petit Marseillais Karité -200ml","p":2.88,"u":"14,40 €/L","img":"https://fd1-photos.leclercdrive.fr/image.ashx?id=2735248&use=l&cat=p&typeid=i","cat":284608},{"id":229244,"n":"Soin capillaire express Le Petit Marseillais Argan - 200ml","p":2.89,"u":"14,45 €/L","img":"https://fd1-photos.leclercdrive.fr/image.ashx?id=2715255&use=l&cat=p&typeid=i","cat":284608},{"id":229288,"n":"Glace Carte d'Or Café - 374g","p":2.82,"pp":1.97,"u":"5,27 €/KG","img":"https://fd1-photos.leclercdrive.fr/image.ashx?id=2973348&use=l&cat=p&typeid=i","cat":284263},{"id":229289,"n":"Glace Carte d'Or Chocolat Noir - 374g","p":2.69,"pp":1.88,"u":"5,03 €/KG","img":"https://fd1-photos.leclercdrive.fr/image.ashx?id=2849370&use=l&cat=p&typeid=i","cat":284263},{"id":229384,"n":"Boisson énergisante Dark Dog Cerise - 50cl","p":1.4,"u":"2,80 €/L","img":"https://fd1-photos.leclercdrive.fr/image.ashx?id=2901887&use=l&cat=p&typeid=i","cat":284533},{"id":229385,"n":"Boisson énergisante Dark Dog Tropical - 50cl","p":1.4,"u":"2,80 €/L","img":"https://fd1-photos.leclercdrive.fr/image.ashx?id=2943978&use=l&cat=p&typeid=i","cat":284533},{"id":229396,"n":"Sorbet La Laitière Citron - 558g","p":3.24,"pp":2.27,"u":"4,07 €/KG","img":"https://fd1-photos.leclercdrive.fr/image.ashx?id=2877895&use=l&cat=p&typeid=i","cat":284263},{"id":229397,"n":"Sorbet La Laitière Fraise - 558g","p":3.24,"pp":2.27,"u":"4,07 €/KG","img":"https://fd1-photos.leclercdrive.fr/image.ashx?id=3000018&use=l&cat=p&typeid=i","cat":284263},{"id":229498,"n":"Chips Lay's Moutarde pickles - 135g","p":1.57,"u":"11,63 €/KG","img":"https://fd1-photos.leclercdrive.fr/image.ashx?id=3011152&use=l&cat=p&typeid=i","cat":284447},{"id":229513,"n":"Soda 7UP Citron/citron vert zéro -6x33cl","p":3.54,"u":"1,79 €/L","img":"https://fd1-photos.leclercdrive.fr/image.ashx?id=2717553&use=l&cat=p&typeid=i","cat":284531},{"id":229517,"n":"Soda au cola Pepsi Zéro sucres Le lot de 6x33cl canettes","p":2.76,"u":"1,39 €/L","img":"https://fd1-photos.leclercdrive.fr/image.ashx?id=2773391&use=l&cat=p&typeid=i","cat":284530},{"id":229523,"n":"Thé glacé Lipton Ice Tea Pêche Le lot de 12x33cl canettes","p":6.24,"u":"1,58 €/L","img":"https://fd1-photos.leclercdrive.fr/image.ashx?id=2717550&use=l&cat=p&typeid=i","cat":295019},{"id":229524,"n":"Thé glacé pétillant Lipton Ice Tea pêche - canettes 6x33cl","p":3.66,"u":"1,85 €/L","img":"https://fd1-photos.leclercdrive.fr/image.ashx?id=2900833&use=l&cat=p&typeid=i","cat":295019},{"id":229546,"n":"Cassonade Saint Louis 1kg","p":2.75,"u":"2,75 €/KG","img":"https://fd1-photos.leclercdrive.fr/image.ashx?id=2717595&use=l&cat=p&typeid=i","cat":284502},{"id":229593,"n":"Tablettes lave-vaisselle Visior Tout en 1 citron x45 - 765g","p":5.79,"u":"7,57 €/KG","img":"https://fd1-photos.leclercdrive.fr/image.ashx?id=2954905&use=l&cat=p&typeid=i","cat":284656},{"id":229595,"n":"Capsules Nescafé Dolce Gusto  Espresso Barista - x16","p":5.01,"u":"48,17 €/KG","img":"https://fd1-photos.leclercdrive.fr/image.ashx?id=2773865&use=l&cat=p&typeid=i","cat":293239},{"id":229596,"n":"Capsules Starbucks by Nespresso  Vanille Int 5 - x10","p":4.17,"u":"81,76 €/KG","img":"https://fd1-photos.leclercdrive.fr/image.ashx?id=2718263&use=l&cat=p&typeid=i","cat":284749},{"id":229599,"n":"Capsules Starbucks by Nespresso  Caramel Int 5 - x10","p":4.17,"u":"81,76 €/KG","img":"https://fd1-photos.leclercdrive.fr/image.ashx?id=2718260&use=l&cat=p&typeid=i","cat":284749},{"id":229607,"n":"Vin de France blanc Papoté 75cl","p":4.7,"u":"6,27 €/L","img":"https://fd1-photos.leclercdrive.fr/image.ashx?id=2717562&use=l&cat=p&typeid=i","cat":289557},{"id":229609,"n":"Boisson fraise banane Jafun 1L","p":1.2,"u":"1,20 €/L","img":"https://fd1-photos.leclercdrive.fr/image.ashx?id=2956792&use=l&cat=p&typeid=i","cat":295018},{"id":229612,"n":"Prosecco  Eco+ 75cl","p":3.99,"u":"5,32 €/L","img":"https://fd1-photos.leclercdrive.fr/image.ashx?id=2717288&use=l&cat=p&typeid=i","cat":289461},{"id":229614,"n":"Jus tropical Tropicana 1.5L","p":1.99,"u":"1,33 €/L","img":"https://fd1-photos.leclercdrive.fr/image.ashx?id=3010798&use=l&cat=p&typeid=i","cat":284916},{"id":229740,"n":"Chips Lay's - saveur Barbecue  275g","p":2.07,"u":"7,53 €/KG","img":"https://fd1-photos.leclercdrive.fr/image.ashx?id=2994491&use=l&cat=p&typeid=i","cat":284447},{"id":229744,"n":"Chips Lay's - saveur Poulet 275g","p":2.07,"u":"7,53 €/KG","img":"https://fd1-photos.leclercdrive.fr/image.ashx?id=2995082&use=l&cat=p&typeid=i","cat":284447},{"id":229770,"n":"Café capsules L'OR Espresso Splendente - x50 - 260g","p":11.52,"u":"44,31 €/KG","img":"https://fd1-photos.leclercdrive.fr/image.ashx?id=2719870&use=l&cat=p&typeid=i","cat":284749},{"id":229844,"n":"Mouchoirs Kleenex Balsam Etuis Regular - x20+4","p":3.3,"img":"https://fd1-photos.leclercdrive.fr/image.ashx?id=2719609&use=l&cat=p&typeid=i","cat":284638},{"id":229846,"n":"Serviettes fuites urinaires  Always Discreet - 3x10p","p":12.56,"u":"0,42 €/P","img":"https://fd1-photos.leclercdrive.fr/image.ashx?id=2721433&use=l&cat=p&typeid=i","cat":284628},{"id":229848,"n":"Serviettes fuites urinaires Always Discreet - x24","p":12.56,"u":"0,52 €/P","img":"https://fd1-photos.leclercdrive.fr/image.ashx?id=2721439&use=l&cat=p&typeid=i","cat":284628},{"id":229850,"n":"Serviettes fuites urinaires Always Distreet - x36","p":12.56,"u":"0,35 €/P","img":"https://fd1-photos.leclercdrive.fr/image.ashx?id=2902430&use=l&cat=p&typeid=i","cat":284628},{"id":229879,"n":"Apéritif Campari 25% vol - 70cl","p":16.37,"u":"23,39 €/L","img":"https://fd1-photos.leclercdrive.fr/image.ashx?id=3009155&use=l&cat=p&typeid=i","cat":286032},{"id":229891,"n":"Pain de mie complet Harrys Sandwich Sans sucre ajouté 600g","p":1.74,"u":"2,90 €/KG","img":"https://fd1-photos.leclercdrive.fr/image.ashx?id=2962473&use=l&cat=p&typeid=i","cat":284477},{"id":229893,"n":"Pain de mie complet Harrys Sandwich Sans sucre ajouté 900g","p":2.38,"u":"2,64 €/KG","img":"https://fd1-photos.leclercdrive.fr/image.ashx?id=2962476&use=l&cat=p&typeid=i","cat":284477},{"id":229896,"n":"Pain de mie nature Harrys American Sandwich 550g","p":1.65,"u":"3,00 €/KG","img":"https://fd1-photos.leclercdrive.fr/image.ashx?id=2962446&use=l&cat=p&typeid=i","cat":284477},{"id":229897,"n":"Pain de mie nature Harrys Sandwich Sans sucre ajouté 825g","p":2.24,"u":"2,72 €/KG","img":"https://fd1-photos.leclercdrive.fr/image.ashx?id=2962449&use=l&cat=p&typeid=i","cat":284477},{"id":229898,"n":"Pain de mie nature Harrys Sandwich Tranches épaisses 550g","p":2.08,"u":"3,78 €/KG","img":"https://fd1-photos.leclercdrive.fr/image.ashx?id=2962455&use=l&cat=p&typeid=i","cat":284477},{"id":229916,"n":"Petits biscuits apéritifs Michel & Augustin - 90g","p":2.85,"u":"31,67 €/KG","img":"https://fd1-photos.leclercdrive.fr/image.ashx?id=2920552&use=l&cat=p&typeid=i","cat":297000},{"id":229920,"n":"Pain de mie rustique Harrys Sandwich Sans sucre ajouté 500g","p":2.44,"u":"4,88 €/KG","img":"https://fd1-photos.leclercdrive.fr/image.ashx?id=2962458&use=l&cat=p&typeid=i","cat":284477},{"id":229921,"n":"Pain de mie céréales Harrys Sandwich Sans sucre ajouté 550g","p":1.87,"u":"3,40 €/KG","img":"https://fd1-photos.leclercdrive.fr/image.ashx?id=2962452&use=l&cat=p&typeid=i","cat":284477},{"id":230160,"n":"Chocolat gianduja Novi Noisettes - 130g","p":2.47,"u":"19,00 €/KG","img":"https://fd1-photos.leclercdrive.fr/image.ashx?id=2778602&use=l&cat=p&typeid=i","cat":284497},{"id":230167,"n":"Lessive liquide X-tra Total  Ecopack  x41 - 1.845L","p":6.64,"u":"3,60 €/L","img":"https://fd1-photos.leclercdrive.fr/image.ashx?id=2890124&use=l&cat=p&typeid=i","cat":284640},{"id":230171,"n":"Bière Picon 1L","p":10.29,"u":"10,29 €/L","img":"https://fd1-photos.leclercdrive.fr/image.ashx?id=2720908&use=l&cat=p&typeid=i","cat":334872},{"id":230172,"n":"Boisson protéinée Lindahls pro+ Chocolat - 50cl","p":2.24,"u":"4,48 €/L","img":"https://fd1-photos.leclercdrive.fr/image.ashx?id=2721859&use=l&cat=p&typeid=i","cat":295246},{"id":230176,"n":"Le Comté Président affiné 6 mois 200g","p":3.62,"u":"18,10 €/KG","img":"https://fd1-photos.leclercdrive.fr/image.ashx?id=2721730&use=l&cat=p&typeid=i","cat":314034},{"id":230193,"n":"Nettoyant ménager La Croix Gel utra dégraissant - 1L","p":2.02,"u":"2,02 €/L","img":"https://fd1-photos.leclercdrive.fr/image.ashx?id=2721534&use=l&cat=p&typeid=i","cat":325357},{"id":230198,"n":"Gel nettoyant WC La Croix Ultra WC - 750ml","p":1.27,"u":"1,69 €/L","img":"https://fd1-photos.leclercdrive.fr/image.ashx?id=2721531&use=l&cat=p&typeid=i","cat":284662},{"id":230318,"n":"Talc boîte poudreuse Felce Azzurra - 200g","p":2.29,"u":"11,45 €/KG","img":"https://fd1-photos.leclercdrive.fr/image.ashx?id=2938935&use=l&cat=p&typeid=i","cat":284741},{"id":230371,"n":"Crème glacée L'Angelys Vanille cookies - 300g","p":4.99,"u":"16,63 €/KG","img":"https://fd1-photos.leclercdrive.fr/image.ashx?id=2963760&use=l&cat=p&typeid=i","cat":284725},{"id":230596,"n":"Colin à la Bordelaise Findus  MSC - 380g","p":4.24,"u":"11,16 €/KG","img":"https://fd1-photos.leclercdrive.fr/image.ashx?id=2899503&use=l&cat=p&typeid=i","cat":319786},{"id":230634,"n":"Dattes Deglet Nour Eco+ Barquette 500g","p":1.85,"u":"3,70 €/KG","img":"https://fd1-photos.leclercdrive.fr/image.ashx?id=2747196&use=l&cat=p&typeid=i","cat":284357},{"id":230740,"n":"Serviettes incontinence Eco+ Extra - x10","p":1.67,"img":"https://fd1-photos.leclercdrive.fr/image.ashx?id=2722979&use=l&cat=p&typeid=i","cat":284628},{"id":230754,"n":"Huile solaire Lovea Solaire - SPF30 - 150ml","p":12.49,"u":"83,27 €/L","img":"https://fd1-photos.leclercdrive.fr/image.ashx?id=2723827&use=l&cat=p&typeid=i","cat":325349},{"id":230761,"n":"Beurre doux Paysan Breton 250g","p":2.97,"u":"11,88 €/KG","img":"https://fd1-photos.leclercdrive.fr/image.ashx?id=2959460&use=l&cat=p&typeid=i","cat":284379},{"id":230763,"n":"Beurre demi-sel Paysan Breton 250g","p":2.97,"u":"11,88 €/KG","img":"https://fd1-photos.leclercdrive.fr/image.ashx?id=2959463&use=l&cat=p&typeid=i","cat":284379},{"id":230830,"n":"Crackers Belin Monaco Emmental 110g","p":1.15,"u":"10,45 €/KG","img":"https://fd1-photos.leclercdrive.fr/image.ashx?id=3002228&use=l&cat=p&typeid=i","cat":297000},{"id":230980,"n":"Chocolat lait Lindt Noisettes  Lucky Monkey - 100g","p":2.74,"u":"27,40 €/KG","img":"https://fd1-photos.leclercdrive.fr/image.ashx?id=2725075&use=l&cat=p&typeid=i","cat":284497},{"id":231095,"n":"Mayonnaise de Dijon Amora 605g","p":3.43,"u":"5,67 €/KG","img":"https://fd1-photos.leclercdrive.fr/image.ashx?id=2877292&use=l&cat=p&typeid=i","cat":298295},{"id":231181,"n":"Capsules Absolu + Bicarbonate Sun - Lave-vaiselle x26 - 390g","p":7.9,"u":"20,26 €/KG","img":"https://fd1-photos.leclercdrive.fr/image.ashx?id=2960279&use=l&cat=p&typeid=i","cat":284656},{"id":231203,"n":"Lessive liquide Super Croix  X-tra Japon x42- 1.89L","p":8.54,"u":"4,52 €/L","img":"https://fd1-photos.leclercdrive.fr/image.ashx?id=2876272&use=l&cat=p&typeid=i","cat":284640},{"id":231229,"n":"Galettes moelleuses nappées St Michel - 8+4 offerts - 360g","p":2.37,"u":"6,58 €/KG","img":"https://fd1-photos.leclercdrive.fr/image.ashx?id=2936311&use=l&cat=p&typeid=i","cat":284495},{"id":231282,"n":"Chips Street food Vico  Saveur tzatziki - 120g","p":1.29,"u":"10,75 €/KG","img":"https://fd1-photos.leclercdrive.fr/image.ashx?id=2985192&use=l&cat=p&typeid=i","cat":284447},{"id":231368,"n":"Capsules café L'Or Espresso Supremo N°10 x30","p":9.24,"u":"59,23 €/KG","img":"https://fd1-photos.leclercdrive.fr/image.ashx?id=2788052&use=l&cat=p&typeid=i","cat":284749},{"id":231369,"n":"Capsules café L'Or Espresso Splendente N°7 x30","p":9.24,"u":"59,23 €/KG","img":"https://fd1-photos.leclercdrive.fr/image.ashx?id=2728846&use=l&cat=p&typeid=i","cat":284749},{"id":231370,"n":"Capsules café L'Or Espresso Ristretto N°11 x30","p":9.04,"u":"57,95 €/KG","img":"https://fd1-photos.leclercdrive.fr/image.ashx?id=2728843&use=l&cat=p&typeid=i","cat":284749},{"id":231371,"n":"Capsules café L'Or Espresso Forza N°9 x30","p":9.24,"u":"59,23 €/KG","img":"https://fd1-photos.leclercdrive.fr/image.ashx?id=3000468&use=l&cat=p&typeid=i","cat":284749},{"id":231372,"n":"Capsules café L'Or Espresso Delizioso N°5 x30","p":9.24,"u":"59,23 €/KG","img":"https://fd1-photos.leclercdrive.fr/image.ashx?id=2851345&use=l&cat=p&typeid=i","cat":284749},{"id":231394,"n":"Gommage Le Petit Marseillais Corps - Karité et argan - 150ml","p":4.45,"u":"29,67 €/L","img":"https://fd1-photos.leclercdrive.fr/image.ashx?id=2899428&use=l&cat=p&typeid=i","cat":325375},{"id":231401,"n":"Test de grossesse Clearblue x1","p":12.55,"img":"https://fd1-photos.leclercdrive.fr/image.ashx?id=2906862&use=l&cat=p&typeid=i","cat":324482},{"id":231402,"n":"Chips Paysannes Pom'Lisse Lardon oignon - 135g","p":1.39,"u":"10,30 €/KG","img":"https://fd1-photos.leclercdrive.fr/image.ashx?id=2919538&use=l&cat=p&typeid=i","cat":284447},{"id":231403,"n":"Chips sel & vinaigre Pom'Lisse 135g","p":1.07,"u":"7,93 €/KG","img":"https://fd1-photos.leclercdrive.fr/image.ashx?id=2919670&use=l&cat=p&typeid=i","cat":284447},{"id":231404,"n":"Capsules café L'Or Espresso Decaffeinato N°6 x30","p":9.24,"u":"59,23 €/KG","img":"https://fd1-photos.leclercdrive.fr/image.ashx?id=2728834&use=l&cat=p&typeid=i","cat":284749},{"id":231439,"n":"Noix de Cajou Grillées Sun - 250g","p":5.0,"u":"20,00 €/KG","img":"https://fd1-photos.leclercdrive.fr/image.ashx?id=2728375&use=l&cat=p&typeid=i","cat":284357},{"id":231440,"n":"Pistaches grillées sans Sel Sun - 250g","p":4.99,"u":"19,96 €/KG","img":"https://fd1-photos.leclercdrive.fr/image.ashx?id=2728378&use=l&cat=p&typeid=i","cat":284357},{"id":231570,"n":"Badoit bulles de fruits rouges 1l","p":1.55,"u":"1,55 €/L","img":"https://fd1-photos.leclercdrive.fr/image.ashx?id=2964676&use=l&cat=p&typeid=i","cat":284536},{"id":231571,"n":"Badoit bulles de fruits  Exotiques - 1L","p":1.55,"u":"1,55 €/L","img":"https://fd1-photos.leclercdrive.fr/image.ashx?id=2753952&use=l&cat=p&typeid=i","cat":284536},{"id":231657,"n":"Tablettes lave-vaisselle Finish Power Plus - x35","p":8.14,"u":"14,54 €/KG","img":"https://fd1-photos.leclercdrive.fr/image.ashx?id=2749431&use=l&cat=p&typeid=i","cat":284656},{"id":231660,"n":"Lessive liquide Super Croix  X-tra Maroc x42 - 1.890L","p":8.25,"u":"4,37 €/L","img":"https://fd1-photos.leclercdrive.fr/image.ashx?id=2876275&use=l&cat=p&typeid=i","cat":284640},{"id":231704,"n":"Lessive multi-usages St Marc  à la Résine de pin - 1,4kg","p":4.68,"u":"3,34 €/KG","img":"https://fd1-photos.leclercdrive.fr/image.ashx?id=2884645&use=l&cat=p&typeid=i","cat":325365},{"id":231706,"n":"Capsules lave-vaisselle Finish  Ultimate Citron - x42","p":9.88,"u":"18,23 €/KG","img":"https://fd1-photos.leclercdrive.fr/image.ashx?id=2749446&use=l&cat=p&typeid=i","cat":284656},{"id":231707,"n":"Capsules lave-vaisselle Finish  Ultimate - x42","p":10.33,"u":"18,19 €/KG","img":"https://fd1-photos.leclercdrive.fr/image.ashx?id=2749443&use=l&cat=p&typeid=i","cat":284656},{"id":231708,"n":"Capsules lave-vaisselle Finish  Quantum - x46","p":8.94,"u":"18,70 €/KG","img":"https://fd1-photos.leclercdrive.fr/image.ashx?id=2749440&use=l&cat=p&typeid=i","cat":284656},{"id":231709,"n":"Capsules lave-vaisselle Finish Ultimate Plus Citron - x35","p":8.94,"u":"20,94 €/KG","img":"https://fd1-photos.leclercdrive.fr/image.ashx?id=2749437&use=l&cat=p&typeid=i","cat":284656},{"id":231710,"n":"Capsules lave-vaisselle Finish Ultimate Plus - x35","p":8.94,"u":"20,94 €/KG","img":"https://fd1-photos.leclercdrive.fr/image.ashx?id=2749434&use=l&cat=p&typeid=i","cat":284656},{"id":231712,"n":"Tablettes lave-vaisselle Finish Power Plus - x54","p":8.94,"u":"10,35 €/KG","img":"https://fd1-photos.leclercdrive.fr/image.ashx?id=2749425&use=l&cat=p&typeid=i","cat":284656},{"id":231713,"n":"Spray nettoyant Cillit Bang Expert crasse & calcaire 750ml","p":3.18,"u":"4,24 €/L","img":"https://fd1-photos.leclercdrive.fr/image.ashx?id=2839755&use=l&cat=p&typeid=i","cat":325362},{"id":231714,"n":"Spray nettoyant Cillit Bang  Expert Anti-moisissures - 750ml","p":3.31,"u":"4,41 €/L","img":"https://fd1-photos.leclercdrive.fr/image.ashx?id=2790114&use=l&cat=p&typeid=i","cat":325357},{"id":231715,"n":"Spray nettoyant Cillit Bang  Expert Javel - 750ml","p":3.18,"u":"4,24 €/L","img":"https://fd1-photos.leclercdrive.fr/image.ashx?id=2793653&use=l&cat=p&typeid=i","cat":325357},{"id":231717,"n":"ST MARC Liquide Nettoyant Multi Usages Côtes Bretonnes - 1L","p":2.44,"u":"2,44 €/L","img":"https://fd1-photos.leclercdrive.fr/image.ashx?id=2859074&use=l&cat=p&typeid=i","cat":284907},{"id":231719,"n":"Lessive capsules Super Croix X-tra Bora Bora x28  - 336g","p":8.35,"u":"24,85 €/KG","img":"https://fd1-photos.leclercdrive.fr/image.ashx?id=2876284&use=l&cat=p&typeid=i","cat":284641},{"id":232002,"n":"Whisky Ballantine's 10 ans Blended Scotch 40% vol - 70cl","p":23.5,"pp":18.8,"u":"26,86 €/L","img":"https://fd1-photos.leclercdrive.fr/image.ashx?id=2790780&use=l&cat=p&typeid=i","cat":284547},{"id":232022,"n":"Lessive capsules Super Croix  X-tra Japon x28 - 336g","p":8.68,"u":"25,83 €/KG","img":"https://fd1-photos.leclercdrive.fr/image.ashx?id=2876278&use=l&cat=p&typeid=i","cat":284641},{"id":232130,"n":"Lessive liquide Super Croix  X-tra Bora Bora x63 - 2.835L","p":13.77,"u":"4,86 €/L","img":"https://fd1-photos.leclercdrive.fr/image.ashx?id=2876269&use=l&cat=p&typeid=i","cat":284640},{"id":232136,"n":"Lessive poudre Le Chat  Sensitive x36 - 2.16kg","p":11.88,"u":"5,50 €/KG","img":"https://fd1-photos.leclercdrive.fr/image.ashx?id=2965031&use=l&cat=p&typeid=i","cat":284642},{"id":232150,"n":"Lessive liquide Mir Couleurs  Raviveur couleurs x27 - 1.35L","p":6.69,"u":"4,96 €/L","img":"https://fd1-photos.leclercdrive.fr/image.ashx?id=2744034&use=l&cat=p&typeid=i","cat":284644},{"id":232183,"n":"Liquide vaisselle Mir  Dégraissant citron - 450ml","p":1.64,"u":"3,64 €/L","img":"https://fd1-photos.leclercdrive.fr/image.ashx?id=2744028&use=l&cat=p&typeid=i","cat":284655},{"id":232186,"n":"Liquide vaisselle Mir  Dégraissant orange - 450ml","p":1.69,"u":"3,76 €/L","img":"https://fd1-photos.leclercdrive.fr/image.ashx?id=2874907&use=l&cat=p&typeid=i","cat":284655},{"id":232193,"n":"Liquide vaisselle Mir vinaigre Pamplemousse dégraissant -450ml","p":1.82,"u":"4,04 €/L","img":"https://fd1-photos.leclercdrive.fr/image.ashx?id=2889346&use=l&cat=p&typeid=i","cat":284655},{"id":232195,"n":"Liquide vaisselle Mir  Peau sensible aloe vera - 450ml","p":1.48,"u":"3,29 €/L","img":"https://fd1-photos.leclercdrive.fr/image.ashx?id=2874904&use=l&cat=p&typeid=i","cat":284655},{"id":232230,"n":"Crème visage Mixa Expert Anti-tâches SPF20 - 50ml","p":8.29,"u":"165,80 €/L","img":"https://fd1-photos.leclercdrive.fr/image.ashx?id=2770551&use=l&cat=p&typeid=i","cat":325345},{"id":232233,"n":"Gelée matifiante visage Mixa Anti-imperfections - 50ml","p":10.25,"u":"205,00 €/L","img":"https://fd1-photos.leclercdrive.fr/image.ashx?id=2770554&use=l&cat=p&typeid=i","cat":325345},{"id":232237,"n":"Nettoyant confort visage Mixa Anti-imperfection - 150ml","p":5.41,"u":"36,07 €/L","img":"https://fd1-photos.leclercdrive.fr/image.ashx?id=2744168&use=l&cat=p&typeid=i","cat":284603},{"id":232275,"n":"Bain de bouche Colgate Max Fraîcheur intense - 500ml","p":3.88,"u":"7,76 €/L","img":"https://fd1-photos.leclercdrive.fr/image.ashx?id=2745433&use=l&cat=p&typeid=i","cat":284613},{"id":232299,"n":"Bande de cire visage Nair Kit Caresse - x20","p":3.7,"img":"https://fd1-photos.leclercdrive.fr/image.ashx?id=2903236&use=l&cat=p&typeid=i","cat":325351},{"id":232304,"n":"Brosse à dent Signal  Integral 8 - Souple - x1","p":1.68,"img":"https://fd1-photos.leclercdrive.fr/image.ashx?id=2772539&use=l&cat=p&typeid=i","cat":284614},{"id":232309,"n":"Bloc WC Fresh Disc Canard Citron vert - 1x36ml","p":2.94,"img":"https://fd1-photos.leclercdrive.fr/image.ashx?id=2745769&use=l&cat=p&typeid=i","cat":284662},{"id":232318,"n":"Tablette lave-vaisselle Sun Tout-en-1 - x86 - 1.419kg","p":14.78,"u":"10,42 €/KG","img":"https://fd1-photos.leclercdrive.fr/image.ashx?id=3000899&use=l&cat=p&typeid=i","cat":284656},{"id":232319,"n":"Tablettes lave-vaisselle Sun Tout-en-1 - x24 -396g","p":5.62,"u":"14,19 €/KG","img":"https://fd1-photos.leclercdrive.fr/image.ashx?id=2760543&use=l&cat=p&typeid=i","cat":284656},{"id":232321,"n":"Lessive capsules Tout-en-1 Skip Soin complet - x24 - 506.4g","p":10.83,"u":"21,40 €/KG","img":"https://fd1-photos.leclercdrive.fr/image.ashx?id=2773931&use=l&cat=p&typeid=i","cat":284641},{"id":232341,"n":"Bloc WC Canard Fresh Disc Fraîcheur marine - 36ml","p":2.65,"img":"https://fd1-photos.leclercdrive.fr/image.ashx?id=2747691&use=l&cat=p&typeid=i","cat":284662},{"id":232345,"n":"Adoucissant Soupline concentré Utra Emotion Rose - 1.28L - x60","p":6.33,"u":"4,95 €/L","img":"https://fd1-photos.leclercdrive.fr/image.ashx?id=2832575&use=l&cat=p&typeid=i","cat":284650},{"id":232346,"n":"Tablettes Adoucissant Soupline Coeur Emotion Rose - x28 336g","p":6.74,"u":"20,06 €/KG","img":"https://fd1-photos.leclercdrive.fr/image.ashx?id=2745841&use=l&cat=p&typeid=i","cat":284650},{"id":232347,"n":"Perles de linge Soupline Coco - 230g","p":5.97,"u":"25,96 €/KG","img":"https://fd1-photos.leclercdrive.fr/image.ashx?id=2945829&use=l&cat=p&typeid=i","cat":325302},{"id":232349,"n":"Adoucissant Soupline Concentré Lavande Elixir - x45 1L","p":6.33,"u":"6,33 €/L","img":"https://fd1-photos.leclercdrive.fr/image.ashx?id=2745850&use=l&cat=p&typeid=i","cat":284650},{"id":232352,"n":"Désinfectant du linge Lysol  Parfum linge frais - 1,5L","p":5.99,"pp":3.95,"u":"2,63 €/L","img":"https://fd1-photos.leclercdrive.fr/image.ashx?id=2745742&use=l&cat=p&typeid=i","cat":290451},{"id":232353,"n":"Désodorisant diffuseur Airwick  huile essentielle Vanille -20ml","p":7.8,"img":"https://fd1-photos.leclercdrive.fr/image.ashx?id=2963481&use=l&cat=p&typeid=i","cat":311629},{"id":232356,"n":"Gel douche Sanex Zéro Family - Pompe - 700ml","p":5.65,"u":"8,07 €/L","img":"https://fd1-photos.leclercdrive.fr/image.ashx?id=2745859&use=l&cat=p&typeid=i","cat":284594},{"id":232357,"n":"Recharge Gel douche Sanex Zéro - Peaux sensibles - 500ml","p":3.32,"u":"6,64 €/L","img":"https://fd1-photos.leclercdrive.fr/image.ashx?id=2745856&use=l&cat=p&typeid=i","cat":284594},{"id":232358,"n":"Gel lavant désinfectant Sanytol Purifiant - 500ml","p":5.32,"u":"10,64 €/L","img":"https://fd1-photos.leclercdrive.fr/image.ashx?id=2904664&use=l&cat=p&typeid=i","cat":284597},{"id":232369,"n":"Bain de bouche Colgate Max Fresh Protection complète 500ml","p":3.26,"u":"6,52 €/L","img":"https://fd1-photos.leclercdrive.fr/image.ashx?id=2747178&use=l&cat=p&typeid=i","cat":284613},{"id":232371,"n":"Dentifrice enfant Elmex Anti-caries - 6-12 ans - 75ml","p":2.62,"u":"34,93 €/L","img":"https://fd1-photos.leclercdrive.fr/image.ashx?id=2747175&use=l&cat=p&typeid=i","cat":288898},{"id":232378,"n":"Piège stickers fenêtre Raid A mouches - x6","p":5.14,"u":"0,86 €/P","img":"https://fd1-photos.leclercdrive.fr/image.ashx?id=2747076&use=l&cat=p&typeid=i","cat":298368},{"id":232379,"n":"Ruban Raid Attrape-mouches - x4","p":1.67,"img":"https://fd1-photos.leclercdrive.fr/image.ashx?id=2747073&use=l&cat=p&typeid=i","cat":298368},{"id":232518,"n":"Pâtes Barilla Stelline - 500g","p":1.25,"u":"2,50 €/KG","img":"https://fd1-photos.leclercdrive.fr/image.ashx?id=2748662&use=l&cat=p&typeid=i","cat":284427},{"id":232519,"n":"Pâtes Barilla Risoni - 500g","p":1.26,"u":"2,52 €/KG","img":"https://fd1-photos.leclercdrive.fr/image.ashx?id=2748665&use=l&cat=p&typeid=i","cat":284427},{"id":232520,"n":"Pâtes Barilla Ditalini Rigati - 500g","p":1.31,"u":"2,62 €/KG","img":"https://fd1-photos.leclercdrive.fr/image.ashx?id=2748668&use=l&cat=p&typeid=i","cat":284427},{"id":232536,"n":"Lindahls Pro+ 6 Tranches - 120g","p":2.32,"u":"19,33 €/KG","img":"https://fd1-photos.leclercdrive.fr/image.ashx?id=2748308&use=l&cat=p&typeid=i","cat":314028},{"id":232701,"n":"Thon au naturel Petit Navire  93g","p":1.79,"u":"19,25 €/KG","img":"https://fd1-photos.leclercdrive.fr/image.ashx?id=2748101&use=l&cat=p&typeid=i","cat":303867},{"id":232703,"n":"Miettes de thon Petit Navire à l'huile de tournesol 80g","p":1.15,"u":"14,38 €/KG","img":"https://fd1-photos.leclercdrive.fr/image.ashx?id=2748104&use=l&cat=p&typeid=i","cat":303867},{"id":232704,"n":"Filets de maquereaux Petit  Navire Sauce escabeche 169g","p":1.64,"u":"9,70 €/KG","img":"https://fd1-photos.leclercdrive.fr/image.ashx?id=2748113&use=l&cat=p&typeid=i","cat":303868},{"id":232706,"n":"Miettes de thon Petit Navire à  la Sauce tomate 230g","p":2.88,"u":"12,52 €/KG","img":"https://fd1-photos.leclercdrive.fr/image.ashx?id=2748110&use=l&cat=p&typeid=i","cat":303867},{"id":232839,"n":"Gel déboucheur Destop  Turbo 5 min - 4 doses - 1L","p":7.39,"u":"7,39 €/L","img":"https://fd1-photos.leclercdrive.fr/image.ashx?id=2976032&use=l&cat=p&typeid=i","cat":284908},{"id":232840,"n":"Gel déboucheur Destop  Turbo 5 min - 2 doses - 500ml","p":4.19,"u":"8,38 €/L","img":"https://fd1-photos.leclercdrive.fr/image.ashx?id=2976029&use=l&cat=p&typeid=i","cat":284908},{"id":232855,"n":"Purée façon écrasé Tajine Yooji Bio - Dès 8 mois - 400g","p":4.43,"u":"11,08 €/KG","img":"https://fd1-photos.leclercdrive.fr/image.ashx?id=2750570&use=l&cat=p&typeid=i","cat":312236},{"id":232961,"n":"Gel douche Sanex Zéro% Sensitive Pompe - 700ml","p":5.71,"u":"8,16 €/L","img":"https://fd1-photos.leclercdrive.fr/image.ashx?id=2751384&use=l&cat=p&typeid=i","cat":284594},{"id":232963,"n":"Yaourt à boire Hipro+ Cafe latte - 345g","p":2.83,"u":"8,20 €/KG","img":"https://fd1-photos.leclercdrive.fr/image.ashx?id=2807450&use=l&cat=p&typeid=i","cat":284415},{"id":232979,"n":"Bougie Glade Aromatherapy  Orange & Néroli - x1","p":6.84,"img":"https://fd1-photos.leclercdrive.fr/image.ashx?id=2867725&use=l&cat=p&typeid=i","cat":284666},{"id":232980,"n":"Bougie Glade Aromatherapy Lavande & bois de santal - x1","p":6.98,"img":"https://fd1-photos.leclercdrive.fr/image.ashx?id=2867722&use=l&cat=p&typeid=i","cat":284666},{"id":232982,"n":"Bougie Glade Vanille - 112g","p":3.84,"img":"https://fd1-photos.leclercdrive.fr/image.ashx?id=2751285&use=l&cat=p&typeid=i","cat":284666},{"id":232984,"n":"Bougie Glade I Love You - 112g","p":3.84,"img":"https://fd1-photos.leclercdrive.fr/image.ashx?id=2865440&use=l&cat=p&typeid=i","cat":284666},{"id":232985,"n":"Bougie Glade Honey & Chocolate - x1","p":3.84,"img":"https://fd1-photos.leclercdrive.fr/image.ashx?id=2865437&use=l&cat=p&typeid=i","cat":284666},{"id":232986,"n":"Bougie Glade Anti-tabac - 112g","p":3.84,"img":"https://fd1-photos.leclercdrive.fr/image.ashx?id=2751276&use=l&cat=p&typeid=i","cat":284666},{"id":232989,"n":"Spray nettoyant Cillit Bang  Expert Dégraissant - 750ml","p":3.31,"img":"https://fd1-photos.leclercdrive.fr/image.ashx?id=2751222&use=l&cat=p&typeid=i","cat":325357},{"id":232991,"n":"Déodorant Eco+ Floral - 200ml","p":0.87,"u":"4,35 €/L","img":"https://fd1-photos.leclercdrive.fr/image.ashx?id=2750270&use=l&cat=p&typeid=i","cat":284595},{"id":232996,"n":"Lotion anti-poux Marie Rose Extra forte - 200ml","p":12.59,"u":"62,95 €/L","img":"https://fd1-photos.leclercdrive.fr/image.ashx?id=2751009&use=l&cat=p&typeid=i","cat":299654},{"id":233005,"n":"Microfibre Eco+ Multi-usage - x3","p":1.37,"img":"https://fd1-photos.leclercdrive.fr/image.ashx?id=2750273&use=l&cat=p&typeid=i","cat":298252},{"id":233103,"n":"Dentifrice Sensodyne Soin blancheur - 2x75ml","p":7.25,"u":"48,33 €/L","img":"https://fd1-photos.leclercdrive.fr/image.ashx?id=2829928&use=l&cat=p&typeid=i","cat":284612},{"id":233115,"n":"Shampooing Herbal Essences Rose - 2x250ml","p":6.78,"u":"13,56 €/L","img":"https://fd1-photos.leclercdrive.fr/image.ashx?id=2864218&use=l&cat=p&typeid=i","cat":284606},{"id":233117,"n":"Shampooing Herbal Essences Noix de coco - 2x250ml","p":6.78,"u":"13,56 €/L","img":"https://fd1-photos.leclercdrive.fr/image.ashx?id=2903851&use=l&cat=p&typeid=i","cat":284606},{"id":233137,"n":"Masque cheveux Fructis Réparateur - Papaye - 320ml","p":5.8,"u":"18,13 €/L","img":"https://fd1-photos.leclercdrive.fr/image.ashx?id=2754036&use=l&cat=p&typeid=i","cat":284608},{"id":233151,"n":"Masque cheveux fructis Nourrissant - Banana - 320ml","p":5.8,"u":"18,13 €/L","img":"https://fd1-photos.leclercdrive.fr/image.ashx?id=2754042&use=l&cat=p&typeid=i","cat":284608},{"id":233153,"n":"Masque cheveux Fructis Nutrition Beurre de cacao 320ml","p":5.8,"u":"18,13 €/L","img":"https://fd1-photos.leclercdrive.fr/image.ashx?id=2788763&use=l&cat=p&typeid=i","cat":284608},{"id":233154,"n":"Masque cheveux Fructis Hydratant - Aloe Vera - 320ml","p":5.8,"u":"18,13 €/L","img":"https://fd1-photos.leclercdrive.fr/image.ashx?id=2754048&use=l&cat=p&typeid=i","cat":284608},{"id":233261,"n":"Jus de fruits Cidou Pomme Fraise - 1L","p":1.94,"u":"1,94 €/L","img":"https://fd1-photos.leclercdrive.fr/image.ashx?id=2753193&use=l&cat=p&typeid=i","cat":284522},{"id":233277,"n":"Sirop Ocean Spray Cranberry pêche - 50cl","p":3.55,"u":"7,10 €/L","img":"https://fd1-photos.leclercdrive.fr/image.ashx?id=2752930&use=l&cat=p&typeid=i","cat":295020},{"id":233280,"n":"Nouilles Tables du Monde Boeuf - 3x65g","p":1.25,"u":"6,41 €/KG","img":"https://fd1-photos.leclercdrive.fr/image.ashx?id=2752545&use=l&cat=p&typeid=i","cat":288992},{"id":233305,"n":"Verre mesureur 1L - x1","p":15.75,"img":"https://fd1-photos.leclercdrive.fr/image.ashx?id=2816791&use=l&cat=p&typeid=i","cat":334135},{"id":233313,"n":"Gel WC Javel Harpic Ultra blancheur Agrumes - 750ml","p":1.66,"u":"2,21 €/L","img":"https://fd1-photos.leclercdrive.fr/image.ashx?id=2864690&use=l&cat=p&typeid=i","cat":284662},{"id":233366,"n":"Bière La Beaunoise Extra-blonde - 75cl 4.5% vol.","p":4.41,"u":"5,88 €/L","img":"https://fd1-photos.leclercdrive.fr/image.ashx?id=2755765&use=l&cat=p&typeid=i","cat":334873},{"id":233368,"n":"Bière La Beaunoise Blanche - 75cl  5% vol.","p":4.13,"u":"5,51 €/L","img":"https://fd1-photos.leclercdrive.fr/image.ashx?id=2951941&use=l&cat=p&typeid=i","cat":334878},{"id":233370,"n":"Bière La Beaunoise Cassis - 75cl  5% vol.","p":4.19,"u":"5,59 €/L","img":"https://fd1-photos.leclercdrive.fr/image.ashx?id=2951938&use=l&cat=p&typeid=i","cat":334872},{"id":233372,"n":"Bière La Beaunoise Hospices - 75cl  9% vol.","p":4.45,"u":"5,93 €/L","img":"https://fd1-photos.leclercdrive.fr/image.ashx?id=2971263&use=l&cat=p&typeid=i","cat":334872},{"id":233436,"n":"Coquille St-Jacques et fruits  de mer Eco+ 360g","p":3.97,"u":"11,03 €/KG","img":"https://fd1-photos.leclercdrive.fr/image.ashx?id=2754249&use=l&cat=p&typeid=i","cat":319787},{"id":233443,"n":"Escalopes de dinde Eco+ x5 - 600g","p":5.98,"u":"9,97 €/KG","img":"https://fd1-photos.leclercdrive.fr/image.ashx?id=2759187&use=l&cat=p&typeid=i","cat":284337},{"id":233611,"n":"Mousseline au saumon Révélation Purina Gourmet - 4x57g","p":2.92,"u":"12,81 €/KG","img":"https://fd1-photos.leclercdrive.fr/image.ashx?id=2757812&use=l&cat=p&typeid=i","cat":285286},{"id":233623,"n":"Baume corps Le Petit Marseillais - Monoï - 380ml","p":7.09,"u":"18,66 €/L","img":"https://fd1-photos.leclercdrive.fr/image.ashx?id=2908171&use=l&cat=p&typeid=i","cat":325350},{"id":233625,"n":"Gommage corps Le Petit Marseillais - Coco - 150ml","p":5.03,"u":"33,53 €/L","img":"https://fd1-photos.leclercdrive.fr/image.ashx?id=2758108&use=l&cat=p&typeid=i","cat":325375},{"id":233626,"n":"Spray démêlant Le Petit Marseillais Pamplemousse 200ml","p":3.67,"u":"18,35 €/L","img":"https://fd1-photos.leclercdrive.fr/image.ashx?id=2758099&use=l&cat=p&typeid=i","cat":284608},{"id":233631,"n":"Shampooing Le Petit Marseillais Purifiant - 300ml","p":1.93,"u":"6,43 €/L","img":"https://fd1-photos.leclercdrive.fr/image.ashx?id=2758096&use=l&cat=p&typeid=i","cat":284606},{"id":233645,"n":"Café Soluble Starbucks Caramel Latte 5 sticks - 115g","p":2.92,"u":"25,39 €/KG","img":"https://fd1-photos.leclercdrive.fr/image.ashx?id=2766099&use=l&cat=p&typeid=i","cat":284843},{"id":233666,"n":"Aiguillettes de poulet Nollens - 500g","p":6.29,"u":"12,58 €/KG","img":"https://fd1-photos.leclercdrive.fr/image.ashx?id=2844751&use=l&cat=p&typeid=i","cat":284336},{"id":233679,"n":"Filets de poulet Nollens - 1kg","p":10.45,"u":"10,45 €/KG","img":"https://fd1-photos.leclercdrive.fr/image.ashx?id=2844748&use=l&cat=p&typeid=i","cat":284336},{"id":233680,"n":"Haut cuisse de poulet Nollens - 1kg","p":5.5,"u":"5,50 €/KG","img":"https://fd1-photos.leclercdrive.fr/image.ashx?id=2836661&use=l&cat=p&typeid=i","cat":284336},{"id":233729,"n":"Lessive liquide Skip Cycle  Court Efficacité Express x54","p":13.89,"u":"6,43 €/L","img":"https://fd1-photos.leclercdrive.fr/image.ashx?id=2843553&use=l&cat=p&typeid=i","cat":284640},{"id":233730,"n":"Lessive liquide Skip Cycle Court Couleur Protect x54","p":13.89,"u":"6,43 €/L","img":"https://fd1-photos.leclercdrive.fr/image.ashx?id=2842168&use=l&cat=p&typeid=i","cat":284640},{"id":233731,"n":"Lessive liquide Skip Cycle  Court Odeur Control x54","p":13.89,"u":"6,43 €/L","img":"https://fd1-photos.leclercdrive.fr/image.ashx?id=2788253&use=l&cat=p&typeid=i","cat":284640},{"id":233874,"n":"Boisson Alpro café avoine 750ml","p":2.18,"u":"2,91 €/L","img":"https://fd1-photos.leclercdrive.fr/image.ashx?id=2975416&use=l&cat=p&typeid=i","cat":313736},{"id":233875,"n":"Boisson Alpro café amande 750ml","p":1.98,"u":"2,64 €/L","img":"https://fd1-photos.leclercdrive.fr/image.ashx?id=2814181&use=l&cat=p&typeid=i","cat":313736},{"id":233879,"n":"Vin blanc d'Espagne Mucho Màs Felix Solis - 75cl","p":6.55,"u":"8,73 €/L","img":"https://fd1-photos.leclercdrive.fr/image.ashx?id=2776356&use=l&cat=p&typeid=i","cat":289557},{"id":233886,"n":"Dosettes café Senseo Cappuccino x8","p":3.03,"u":"32,93 €/KG","img":"https://fd1-photos.leclercdrive.fr/image.ashx?id=2760187&use=l&cat=p&typeid=i","cat":293238},{"id":233944,"n":"Couches Carryboo de nos Régions Couches locales Taille 1 - x24","p":5.45,"img":"https://fd1-photos.leclercdrive.fr/image.ashx?id=2924353&use=l&cat=p&typeid=i","cat":284737},{"id":233946,"n":"Lessive capsules Omo Monoï - 3en1 - x29 - 502g","p":9.85,"u":"19,62 €/KG","img":"https://fd1-photos.leclercdrive.fr/image.ashx?id=2841607&use=l&cat=p&typeid=i","cat":284641},{"id":233947,"n":"Lessive capsules 3en1 Omo Rose & Lilas Blanc - 502g x29","p":6.47,"u":"12,89 €/KG","img":"https://fd1-photos.leclercdrive.fr/image.ashx?id=2841610&use=l&cat=p&typeid=i","cat":284641},{"id":233949,"n":"Lessive capsules 3en1 Omo Lavande & Patchouli - x29 502g","p":10.01,"u":"19,94 €/KG","img":"https://fd1-photos.leclercdrive.fr/image.ashx?id=2832599&use=l&cat=p&typeid=i","cat":284641},{"id":233950,"n":"Lessive capsules 3en1 Omo Jasmin fleur de coton 502g x29","p":9.14,"u":"18,21 €/KG","img":"https://fd1-photos.leclercdrive.fr/image.ashx?id=2841613&use=l&cat=p&typeid=i","cat":284641},{"id":233953,"n":"Lessive liquide Skip Cycle  Court Efficacité Express x37","p":6.15,"u":"4,16 €/L","img":"https://fd1-photos.leclercdrive.fr/image.ashx?id=2910240&use=l&cat=p&typeid=i","cat":284640},{"id":233955,"n":"Lessive liquide Skip Cycle Court Odeur Control x37","p":10.34,"u":"6,99 €/L","img":"https://fd1-photos.leclercdrive.fr/image.ashx?id=2927735&use=l&cat=p&typeid=i","cat":284640},{"id":233956,"n":"Lessive liquide Omo Rose & Lilas Blanc - 1.76L","p":9.94,"u":"5,63 €/L","img":"https://fd1-photos.leclercdrive.fr/image.ashx?id=2818208&use=l&cat=p&typeid=i","cat":284640},{"id":233961,"n":"Lessive liquide Omo Jasmin & Fleur de coton 1.764L x42","p":9.94,"u":"5,63 €/L","img":"https://fd1-photos.leclercdrive.fr/image.ashx?id=2841616&use=l&cat=p&typeid=i","cat":284640},{"id":233963,"n":"Lessive liquide Skip Cycle Court Couleur Protect x37","p":10.29,"u":"6,95 €/L","img":"https://fd1-photos.leclercdrive.fr/image.ashx?id=2910246&use=l&cat=p&typeid=i","cat":284640},{"id":233984,"n":"Nouilles instantanées Daisuki Curry Pirikara - 61g","p":1.87,"u":"30,66 €/KG","img":"https://fd1-photos.leclercdrive.fr/image.ashx?id=2762007&use=l&cat=p&typeid=i","cat":288992},{"id":233985,"n":"Nouilles instantanées Daisuki Boeuf Gyudon - 60g","p":1.47,"u":"24,50 €/KG","img":"https://fd1-photos.leclercdrive.fr/image.ashx?id=2762004&use=l&cat=p&typeid=i","cat":288992},{"id":233986,"n":"Cup udon Ippin Curry - 63g","p":2.18,"u":"34,60 €/KG","img":"https://fd1-photos.leclercdrive.fr/image.ashx?id=2762376&use=l&cat=p&typeid=i","cat":288992},{"id":234019,"n":"Bol nouilles instantanées  Daisuki - Poulet Teriyaki 60g","p":1.47,"u":"24,50 €/KG","img":"https://fd1-photos.leclercdrive.fr/image.ashx?id=2762001&use=l&cat=p&typeid=i","cat":288992},{"id":234103,"n":"Munster pour munstiflette Maison Dodin 27% MG - 490g","p":6.89,"u":"14,06 €/KG","img":"https://fd1-photos.leclercdrive.fr/image.ashx?id=2762181&use=l&cat=p&typeid=i","cat":314037},{"id":234104,"n":"Dos d'églefin sauvage MSC Escal x2 - 200g","p":5.64,"u":"28,20 €/KG","img":"https://fd1-photos.leclercdrive.fr/image.ashx?id=2762109&use=l&cat=p&typeid=i","cat":319786},{"id":234149,"n":"Crème de douche Cadum Hypoallergenic - 750ml","p":4.74,"u":"6,32 €/L","img":"https://fd1-photos.leclercdrive.fr/image.ashx?id=2802515&use=l&cat=p&typeid=i","cat":284594},{"id":234151,"n":"Déodorant bille Narta  Resixyl 72h - 50ml","p":2.36,"u":"47,20 €/L","img":"https://fd1-photos.leclercdrive.fr/image.ashx?id=2769017&use=l&cat=p&typeid=i","cat":284595},{"id":234152,"n":"Déodorant bille Ushuaïa Monoï & tiaré - 50ml","p":2.74,"u":"54,80 €/L","img":"https://fd1-photos.leclercdrive.fr/image.ashx?id=2769020&use=l&cat=p&typeid=i","cat":284595},{"id":234155,"n":"Déodorant bille femme Ushuaïa Grenade açores - 50ml","p":2.55,"u":"51,00 €/L","img":"https://fd1-photos.leclercdrive.fr/image.ashx?id=2789092&use=l&cat=p&typeid=i","cat":284595},{"id":234156,"n":"Déodorant bille Ushuaïa Vanille - 50ml","p":2.55,"u":"51,00 €/L","img":"https://fd1-photos.leclercdrive.fr/image.ashx?id=2769023&use=l&cat=p&typeid=i","cat":284595},{"id":234157,"n":"Déodorant spray Ushuaïa Grenade - 200ml","p":2.53,"u":"12,65 €/L","img":"https://fd1-photos.leclercdrive.fr/image.ashx?id=2769026&use=l&cat=p&typeid=i","cat":284595},{"id":234158,"n":"Déodorant spray Ushuaïa Orchidée - 200ml","p":2.53,"u":"12,65 €/L","img":"https://fd1-photos.leclercdrive.fr/image.ashx?id=2769029&use=l&cat=p&typeid=i","cat":284595},{"id":234159,"n":"Déodorant spray Ushuaïa Vanille - 200ml","p":2.53,"u":"12,65 €/L","img":"https://fd1-photos.leclercdrive.fr/image.ashx?id=2769032&use=l&cat=p&typeid=i","cat":284595},{"id":234166,"n":"Déodorant spray homme Narta Resixyl Physio - 200ml","p":4.95,"u":"24,75 €/L","img":"https://fd1-photos.leclercdrive.fr/image.ashx?id=2769044&use=l&cat=p&typeid=i","cat":284596},{"id":234168,"n":"Déodorant bille homme Narta Resixyl Physio - 50ml","p":4.18,"u":"83,60 €/L","img":"https://fd1-photos.leclercdrive.fr/image.ashx?id=2769035&use=l&cat=p&typeid=i","cat":284596},{"id":234274,"n":"Aérosol Glade huile essentielle  jasmin et bois santal 300ml","p":1.99,"u":"6,63 €/L","img":"https://fd1-photos.leclercdrive.fr/image.ashx?id=2763685&use=l&cat=p&typeid=i","cat":311626},{"id":234275,"n":"Recharge désodorisant Glade Touch&Fresh - Linge propre 10ml","p":3.25,"u":"325,00 €/L","img":"https://fd1-photos.leclercdrive.fr/image.ashx?id=2763727&use=l&cat=p&typeid=i","cat":311626},{"id":234370,"n":"Cornichons Croq'Vert  Amora Extra-fins aux épices 210g","p":1.94,"u":"9,24 €/KG","img":"https://fd1-photos.leclercdrive.fr/image.ashx?id=2770671&use=l&cat=p&typeid=i","cat":284458},{"id":234375,"n":"Nouilles Tables du Monde Poulet - 3x65g","p":1.39,"u":"7,13 €/KG","img":"https://fd1-photos.leclercdrive.fr/image.ashx?id=2763045&use=l&cat=p&typeid=i","cat":288992},{"id":234477,"n":"Chips Bret's Rôtisserie 120g","p":1.47,"u":"12,25 €/KG","img":"https://fd1-photos.leclercdrive.fr/image.ashx?id=2765222&use=l&cat=p&typeid=i","cat":284447},{"id":234521,"n":"Boisson Jafun Pomme cassis framboise 1L","p":1.35,"u":"1,35 €/L","img":"https://fd1-photos.leclercdrive.fr/image.ashx?id=2764745&use=l&cat=p&typeid=i","cat":295018},{"id":234597,"n":"Glaces Twister Mini Tropical 8 bâtonnets - 348g","p":3.66,"u":"10,52 €/KG","img":"https://fd1-photos.leclercdrive.fr/image.ashx?id=3009317&use=l&cat=p&typeid=i","cat":285250},{"id":234598,"n":"Glaces Twister Mini Ananas Fraise Citron 8 bâtonnets 312g","p":3.69,"u":"11,83 €/KG","img":"https://fd1-photos.leclercdrive.fr/image.ashx?id=3009281&use=l&cat=p&typeid=i","cat":285250},{"id":234839,"n":"Purée Mousline L'Originale - 650g","p":2.81,"u":"4,32 €/KG","img":"https://fd1-photos.leclercdrive.fr/image.ashx?id=2768622&use=l&cat=p&typeid=i","cat":284431},{"id":234860,"n":"Fromage Mini Caprice Des Dieux Filet de 4 Portions - 200g","p":3.22,"u":"16,10 €/KG","img":"https://fd1-photos.leclercdrive.fr/image.ashx?id=2768933&use=l&cat=p&typeid=i","cat":314033},{"id":234865,"n":"Curry de poulet  Tables du Monde - 900g","p":5.33,"u":"5,92 €/KG","img":"https://fd1-photos.leclercdrive.fr/image.ashx?id=2768481&use=l&cat=p&typeid=i","cat":284254},{"id":234869,"n":"Gâteau moelleux Chocalin Harrys Cacao et Chocolat X10 - 350G","p":3.32,"u":"9,49 €/KG","img":"https://fd1-photos.leclercdrive.fr/image.ashx?id=2962464&use=l&cat=p&typeid=i","cat":284495},{"id":234870,"n":"Gâteaux Choco Mousse Harrys Fourrés au chocolat  X8 - 280G","p":2.73,"u":"9,75 €/KG","img":"https://fd1-photos.leclercdrive.fr/image.ashx?id=2985069&use=l&cat=p&typeid=i","cat":284495},{"id":234875,"n":"Purée de tomates Heinz x 3 - 212g","p":2.03,"u":"3,19 €/KG","img":"https://fd1-photos.leclercdrive.fr/image.ashx?id=2927004&use=l&cat=p&typeid=i","cat":288384},{"id":234876,"n":"Purée de tomates Heinz - 520g","p":1.23,"u":"2,37 €/KG","img":"https://fd1-photos.leclercdrive.fr/image.ashx?id=2926999&use=l&cat=p&typeid=i","cat":288384},{"id":234959,"n":"Croissants prêts à cuire Eco+ x20 - 1.1kg","p":5.7,"u":"5,18 €/KG","img":"https://fd1-photos.leclercdrive.fr/image.ashx?id=2770286&use=l&cat=p&typeid=i","cat":284267},{"id":234984,"n":"Dentifrice Sanogyl Biome  Protège gencives - 2x75ml","p":6.28,"u":"41,87 €/L","img":"https://fd1-photos.leclercdrive.fr/image.ashx?id=2771211&use=l&cat=p&typeid=i","cat":284612},{"id":235007,"n":"Mais Bio Village  2x140g","p":1.49,"u":"5,32 €/KG","img":"https://fd1-photos.leclercdrive.fr/image.ashx?id=3002722&use=l&cat=p&typeid=i","cat":312611},{"id":235016,"n":"Chocolats  Lucky Monkey Lindt Céréales - 100g","p":2.84,"u":"28,40 €/KG","img":"https://fd1-photos.leclercdrive.fr/image.ashx?id=2773068&use=l&cat=p&typeid=i","cat":284497},{"id":235051,"n":"Repas bébé Blédichef 12 mois  Risotto épinards Kiri - 230g","p":2.03,"u":"8,83 €/KG","img":"https://fd1-photos.leclercdrive.fr/image.ashx?id=2852375&use=l&cat=p&typeid=i","cat":312237},{"id":235065,"n":"Repas bébé Blédichef 15 mois  Pâtes poireaux et kiri -250g","p":1.85,"u":"7,40 €/KG","img":"https://fd1-photos.leclercdrive.fr/image.ashx?id=2928420&use=l&cat=p&typeid=i","cat":312238},{"id":235066,"n":"Repas bébé Blédichef 12 mois Potirons et panais -2x230g","p":3.95,"u":"8,59 €/KG","img":"https://fd1-photos.leclercdrive.fr/image.ashx?id=2935780&use=l&cat=p&typeid=i","cat":312237},{"id":235067,"n":"Repas bébé Blédichef Dès 12mois Carotte et semoule - 4x230g","p":7.57,"u":"8,23 €/KG","img":"https://fd1-photos.leclercdrive.fr/image.ashx?id=2773216&use=l&cat=p&typeid=i","cat":312237},{"id":235068,"n":"Repas bébé Blédichef 15 mois Lasagne bolognaise -230g","p":2.83,"u":"12,30 €/KG","img":"https://fd1-photos.leclercdrive.fr/image.ashx?id=2975098&use=l&cat=p&typeid=i","cat":312238},{"id":235073,"n":"Repas bébé Blédichef 15 mois  Brocolis petits pois  -230g","p":2.36,"u":"11,80 €/KG","img":"https://fd1-photos.leclercdrive.fr/image.ashx?id=2773219&use=l&cat=p&typeid=i","cat":312238},{"id":235078,"n":"Repas bébé Blédichef 15 mois Carottes lentilles corail -200g","p":2.36,"u":"11,80 €/KG","img":"https://fd1-photos.leclercdrive.fr/image.ashx?id=2866304&use=l&cat=p&typeid=i","cat":312238},{"id":235080,"n":"Plat cuisiné William Saurin  Blanquette volaille - 320g","p":3.81,"u":"11,91 €/KG","img":"https://fd1-photos.leclercdrive.fr/image.ashx?id=2966017&use=l&cat=p&typeid=i","cat":284953},{"id":235081,"n":"Plat cuisiné William Saurin Trio gourmand boeuf - 320g","p":3.85,"u":"12,03 €/KG","img":"https://fd1-photos.leclercdrive.fr/image.ashx?id=2986386&use=l&cat=p&typeid=i","cat":284953},{"id":235082,"n":"Plat cuisiné William Saurin Trio gourmand merlu - 320g","p":3.88,"u":"12,13 €/KG","img":"https://fd1-photos.leclercdrive.fr/image.ashx?id=2986389&use=l&cat=p&typeid=i","cat":284953},{"id":235083,"n":"Plat cuisiné William Saurin Trio gourmand poulet pesto 320g","p":3.86,"u":"12,06 €/KG","img":"https://fd1-photos.leclercdrive.fr/image.ashx?id=2986383&use=l&cat=p&typeid=i","cat":284953},{"id":235084,"n":"Plat cuisiné William Saurin Trio gourmand 320g","p":3.83,"u":"11,97 €/KG","img":"https://fd1-photos.leclercdrive.fr/image.ashx?id=2986380&use=l&cat=p&typeid=i","cat":284953},{"id":235127,"n":"Biscuits parmesan poivre Savour 100g","p":1.85,"u":"18,50 €/KG","img":"https://fd1-photos.leclercdrive.fr/image.ashx?id=2791048&use=l&cat=p&typeid=i","cat":297000},{"id":235239,"n":"Bloc Fort Violife Vegan - 150g","p":3.26,"u":"21,73 €/KG","img":"https://fd1-photos.leclercdrive.fr/image.ashx?id=2776205&use=l&cat=p&typeid=i","cat":316070},{"id":235243,"n":"Pate à tartiner Bonne Maman Cacahuète et cacao - 350g","p":3.54,"u":"10,11 €/KG","img":"https://fd1-photos.leclercdrive.fr/image.ashx?id=2986663&use=l&cat=p&typeid=i","cat":284481},{"id":235260,"n":"Pâte Lotus Biscoff Speculoos Creamy - 410g","p":3.78,"u":"9,22 €/KG","img":"https://fd1-photos.leclercdrive.fr/image.ashx?id=2776208&use=l&cat=p&typeid=i","cat":284481},{"id":235364,"n":"Friandises chat Whiskas  Poulet et fromage - 60g","p":1.18,"u":"19,67 €/KG","img":"https://fd1-photos.leclercdrive.fr/image.ashx?id=2976851&use=l&cat=p&typeid=i","cat":285285},{"id":235369,"n":"Friandises chat Whiskas saveur  Poulet et fromage -180g","p":2.98,"u":"16,56 €/KG","img":"https://fd1-photos.leclercdrive.fr/image.ashx?id=2944966&use=l&cat=p&typeid=i","cat":285285},{"id":235405,"n":"Friandises chat temptations Whiskas saveur saumon - 60g","p":1.11,"u":"18,50 €/KG","img":"https://fd1-photos.leclercdrive.fr/image.ashx?id=2976854&use=l&cat=p&typeid=i","cat":285285},{"id":235459,"n":"Goûter moelleux Tendrissime Cacao Noisette x8 - 264g","p":3.29,"u":"12,46 €/KG","img":"https://fd1-photos.leclercdrive.fr/image.ashx?id=2962461&use=l&cat=p&typeid=i","cat":284495},{"id":235543,"n":"Dentifrice enfant Signal Menthe douce - 6-13 ans 2x75ml","p":4.98,"u":"33,20 €/L","img":"https://fd1-photos.leclercdrive.fr/image.ashx?id=2779103&use=l&cat=p&typeid=i","cat":288898},{"id":235569,"n":"Thé noir Bio Clipper English Breakfast -  20 sachets","p":2.69,"u":"67,25 €/KG","img":"https://fd1-photos.leclercdrive.fr/image.ashx?id=2908306&use=l&cat=p&typeid=i","cat":293233},{"id":235636,"n":"Capsules lave-vaisselle Finish Quantum Citron - x46 - 478g","p":8.94,"u":"18,70 €/KG","img":"https://fd1-photos.leclercdrive.fr/image.ashx?id=2780493&use=l&cat=p&typeid=i","cat":284656},{"id":235638,"n":"Nettoyant lave-vaisselle Finish Intégral - Citron - 250ml","p":3.19,"u":"12,76 €/L","img":"https://fd1-photos.leclercdrive.fr/image.ashx?id=2780586&use=l&cat=p&typeid=i","cat":284657},{"id":235671,"n":"Fromage chaud Le Braison 240g","p":5.9,"u":"24,58 €/KG","img":"https://fd1-photos.leclercdrive.fr/image.ashx?id=2970771&use=l&cat=p&typeid=i","cat":314037},{"id":235685,"n":"Lait bébé en poudre Calisma Gallia Croissance 12 mois 830g","p":10.85,"u":"13,07 €/KG","img":"https://fd1-photos.leclercdrive.fr/image.ashx?id=2794274&use=l&cat=p&typeid=i","cat":290219},{"id":235710,"n":"Chapelure Tablier Blanc 400g","p":0.88,"u":"2,20 €/KG","img":"https://fd1-photos.leclercdrive.fr/image.ashx?id=2793335&use=l&cat=p&typeid=i","cat":288382},{"id":235786,"n":"Tablette lave-vaisselle Visior Tout-en-un - x45 - 765g","p":5.27,"u":"6,89 €/KG","img":"https://fd1-photos.leclercdrive.fr/image.ashx?id=2954902&use=l&cat=p&typeid=i","cat":284656},{"id":235793,"n":"Dentifrice Junior Signal Menthe douce - 6-13 ans 75ml","p":2.83,"u":"37,73 €/L","img":"https://fd1-photos.leclercdrive.fr/image.ashx?id=2993502&use=l&cat=p&typeid=i","cat":288898},{"id":235828,"n":"Sac poubelle  Elembal Rectangle coulissant - 40L x 20","p":2.99,"u":"0,15 €/P","img":"https://fd1-photos.leclercdrive.fr/image.ashx?id=2793338&use=l&cat=p&typeid=i","cat":285168},{"id":235864,"n":"Carafe filtrante Marella Brita Blanche - 2.4L - x1 recharge","p":21.9,"img":"https://fd1-photos.leclercdrive.fr/image.ashx?id=2878276&use=l&cat=p&typeid=i","cat":334135},{"id":235870,"n":"Chocolat Côte d'Or selection 187g","p":9.95,"pp":6.96,"u":"37,22 €/KG","img":"https://fd1-photos.leclercdrive.fr/image.ashx?id=2916453&use=l&cat=p&typeid=i","cat":327595},{"id":235914,"n":"Aubergines Cuisinées Cassegrain A la Provençale 3x375g","p":10.08,"u":"8,96 €/KG","img":"https://fd1-photos.leclercdrive.fr/image.ashx?id=2926305&use=l&cat=p&typeid=i","cat":312612},{"id":235915,"n":"Galette moelleuse Saint-Michel Tigrée chocolat - 360g x12","p":2.23,"u":"6,19 €/KG","img":"https://fd1-photos.leclercdrive.fr/image.ashx?id=2950018&use=l&cat=p&typeid=i","cat":284487},{"id":235951,"n":"Frite classique Mc Cain Air Fryer - 600g","p":2.79,"u":"4,65 €/KG","img":"https://fd1-photos.leclercdrive.fr/image.ashx?id=2973345&use=l&cat=p&typeid=i","cat":319791},{"id":235952,"n":"Noisettes Mc Cain Air Fryer - 550g","p":2.74,"u":"4,98 €/KG","img":"https://fd1-photos.leclercdrive.fr/image.ashx?id=2878474&use=l&cat=p&typeid=i","cat":319792},{"id":236050,"n":"Lait bébé en poudre Calisma Gallia Junior Dès 18 mois 830g","p":10.95,"u":"13,19 €/KG","img":"https://fd1-photos.leclercdrive.fr/image.ashx?id=2907860&use=l&cat=p&typeid=i","cat":290219},{"id":236221,"n":"Brioche tressée Epi d'or nature - 600g","p":2.09,"u":"3,48 €/KG","img":"https://fd1-photos.leclercdrive.fr/image.ashx?id=2976297&use=l&cat=p&typeid=i","cat":284478},{"id":236231,"n":"Boisson énergisante Crazy Tiger Pomme - 1L","p":2.08,"u":"2,08 €/L","img":"https://fd1-photos.leclercdrive.fr/image.ashx?id=2792729&use=l&cat=p&typeid=i","cat":284533},{"id":236236,"n":"Café en capsules Lavazza Tales of Roma x10 - 57g","p":3.67,"u":"64,39 €/KG","img":"https://fd1-photos.leclercdrive.fr/image.ashx?id=2919042&use=l&cat=p&typeid=i","cat":284749},{"id":236240,"n":"Café en capsules Lavazza Tales  of Napoli x10 - 55g","p":3.66,"u":"66,55 €/KG","img":"https://fd1-photos.leclercdrive.fr/image.ashx?id=2919039&use=l&cat=p&typeid=i","cat":284749},{"id":236323,"n":"Yaourts aux fruits Ferme Adam Saveurs de Noël - 4x125g","p":1.95,"u":"3,90 €/KG","img":"https://fd1-photos.leclercdrive.fr/image.ashx?id=2801896&use=l&cat=p&typeid=i","cat":284410},{"id":236324,"n":"Yaourts aux fruits Ferme Adam Châtaigne - 4x125g","p":1.95,"u":"3,90 €/KG","img":"https://fd1-photos.leclercdrive.fr/image.ashx?id=2790000&use=l&cat=p&typeid=i","cat":284410},{"id":236325,"n":"Confiture Extra Beyer Mûres sauvages épépinées 370g","p":3.89,"u":"10,51 €/KG","img":"https://fd1-photos.leclercdrive.fr/image.ashx?id=2789916&use=l&cat=p&typeid=i","cat":284480},{"id":236326,"n":"Confiture Extra Beyer Fraises - Fraises des bois 370g","p":2.73,"u":"7,38 €/KG","img":"https://fd1-photos.leclercdrive.fr/image.ashx?id=2789913&use=l&cat=p&typeid=i","cat":284480},{"id":236442,"n":"Café moulu Cafés Sati Heure exquise - 500g","p":9.94,"u":"19,88 €/KG","img":"https://fd1-photos.leclercdrive.fr/image.ashx?id=2791464&use=l&cat=p&typeid=i","cat":284750},{"id":236465,"n":"Chocolat L'escargot Lanvin Noir - 362g","p":14.88,"u":"41,10 €/KG","img":"https://fd1-photos.leclercdrive.fr/image.ashx?id=2903836&use=l&cat=p&typeid=i","cat":327595},{"id":236758,"n":"Adoucissant Minidou Fleurs d'amande - 1L","p":4.17,"u":"4,17 €/L","img":"https://fd1-photos.leclercdrive.fr/image.ashx?id=2795890&use=l&cat=p&typeid=i","cat":284650},{"id":236759,"n":"Adoucissant Minidou Instant d'été - 1L","p":3.9,"u":"3,90 €/L","img":"https://fd1-photos.leclercdrive.fr/image.ashx?id=2795893&use=l&cat=p&typeid=i","cat":284650},{"id":236809,"n":"Pavé de saumon Eco+ 2x110g","p":4.99,"u":"22,68 €/KG","img":"https://fd1-photos.leclercdrive.fr/image.ashx?id=2796330&use=l&cat=p&typeid=i","cat":284342},{"id":236810,"n":"Pavé de saumon Eco+ 4x110g","p":8.99,"u":"20,43 €/KG","img":"https://fd1-photos.leclercdrive.fr/image.ashx?id=2796333&use=l&cat=p&typeid=i","cat":284342},{"id":237040,"n":"Boîte Grand assortiment Ferrero Chocolat - x20 - 197g","p":9.68,"u":"49,14 €/KG","img":"https://fd1-photos.leclercdrive.fr/image.ashx?id=2909251&use=l&cat=p&typeid=i","cat":327595},{"id":237047,"n":"Moulage Kinder Caramel - 110g","p":3.6,"u":"32,73 €/KG","img":"https://fd1-photos.leclercdrive.fr/image.ashx?id=2797013&use=l&cat=p&typeid=i","cat":327592},{"id":237049,"n":"Chocolat Kinder Mini friends Eclats caramel - 122g","p":3.88,"u":"31,80 €/KG","img":"https://fd1-photos.leclercdrive.fr/image.ashx?id=2797052&use=l&cat=p&typeid=i","cat":327592},{"id":237058,"n":"Calendrier de l'Avent Nutella 528g","p":25.98,"u":"49,20 €/KG","img":"https://fd1-photos.leclercdrive.fr/image.ashx?id=2940531&use=l&cat=p&typeid=i","cat":336112},{"id":237132,"n":"L'escargot chocolat Lanvin Trio Lait Blanc Noir - 362g","p":12.35,"u":"34,12 €/KG","img":"https://fd1-photos.leclercdrive.fr/image.ashx?id=2966146&use=l&cat=p&typeid=i","cat":327595},{"id":237133,"n":"L'escargot Lanvin Chocolat Blanc - 362g","p":14.88,"u":"41,10 €/KG","img":"https://fd1-photos.leclercdrive.fr/image.ashx?id=2897402&use=l&cat=p&typeid=i","cat":327595},{"id":237134,"n":"L'escargot chocolat Lanvin Duo Lait noir - 362G","p":15.0,"u":"41,44 €/KG","img":"https://fd1-photos.leclercdrive.fr/image.ashx?id=2902843&use=l&cat=p&typeid=i","cat":327595},{"id":237136,"n":"L'escargot chocolat Lanvin Chocolat au lait - 362g","p":14.88,"u":"41,10 €/KG","img":"https://fd1-photos.leclercdrive.fr/image.ashx?id=2987005&use=l&cat=p&typeid=i","cat":327595},{"id":237149,"n":"Papillotte Quiz cinéma Révillon Chocolat Noir Lait Blanc - 360g","p":10.95,"u":"30,42 €/KG","img":"https://fd1-photos.leclercdrive.fr/image.ashx?id=2797834&use=l&cat=p&typeid=i","cat":327597},{"id":237150,"n":"Papillottes Révillon Quiz  culture Noir Lait Blanc - 360g","p":10.6,"u":"29,44 €/KG","img":"https://fd1-photos.leclercdrive.fr/image.ashx?id=2802365&use=l&cat=p&typeid=i","cat":327597},{"id":237151,"n":"Papillotte Quiz musical Révillon Noir Lait Blanc - 360g","p":10.95,"u":"30,42 €/KG","img":"https://fd1-photos.leclercdrive.fr/image.ashx?id=2802368&use=l&cat=p&typeid=i","cat":327597},{"id":237163,"n":"Ballotin Révillon Chocolat Noir Lait Blanc - 215g","p":8.95,"u":"41,63 €/KG","img":"https://fd1-photos.leclercdrive.fr/image.ashx?id=2879685&use=l&cat=p&typeid=i","cat":327595},{"id":237851,"n":"Mini Flam's Coté table x12 - 360g","p":5.99,"u":"16,64 €/KG","img":"https://fd1-photos.leclercdrive.fr/image.ashx?id=2801282&use=l&cat=p&typeid=i","cat":319774},{"id":237940,"n":"Pâtes Barilla Fusilloni  Al Bronzo - 500g","p":1.98,"u":"3,96 €/KG","img":"https://fd1-photos.leclercdrive.fr/image.ashx?id=2797906&use=l&cat=p&typeid=i","cat":284427},{"id":237947,"n":"Pâtes Barilla Mezzi Rigatoni Al Bronzo - 500g","p":1.95,"u":"3,90 €/KG","img":"https://fd1-photos.leclercdrive.fr/image.ashx?id=2798680&use=l&cat=p&typeid=i","cat":284427},{"id":237948,"n":"Pâtes Barilla Fusilli  Al Bronzo - 500g","p":1.98,"u":"3,96 €/KG","img":"https://fd1-photos.leclercdrive.fr/image.ashx?id=2798689&use=l&cat=p&typeid=i","cat":284427},{"id":237949,"n":"Pâtes Barilla Penne Rigate Al Bronzo - 500g","p":1.98,"u":"3,96 €/KG","img":"https://fd1-photos.leclercdrive.fr/image.ashx?id=2798677&use=l&cat=p&typeid=i","cat":284427},{"id":237950,"n":"Pâtes Barilla Linguine  Al Bronzo - 500g","p":1.96,"u":"3,92 €/KG","img":"https://fd1-photos.leclercdrive.fr/image.ashx?id=2798683&use=l&cat=p&typeid=i","cat":284427},{"id":238056,"n":"Pâtes Barilla Spaghettoni  Al Bronzo - 500g","p":1.99,"u":"3,98 €/KG","img":"https://fd1-photos.leclercdrive.fr/image.ashx?id=2798686&use=l&cat=p&typeid=i","cat":284427},{"id":238172,"n":"Nettoyant concentré Mixa Perfecteur de pores 2x15cl","p":10.54,"u":"35,13 €/L","img":"https://fd1-photos.leclercdrive.fr/image.ashx?id=2919760&use=l&cat=p&typeid=i","cat":284603},{"id":238174,"n":"Nettoyant concentré Mixa Hydratant Lot de 2 - 2x15cl","p":10.54,"u":"35,13 €/L","img":"https://fd1-photos.leclercdrive.fr/image.ashx?id=2919763&use=l&cat=p&typeid=i","cat":284603},{"id":238214,"n":"Pâtes de Noël Grand'Mère 500g","p":2.55,"u":"5,10 €/KG","img":"https://fd1-photos.leclercdrive.fr/image.ashx?id=2800312&use=l&cat=p&typeid=i","cat":284427},{"id":238264,"n":"Chocolats Caffarel Noisettes - 200g","p":10.95,"pp":7.23,"u":"36,15 €/KG","img":"https://fd1-photos.leclercdrive.fr/image.ashx?id=2872204&use=l&cat=p&typeid=i","cat":327595},{"id":238313,"n":"Nouilles Tables du Monde Curry - 3x65g","p":1.39,"u":"7,13 €/KG","img":"https://fd1-photos.leclercdrive.fr/image.ashx?id=2799850&use=l&cat=p&typeid=i","cat":288992},{"id":238410,"n":"Pancakes bio Yooji pour bébé Carotte et Maïs 120g","p":3.89,"u":"32,42 €/KG","img":"https://fd1-photos.leclercdrive.fr/image.ashx?id=2800950&use=l&cat=p&typeid=i","cat":290631},{"id":238421,"n":"Chewing-Gum Bubble Gum Fancy Fruit HUBBA BUBBA, 56g","p":1.93,"u":"34,46 €/KG","img":"https://fd1-photos.leclercdrive.fr/image.ashx?id=2801219&use=l&cat=p&typeid=i","cat":304251},{"id":238429,"n":"Chocolat au lait Tablette d'Or caramel beurre salé 180g","p":2.49,"u":"13,83 €/KG","img":"https://fd1-photos.leclercdrive.fr/image.ashx?id=2967582&use=l&cat=p&typeid=i","cat":284497},{"id":238532,"n":"Boîte bonbons Pik Noël Haribo - 550g","p":5.24,"pp":3.76,"u":"6,84 €/KG","img":"https://fd1-photos.leclercdrive.fr/image.ashx?id=2906097&use=l&cat=p&typeid=i","cat":304250},{"id":238538,"n":"Mini chamallows choco Noël Haribo - 280g","p":4.49,"pp":3.14,"u":"11,21 €/KG","img":"https://fd1-photos.leclercdrive.fr/image.ashx?id=2801860&use=l&cat=p&typeid=i","cat":304250},{"id":238567,"n":"Masque cheveux Fructis Garnier Longueur & glow Ananas - 320ml","p":6.39,"u":"19,97 €/L","img":"https://fd1-photos.leclercdrive.fr/image.ashx?id=2802129&use=l&cat=p&typeid=i","cat":284608},{"id":238785,"n":"Jambon Le tranché fin  Dégustation 4 tranches 120g","p":2.79,"u":"23,25 €/KG","img":"https://fd1-photos.leclercdrive.fr/image.ashx?id=2889298&use=l&cat=p&typeid=i","cat":316009},{"id":238790,"n":"Mini croustis Bonduelle Indian curry 240g","p":3.07,"u":"12,79 €/KG","img":"https://fd1-photos.leclercdrive.fr/image.ashx?id=2974578&use=l&cat=p&typeid=i","cat":284254},{"id":238796,"n":"Menus Gourmands Viande en  gelée Tous mes Amis - 48x100g","p":13.95,"u":"2,91 €/KG","img":"https://fd1-photos.leclercdrive.fr/image.ashx?id=2820007&use=l&cat=p&typeid=i","cat":285286},{"id":238872,"n":"Quinoa facile Lustucru 300g","p":2.42,"u":"8,07 €/KG","img":"https://fd1-photos.leclercdrive.fr/image.ashx?id=2804565&use=l&cat=p&typeid=i","cat":284429},{"id":238899,"n":"Yaourt protéiné Skyr Yoplait Vanille 0%Mg - 450g","p":2.35,"u":"5,22 €/KG","img":"https://fd1-photos.leclercdrive.fr/image.ashx?id=2884447&use=l&cat=p&typeid=i","cat":315000},{"id":239101,"n":"Riz Thaï Taureau Ailé 1kg","p":3.07,"u":"3,07 €/KG","img":"https://fd1-photos.leclercdrive.fr/image.ashx?id=2805558&use=l&cat=p&typeid=i","cat":284428},{"id":239208,"n":"Lessive capsules Le Chat  Disc Expert 4 en 1 x25 - 413g","p":8.48,"u":"20,58 €/KG","img":"https://fd1-photos.leclercdrive.fr/image.ashx?id=2936125&use=l&cat=p&typeid=i","cat":284641},{"id":239217,"n":"Lingettes Décolor Stop  Anti-décoloration x40","p":5.49,"u":"0,14 €/P","img":"https://fd1-photos.leclercdrive.fr/image.ashx?id=2976785&use=l&cat=p&typeid=i","cat":290450},{"id":239218,"n":"Lingettes Décolor Stop  Anti-décoloration x52","p":5.86,"u":"0,11 €/P","img":"https://fd1-photos.leclercdrive.fr/image.ashx?id=2805264&use=l&cat=p&typeid=i","cat":290450},{"id":239220,"n":"Bain de Bouche Listerine Haleine Fraiche 500ml","p":4.79,"u":"9,58 €/L","img":"https://fd1-photos.leclercdrive.fr/image.ashx?id=2806309&use=l&cat=p&typeid=i","cat":284613},{"id":239221,"n":"Bain de Bouche Listerine Total Care 10 en 1-500ml","p":4.69,"u":"9,38 €/L","img":"https://fd1-photos.leclercdrive.fr/image.ashx?id=2806312&use=l&cat=p&typeid=i","cat":284613},{"id":239225,"n":"Bain de Bouche Listerine Total Care - Sans alcool 500ml","p":4.21,"u":"8,42 €/L","img":"https://fd1-photos.leclercdrive.fr/image.ashx?id=2806321&use=l&cat=p&typeid=i","cat":284613},{"id":239226,"n":"Adoucissant recharge Soupline à diluer Grand Air - 600ml","p":2.2,"u":"3,67 €/L","img":"https://fd1-photos.leclercdrive.fr/image.ashx?id=2957314&use=l&cat=p&typeid=i","cat":284650},{"id":239227,"n":"Adoucissant recharge Soupline à diluer Hypoallergénique 600ml","p":2.98,"u":"4,97 €/L","img":"https://fd1-photos.leclercdrive.fr/image.ashx?id=2813546&use=l&cat=p&typeid=i","cat":284650},{"id":239228,"n":"Adoucissant recharge Soupline à diluer Moment Magique-600ml","p":3.05,"u":"5,08 €/L","img":"https://fd1-photos.leclercdrive.fr/image.ashx?id=2863027&use=l&cat=p&typeid=i","cat":284650},{"id":239229,"n":"Brume de linge Soupline spray Grand Air - 300ml","p":5.17,"u":"17,23 €/L","img":"https://fd1-photos.leclercdrive.fr/image.ashx?id=2866202&use=l&cat=p&typeid=i","cat":325302},{"id":239232,"n":"Dentifrice Colgate Active Blancheur - 75ml","p":3.18,"u":"42,40 €/L","img":"https://fd1-photos.leclercdrive.fr/image.ashx?id=2814623&use=l&cat=p&typeid=i","cat":284612},{"id":239233,"n":"Dentifrice Colgate Soin complet - 75ml","p":2.23,"u":"29,73 €/L","img":"https://fd1-photos.leclercdrive.fr/image.ashx?id=2836196&use=l&cat=p&typeid=i","cat":284612},{"id":239234,"n":"Dentifrice Colgate Total Résistance de l'émail 75ml","p":3.18,"u":"42,40 €/L","img":"https://fd1-photos.leclercdrive.fr/image.ashx?id=2832578&use=l&cat=p&typeid=i","cat":284612},{"id":239235,"n":"Lingettes bébé Biolane Pure water - x48","p":2.78,"img":"https://fd1-photos.leclercdrive.fr/image.ashx?id=2877907&use=l&cat=p&typeid=i","cat":284738},{"id":239236,"n":"Lingettes pocket bébé Biolane Visage et mains - x20","p":1.59,"img":"https://fd1-photos.leclercdrive.fr/image.ashx?id=2806195&use=l&cat=p&typeid=i","cat":284738},{"id":239237,"n":"Couches bébé Mots d'enfant Taille 3 - 4-9kg - x104","p":12.67,"u":"12,67 €/PRT","img":"https://fd1-photos.leclercdrive.fr/image.ashx?id=2922439&use=l&cat=p&typeid=i","cat":284737},{"id":239239,"n":"Couches bébé Mots d'enfant Taille 4 - 7-18kg - x92","p":12.67,"img":"https://fd1-photos.leclercdrive.fr/image.ashx?id=2922442&use=l&cat=p&typeid=i","cat":284737},{"id":239241,"n":"Couches bébé Mots d'enfant Taille 4+ - 9-20kg - x88","p":12.67,"img":"https://fd1-photos.leclercdrive.fr/image.ashx?id=2922445&use=l&cat=p&typeid=i","cat":284737},{"id":239242,"n":"Couches bébé Mots d'enfant Taille 5 - 11-25kg - x84","p":12.67,"u":"0,15 €/P","img":"https://fd1-photos.leclercdrive.fr/image.ashx?id=2922448&use=l&cat=p&typeid=i","cat":284737},{"id":239281,"n":"Essuie-Tout Sopalin  Edition limitée  x4= 8 rouleaux","p":3.74,"u":"0,94 €/P","img":"https://fd1-photos.leclercdrive.fr/image.ashx?id=2964075&use=l&cat=p&typeid=i","cat":284635},{"id":239283,"n":"Essuie-Tout Sopalin Décoré Maxi rouleau   x4= 8 rouleaux","p":6.17,"u":"1,54 €/P","img":"https://fd1-photos.leclercdrive.fr/image.ashx?id=3000453&use=l&cat=p&typeid=i","cat":284635},{"id":239371,"n":"Capsules café L'Or Espresso Supremo N°10 x50","p":14.61,"u":"56,19 €/KG","img":"https://fd1-photos.leclercdrive.fr/image.ashx?id=3000480&use=l&cat=p&typeid=i","cat":284749},{"id":239478,"n":"Burger Géant Jacquet Nature x4 - 330g","p":1.14,"u":"3,45 €/KG","img":"https://fd1-photos.leclercdrive.fr/image.ashx?id=3010981&use=l&cat=p&typeid=i","cat":325067},{"id":239508,"n":"Préparation maison Vahiné Muffins chocolat noisettes 330g","p":3.5,"u":"10,61 €/KG","img":"https://fd1-photos.leclercdrive.fr/image.ashx?id=2806964&use=l&cat=p&typeid=i","cat":284505},{"id":239509,"n":"Préparation maison Vahiné Gâteau 3en1 chocolat  280g","p":2.66,"u":"9,50 €/KG","img":"https://fd1-photos.leclercdrive.fr/image.ashx?id=2806961&use=l&cat=p&typeid=i","cat":284505},{"id":239883,"n":"Velouté Eco+ Poireaux pomme de terre","p":0.87,"u":"0,87 €/L","img":"https://fd1-photos.leclercdrive.fr/image.ashx?id=2808724&use=l&cat=p&typeid=i","cat":284462},{"id":239902,"n":"Saumon en croûte Côté Table 700g","p":7.49,"u":"10,70 €/KG","img":"https://fd1-photos.leclercdrive.fr/image.ashx?id=2808733&use=l&cat=p&typeid=i","cat":319776},{"id":239905,"n":"Nouilles Tables du Monde Legumes - 3x65g","p":1.39,"u":"7,13 €/KG","img":"https://fd1-photos.leclercdrive.fr/image.ashx?id=2808727&use=l&cat=p&typeid=i","cat":288992},{"id":239928,"n":"Pâte à tartinerLotus Speculoos crunchy Biscoff 390g","p":3.78,"u":"9,69 €/KG","img":"https://fd1-photos.leclercdrive.fr/image.ashx?id=2811575&use=l&cat=p&typeid=i","cat":284481},{"id":239960,"n":"Sauce provencale Eco+ 390g","p":0.87,"u":"2,23 €/KG","img":"https://fd1-photos.leclercdrive.fr/image.ashx?id=2808964&use=l&cat=p&typeid=i","cat":299047},{"id":239981,"n":"Sauce napolitaine Eco+ 390g","p":0.97,"u":"2,49 €/KG","img":"https://fd1-photos.leclercdrive.fr/image.ashx?id=2809172&use=l&cat=p&typeid=i","cat":299047},{"id":240002,"n":"Billes M&Ms caramel salé 367g","p":4.8,"u":"13,08 €/KG","img":"https://fd1-photos.leclercdrive.fr/image.ashx?id=2924770&use=l&cat=p&typeid=i","cat":304238},{"id":240106,"n":"Lessive Mono-doses - x20 Uni vert","p":5.65,"img":"https://fd1-photos.leclercdrive.fr/image.ashx?id=2842322&use=l&cat=p&typeid=i","cat":284641},{"id":240234,"n":"Bûche glacée Pilpa Duo de Vanilles - 535g","p":5.27,"u":"9,85 €/KG","img":"https://fd1-photos.leclercdrive.fr/image.ashx?id=2812765&use=l&cat=p&typeid=i","cat":284266},{"id":240338,"n":"Laque Elnett Fixation normale  200ml","p":5.84,"u":"29,20 €/L","img":"https://fd1-photos.leclercdrive.fr/image.ashx?id=2814064&use=l&cat=p&typeid=i","cat":284609},{"id":240425,"n":"Soda à l'orange Orangina 1,5L","p":1.9,"u":"1,27 €/L","img":"https://fd1-photos.leclercdrive.fr/image.ashx?id=2946499&use=l&cat=p&typeid=i","cat":284532},{"id":240426,"n":"Soda à l'orange Orangina 2x1,5L","p":4.06,"u":"1,35 €/L","img":"https://fd1-photos.leclercdrive.fr/image.ashx?id=2812690&use=l&cat=p&typeid=i","cat":284532},{"id":240427,"n":"Soda à l'orange Orangina 12x33cl","p":7.62,"u":"1,92 €/L","img":"https://fd1-photos.leclercdrive.fr/image.ashx?id=2946505&use=l&cat=p&typeid=i","cat":284532},{"id":240428,"n":"Soda à l'orange Orangina 6x33cl","p":3.7,"u":"1,87 €/L","img":"https://fd1-photos.leclercdrive.fr/image.ashx?id=2946502&use=l&cat=p&typeid=i","cat":284532},{"id":240481,"n":"Compote Andros La vie en violet - 4x100g","p":1.69,"u":"4,23 €/KG","img":"https://fd1-photos.leclercdrive.fr/image.ashx?id=2989333&use=l&cat=p&typeid=i","cat":284508},{"id":240482,"n":"Riz basmati Lustucru 10min - 5x180g","p":3.08,"u":"3,42 €/KG","img":"https://fd1-photos.leclercdrive.fr/image.ashx?id=2814163&use=l&cat=p&typeid=i","cat":284428},{"id":240623,"n":"Laque fixation forte Elnett 200ml","p":5.95,"u":"29,75 €/L","img":"https://fd1-photos.leclercdrive.fr/image.ashx?id=2828013&use=l&cat=p&typeid=i","cat":284609},{"id":240751,"n":"Spaghetti Barilla Quadrati Al bronzo - 500g","p":1.95,"u":"3,90 €/KG","img":"https://fd1-photos.leclercdrive.fr/image.ashx?id=2815145&use=l&cat=p&typeid=i","cat":284427},{"id":240842,"n":"Skyr nature Délisse 4x100g","p":1.72,"u":"4,30 €/KG","img":"https://fd1-photos.leclercdrive.fr/image.ashx?id=2992588&use=l&cat=p&typeid=i","cat":315000},{"id":240843,"n":"Skyr nature Délisse 850g","p":2.75,"u":"3,24 €/KG","img":"https://fd1-photos.leclercdrive.fr/image.ashx?id=2992600&use=l&cat=p&typeid=i","cat":315000},{"id":240848,"n":"Girolles sauvages entières L'Origine du Goût 300g","p":4.85,"u":"16,17 €/KG","img":"https://fd1-photos.leclercdrive.fr/image.ashx?id=2814713&use=l&cat=p&typeid=i","cat":319805},{"id":240852,"n":"Cèpes morceaux L'Origine du Goût 300g","p":4.05,"u":"13,50 €/KG","img":"https://fd1-photos.leclercdrive.fr/image.ashx?id=2814917&use=l&cat=p&typeid=i","cat":319805},{"id":240873,"n":"Mini pots de glace Trium Cookie Dough x4 - 288g","p":3.99,"u":"13,85 €/KG","img":"https://fd1-photos.leclercdrive.fr/image.ashx?id=2814893&use=l&cat=p&typeid=i","cat":284725},{"id":240919,"n":"Morilles sauvages entières L'Origine du Goût 150g","p":5.99,"u":"39,93 €/KG","img":"https://fd1-photos.leclercdrive.fr/image.ashx?id=2814968&use=l&cat=p&typeid=i","cat":319805},{"id":240920,"n":"Saumon fumé Delpeyrat Noorvège 4 tranches - 120g","p":6.49,"u":"54,08 €/KG","img":"https://fd1-photos.leclercdrive.fr/image.ashx?id=2901713&use=l&cat=p&typeid=i","cat":285188},{"id":241099,"n":"Nouilles asiatiques Maggi Pad Thai - 128g","p":1.98,"u":"15,47 €/KG","img":"https://fd1-photos.leclercdrive.fr/image.ashx?id=2899776&use=l&cat=p&typeid=i","cat":288992},{"id":241256,"n":"M&M's minis pochons  360g","p":5.07,"u":"14,08 €/KG","img":"https://fd1-photos.leclercdrive.fr/image.ashx?id=3005290&use=l&cat=p&typeid=i","cat":304238},{"id":241653,"n":"Riz parfumé Taureau ailé 500g","p":1.47,"u":"2,94 €/KG","img":"https://fd1-photos.leclercdrive.fr/image.ashx?id=2828343&use=l&cat=p&typeid=i","cat":284428},{"id":241812,"n":"Gourde bébé Blédina - 10 mois Multifruits - 8x85g","p":7.77,"u":"11,43 €/KG","img":"https://fd1-photos.leclercdrive.fr/image.ashx?id=2826642&use=l&cat=p&typeid=i","cat":312393},{"id":241912,"n":"Couches Culottes Huggies Pull-ups - T5 - x24","p":11.85,"img":"https://fd1-photos.leclercdrive.fr/image.ashx?id=2844721&use=l&cat=p&typeid=i","cat":290633},{"id":241915,"n":"Couches culottes Huggies Pull-ups - Taille 6 - x20","p":11.85,"img":"https://fd1-photos.leclercdrive.fr/image.ashx?id=2844724&use=l&cat=p&typeid=i","cat":290633},{"id":241922,"n":"Coffret Biscuits Mère Poulard Mythique - 750g","p":14.03,"u":"18,71 €/KG","img":"https://fd1-photos.leclercdrive.fr/image.ashx?id=2827920&use=l&cat=p&typeid=i","cat":284490},{"id":242214,"n":"Bloc WC Bref Deluxe  Magnolia précieux 2+1","p":2.88,"u":"0,96 €/P","img":"https://fd1-photos.leclercdrive.fr/image.ashx?id=2965022&use=l&cat=p&typeid=i","cat":284662},{"id":242218,"n":"Lingettes Mixa bébé au lait x80","p":3.08,"u":"0,04 €/P","img":"https://fd1-photos.leclercdrive.fr/image.ashx?id=2828079&use=l&cat=p&typeid=i","cat":284738},{"id":242220,"n":"Lingettes Mixa bébé  eau minérale x48","p":2.8,"u":"0,06 €/P","img":"https://fd1-photos.leclercdrive.fr/image.ashx?id=2828082&use=l&cat=p&typeid=i","cat":284738},{"id":242222,"n":"Lingettes Mixa bébé  eau nettoyante x80","p":3.57,"u":"0,04 €/P","img":"https://fd1-photos.leclercdrive.fr/image.ashx?id=2828085&use=l&cat=p&typeid=i","cat":284738},{"id":242226,"n":"Déodorant Mixa Anti-transpirant 48h","p":2.68,"u":"53,60 €/L","img":"https://fd1-photos.leclercdrive.fr/image.ashx?id=2869116&use=l&cat=p&typeid=i","cat":284595},{"id":242229,"n":"Lingettes Mixa bébé Physio x48","p":2.8,"u":"0,06 €/P","img":"https://fd1-photos.leclercdrive.fr/image.ashx?id=2828088&use=l&cat=p&typeid=i","cat":284738},{"id":242235,"n":"Lingettes bébé Cadum  Ultra-douces x48","p":4.38,"u":"0,04 €/P","img":"https://fd1-photos.leclercdrive.fr/image.ashx?id=2828091&use=l&cat=p&typeid=i","cat":284738},{"id":242258,"n":"Laque Elnett 300ml","p":7.59,"u":"25,30 €/L","img":"https://fd1-photos.leclercdrive.fr/image.ashx?id=2828019&use=l&cat=p&typeid=i","cat":284609},{"id":242259,"n":"Laque Elnett fixation forte 300ml","p":7.85,"u":"26,17 €/L","img":"https://fd1-photos.leclercdrive.fr/image.ashx?id=2828016&use=l&cat=p&typeid=i","cat":284609},{"id":242261,"n":"Laque Elnett Fixation normale 400ml","p":9.46,"u":"23,65 €/L","img":"https://fd1-photos.leclercdrive.fr/image.ashx?id=2828025&use=l&cat=p&typeid=i","cat":284609},{"id":242262,"n":"Laque Elnett Fixation forte 400ml","p":10.11,"u":"25,28 €/L","img":"https://fd1-photos.leclercdrive.fr/image.ashx?id=2828022&use=l&cat=p&typeid=i","cat":284609},{"id":242278,"n":"Lait vitaminé Viva Candia Demi-écrémé 8x1L","p":9.9,"u":"1,24 €/L","img":"https://fd1-photos.leclercdrive.fr/image.ashx?id=2891586&use=l&cat=p&typeid=i","cat":284377},{"id":242585,"n":"Girasoli champignons cèpes  TURINI 250G","p":2.49,"u":"9,96 €/KG","img":"https://fd1-photos.leclercdrive.fr/image.ashx?id=2897823&use=l&cat=p&typeid=i","cat":333682},{"id":242587,"n":"Ravioli carbonara TURINI 250G","p":1.77,"u":"7,08 €/KG","img":"https://fd1-photos.leclercdrive.fr/image.ashx?id=2897868&use=l&cat=p&typeid=i","cat":333682},{"id":242616,"n":"Saucisse L'Origine du Gout A la truffe - 100g","p":2.75,"u":"27,50 €/KG","img":"https://fd1-photos.leclercdrive.fr/image.ashx?id=2994408&use=l&cat=p&typeid=i","cat":316007},{"id":242617,"n":"Jambon L'Origine du Gout Cuit à la truffe - 120g","p":2.3,"u":"19,17 €/KG","img":"https://fd1-photos.leclercdrive.fr/image.ashx?id=2840434&use=l&cat=p&typeid=i","cat":316009},{"id":242618,"n":"Cheddar L'Origine du Goût 200g","p":3.49,"u":"17,45 €/KG","img":"https://fd1-photos.leclercdrive.fr/image.ashx?id=2872478&use=l&cat=p&typeid=i","cat":314034},{"id":242619,"n":"Gruyère AOP Suisse L'Origine du Goût 150g","p":5.5,"u":"36,67 €/KG","img":"https://fd1-photos.leclercdrive.fr/image.ashx?id=2829241&use=l&cat=p&typeid=i","cat":314034},{"id":242907,"n":"Gel douche Sanex Zero Essential Peaux sensible 2x47.5ml","p":9.18,"u":"9,66 €/L","img":"https://fd1-photos.leclercdrive.fr/image.ashx?id=2826255&use=l&cat=p&typeid=i","cat":284594},{"id":242942,"n":"Riz basmati Taureau Ailé  Bio - 500g","p":3.37,"u":"6,74 €/KG","img":"https://fd1-photos.leclercdrive.fr/image.ashx?id=2826015&use=l&cat=p&typeid=i","cat":284428},{"id":242950,"n":"Toasts croquants 3 graines Labeyrie - 100g","p":3.1,"u":"31,00 €/KG","img":"https://fd1-photos.leclercdrive.fr/image.ashx?id=2825535&use=l&cat=p&typeid=i","cat":285191},{"id":243311,"n":"Frangipane Sainte Lucie 42% d'amandes - 200g","p":3.83,"u":"19,15 €/KG","img":"https://fd1-photos.leclercdrive.fr/image.ashx?id=2829952&use=l&cat=p&typeid=i","cat":284504},{"id":243688,"n":"Concentré de citron Frucci 75cl","p":1.54,"u":"2,05 €/L","img":"https://fd1-photos.leclercdrive.fr/image.ashx?id=2865308&use=l&cat=p&typeid=i","cat":295020},{"id":243689,"n":"Boisson energisante X-Tense Energisante pina coco - 50cl","p":0.98,"u":"1,96 €/L","img":"https://fd1-photos.leclercdrive.fr/image.ashx?id=2956798&use=l&cat=p&typeid=i","cat":284533},{"id":243962,"n":"Lingettes Decolor Stop Protection couleurs - x22","p":4.35,"img":"https://fd1-photos.leclercdrive.fr/image.ashx?id=2890127&use=l&cat=p&typeid=i","cat":290450},{"id":243963,"n":"Lessive liquide Winni's Savon d'Alep & Verveine 1125ml","p":6.37,"u":"5,66 €/L","img":"https://fd1-photos.leclercdrive.fr/image.ashx?id=2834539&use=l&cat=p&typeid=i","cat":284640},{"id":243964,"n":"Lessive liquide Ecopack Winni's Savon d'Alep et Verveine 1350ml","p":7.43,"u":"5,50 €/L","img":"https://fd1-photos.leclercdrive.fr/image.ashx?id=2834542&use=l&cat=p&typeid=i","cat":284640},{"id":243967,"n":"Lessive liquide Winni's Couleurs Ecolabel 1125ml x25","p":5.93,"u":"5,27 €/L","img":"https://fd1-photos.leclercdrive.fr/image.ashx?id=2834545&use=l&cat=p&typeid=i","cat":284640},{"id":243968,"n":"Lessive liquide Ecopack Winni's Couleurs Ecolabel 1350ml x30","p":6.12,"u":"4,53 €/L","img":"https://fd1-photos.leclercdrive.fr/image.ashx?id=2834548&use=l&cat=p&typeid=i","cat":284640},{"id":243969,"n":"Adoucissant Winni's Fleurs blanches - 775ml - x31","p":2.39,"u":"3,08 €/L","img":"https://fd1-photos.leclercdrive.fr/image.ashx?id=2834551&use=l&cat=p&typeid=i","cat":284650},{"id":243970,"n":"Adoucissant Eco-pack Winni's Fleurs Blanches - 1250ml - x50","p":3.68,"u":"2,94 €/L","img":"https://fd1-photos.leclercdrive.fr/image.ashx?id=2834554&use=l&cat=p&typeid=i","cat":284650},{"id":243971,"n":"Liquide vaisselle Winni's Citron vert - Ecolabel - 500ml","p":1.95,"u":"3,90 €/L","img":"https://fd1-photos.leclercdrive.fr/image.ashx?id=2834557&use=l&cat=p&typeid=i","cat":284655},{"id":243974,"n":"Liquide vaisselle Winni's Eco- Pack Citron vert - 1000ml","p":3.4,"img":"https://fd1-photos.leclercdrive.fr/image.ashx?id=2938734&use=l&cat=p&typeid=i","cat":284655},{"id":243977,"n":"Vinaigre de nettoyage Clair 5L","p":5.01,"u":"1,00 €/L","img":"https://fd1-photos.leclercdrive.fr/image.ashx?id=2834190&use=l&cat=p&typeid=i","cat":325362},{"id":243995,"n":"Croutons saveur ail Pasquier 80g","p":1.04,"u":"13,00 €/KG","img":"https://fd1-photos.leclercdrive.fr/image.ashx?id=2834458&use=l&cat=p&typeid=i","cat":284464},{"id":243996,"n":"Croutons nature Pasquier 80g","p":0.89,"u":"11,13 €/KG","img":"https://fd1-photos.leclercdrive.fr/image.ashx?id=2834461&use=l&cat=p&typeid=i","cat":284464},{"id":244205,"n":"Poêlée de légumes 1kg","p":2.49,"u":"2,49 €/KG","img":"https://fd1-photos.leclercdrive.fr/image.ashx?id=2835048&use=l&cat=p&typeid=i","cat":319823},{"id":244218,"n":"Croquettes Friskies chat adulte Thon Légumes - 3kg","p":8.65,"u":"2,88 €/KG","img":"https://fd1-photos.leclercdrive.fr/image.ashx?id=2835148&use=l&cat=p&typeid=i","cat":284680},{"id":244229,"n":"Croquettes Friskies chat adulte Lapin Poulet Légumes - 1.5kg","p":4.6,"u":"3,07 €/KG","img":"https://fd1-photos.leclercdrive.fr/image.ashx?id=2835160&use=l&cat=p&typeid=i","cat":284680},{"id":244230,"n":"Croquettes Friskies chat adulte Poulet Légumes - 3kg","p":8.86,"u":"2,95 €/KG","img":"https://fd1-photos.leclercdrive.fr/image.ashx?id=2835151&use=l&cat=p&typeid=i","cat":284680},{"id":244234,"n":"Croquettes Friskies chat adulte Saumon Légumes - 1.5kg","p":4.6,"u":"3,07 €/KG","img":"https://fd1-photos.leclercdrive.fr/image.ashx?id=2860586&use=l&cat=p&typeid=i","cat":284680},{"id":244235,"n":"Croquettes Friskies chat adulte  Boeuf Poulet Légumes - 1.5kg","p":4.66,"u":"3,11 €/KG","img":"https://fd1-photos.leclercdrive.fr/image.ashx?id=2835154&use=l&cat=p&typeid=i","cat":284680},{"id":244351,"n":"Shampooing Elsève Color vive 250ml","p":1.93,"u":"7,72 €/L","img":"https://fd1-photos.leclercdrive.fr/image.ashx?id=2989318&use=l&cat=p&typeid=i","cat":284606},{"id":244354,"n":"Shampooing Garnier Ultra doux  Miel - 250ml","p":2.04,"u":"8,16 €/L","img":"https://fd1-photos.leclercdrive.fr/image.ashx?id=2836502&use=l&cat=p&typeid=i","cat":284606},{"id":244356,"n":"Shampooing Garnier Ultra doux  Avocat 250ml","p":2.05,"u":"8,20 €/L","img":"https://fd1-photos.leclercdrive.fr/image.ashx?id=2836499&use=l&cat=p&typeid=i","cat":284606},{"id":244359,"n":"Shampooing Elsève Dream length  250ml","p":3.48,"u":"13,92 €/L","img":"https://fd1-photos.leclercdrive.fr/image.ashx?id=2863614&use=l&cat=p&typeid=i","cat":284606},{"id":244360,"n":"Shampooing Elsève Hyaluronique  250ml","p":3.41,"u":"13,64 €/L","img":"https://fd1-photos.leclercdrive.fr/image.ashx?id=2863617&use=l&cat=p&typeid=i","cat":284606},{"id":245062,"n":"Compotée d'aubergines & blé Cassegrain - 2x375g","p":6.41,"u":"8,55 €/KG","img":"https://fd1-photos.leclercdrive.fr/image.ashx?id=2970843&use=l&cat=p&typeid=i","cat":312612},{"id":245074,"n":"Nouilles instantanées Maggi sauce aigre douce - 128g","p":1.95,"u":"15,23 €/KG","img":"https://fd1-photos.leclercdrive.fr/image.ashx?id=2837628&use=l&cat=p&typeid=i","cat":288992},{"id":245075,"n":"Nouilles instantanées Maggi  sauce Teriyaki - 128g","p":1.95,"u":"15,23 €/KG","img":"https://fd1-photos.leclercdrive.fr/image.ashx?id=2837625&use=l&cat=p&typeid=i","cat":288992},{"id":245076,"n":"Nouilles instantanées Maggi sauce Teriyaki - 75g","p":1.98,"u":"26,40 €/KG","img":"https://fd1-photos.leclercdrive.fr/image.ashx?id=2842966&use=l&cat=p&typeid=i","cat":288992},{"id":245238,"n":"Gousses vanille Tablier Blanc x2 - 4g","p":5.44,"img":"https://fd1-photos.leclercdrive.fr/image.ashx?id=2837701&use=l&cat=p&typeid=i","cat":284504},{"id":245353,"n":"Déodorant spray Ushuaïa Argile baie d'Açaï - 200ml","p":2.53,"u":"12,65 €/L","img":"https://fd1-photos.leclercdrive.fr/image.ashx?id=2839749&use=l&cat=p&typeid=i","cat":284595},{"id":245402,"n":"Gyoza au poulet Tables du Monde x8 - 200g","p":3.2,"u":"16,00 €/KG","img":"https://fd1-photos.leclercdrive.fr/image.ashx?id=2838550&use=l&cat=p&typeid=i","cat":333673},{"id":245403,"n":"Gyoza aux légumes Tables du Monde x8 - 200g","p":3.2,"u":"16,00 €/KG","img":"https://fd1-photos.leclercdrive.fr/image.ashx?id=2838553&use=l&cat=p&typeid=i","cat":333673},{"id":245404,"n":"Nouilles aux légumes Tables du Monde - 300g","p":2.89,"u":"9,63 €/KG","img":"https://fd1-photos.leclercdrive.fr/image.ashx?id=2838556&use=l&cat=p&typeid=i","cat":333673},{"id":245451,"n":"Légumes du soleil & épeautre  Cassegrain - 2x375g","p":6.98,"u":"9,31 €/KG","img":"https://fd1-photos.leclercdrive.fr/image.ashx?id=2970846&use=l&cat=p&typeid=i","cat":312612},{"id":245463,"n":"Soupe douceur d'automne Knorr À la crème fraîche - 2x1L","p":4.89,"pp":3.42,"u":"1,71 €/L","img":"https://fd1-photos.leclercdrive.fr/image.ashx?id=2975939&use=l&cat=p&typeid=i","cat":284462},{"id":245576,"n":"Sauce Pesto vert Panzani au basilic - 2x90g","p":2.8,"u":"15,56 €/KG","img":"https://fd1-photos.leclercdrive.fr/image.ashx?id=2873841&use=l&cat=p&typeid=i","cat":299047},{"id":245579,"n":"Sauce Pesto vert crémeux  Panzani - 190g","p":2.24,"u":"11,79 €/KG","img":"https://fd1-photos.leclercdrive.fr/image.ashx?id=2873838&use=l&cat=p&typeid=i","cat":299047},{"id":245580,"n":"Sauce Arrabbiata Panzani 400g","p":2.29,"u":"5,73 €/KG","img":"https://fd1-photos.leclercdrive.fr/image.ashx?id=2880694&use=l&cat=p&typeid=i","cat":299047},{"id":245582,"n":"Sauce Pesto Panzani poivrons ricotta - 190g","p":2.19,"u":"11,53 €/KG","img":"https://fd1-photos.leclercdrive.fr/image.ashx?id=2873835&use=l&cat=p&typeid=i","cat":299047},{"id":245681,"n":"Tranches Emmental Baguette Président - 8 tranches - 120g","p":2.01,"u":"16,75 €/KG","img":"https://fd1-photos.leclercdrive.fr/image.ashx?id=2840518&use=l&cat=p&typeid=i","cat":314028},{"id":245682,"n":"Tranches Gouda Baguette Président - 8 tranches - 120g","p":2.01,"u":"16,75 €/KG","img":"https://fd1-photos.leclercdrive.fr/image.ashx?id=2840521&use=l&cat=p&typeid=i","cat":314028},{"id":245839,"n":"Taboulé Menu Fraîcheur A l'orientale - 500g","p":0.97,"u":"1,94 €/KG","img":"https://fd1-photos.leclercdrive.fr/image.ashx?id=2816549&use=l&cat=p&typeid=i","cat":326550},{"id":245929,"n":"Tablette chocolat KitKat Caramel salé - 99g","p":2.35,"u":"23,74 €/KG","img":"https://fd1-photos.leclercdrive.fr/image.ashx?id=2990868&use=l&cat=p&typeid=i","cat":284497},{"id":245930,"n":"Tablette KitKat  Double chocolat - 99g","p":2.34,"u":"23,64 €/KG","img":"https://fd1-photos.leclercdrive.fr/image.ashx?id=2990865&use=l&cat=p&typeid=i","cat":284497},{"id":245931,"n":"Tablette chocolat KitKat  Noisette - 99g","p":2.34,"u":"23,64 €/KG","img":"https://fd1-photos.leclercdrive.fr/image.ashx?id=2871046&use=l&cat=p&typeid=i","cat":284497},{"id":246020,"n":"Fromage chaud Le Braison 240g","p":4.13,"u":"17,21 €/KG","img":"https://fd1-photos.leclercdrive.fr/image.ashx?id=2970771&use=l&cat=p&typeid=i","cat":326550},{"id":246201,"n":"Pâtes penné rigaté Eco+ 1kg","p":1.1,"u":"1,10 €/KG","img":"https://fd1-photos.leclercdrive.fr/image.ashx?id=2856736&use=l&cat=p&typeid=i","cat":284427},{"id":246225,"n":"Tablette de chocolat Equador Amandes caramel - 100g","p":1.69,"u":"16,90 €/KG","img":"https://fd1-photos.leclercdrive.fr/image.ashx?id=2843120&use=l&cat=p&typeid=i","cat":284497},{"id":246261,"n":"Shampooing Elseve Hyaluronique - 400ml","p":5.12,"u":"12,80 €/L","img":"https://fd1-photos.leclercdrive.fr/image.ashx?id=2844181&use=l&cat=p&typeid=i","cat":284606},{"id":246262,"n":"Shampooing Elseve Dream long - 400ml","p":4.47,"u":"11,18 €/L","img":"https://fd1-photos.leclercdrive.fr/image.ashx?id=2844187&use=l&cat=p&typeid=i","cat":284606},{"id":246272,"n":"Shampooing Elseve Hyaluronique Pure - 250ml","p":4.18,"u":"16,72 €/L","img":"https://fd1-photos.leclercdrive.fr/image.ashx?id=2981593&use=l&cat=p&typeid=i","cat":284606},{"id":246318,"n":"Tablette de chocolat Equador Blond caramel amandes - 100g","p":1.69,"u":"16,90 €/KG","img":"https://fd1-photos.leclercdrive.fr/image.ashx?id=2843824&use=l&cat=p&typeid=i","cat":284497},{"id":246319,"n":"Tablette de chocolat Equador Noir gianduja - 100g","p":1.49,"u":"14,90 €/KG","img":"https://fd1-photos.leclercdrive.fr/image.ashx?id=2843821&use=l&cat=p&typeid=i","cat":284956},{"id":246327,"n":"Effilés en sauce Purina One Multivarietés - 680g","p":4.68,"u":"6,88 €/KG","img":"https://fd1-photos.leclercdrive.fr/image.ashx?id=2940606&use=l&cat=p&typeid=i","cat":285286},{"id":246330,"n":"Saumon Selection Purina One Junior 1 à 12 mois - 1.5 kg","p":7.42,"u":"4,95 €/KG","img":"https://fd1-photos.leclercdrive.fr/image.ashx?id=2844487&use=l&cat=p&typeid=i","cat":284680},{"id":246331,"n":"Saumon Purina One Mini 85g","p":4.76,"u":"5,60 €/KG","img":"https://fd1-photos.leclercdrive.fr/image.ashx?id=2844484&use=l&cat=p&typeid=i","cat":294526},{"id":246335,"n":"Mini boeuf Purina One Mini 85g","p":4.6,"u":"5,41 €/KG","img":"https://fd1-photos.leclercdrive.fr/image.ashx?id=2844481&use=l&cat=p&typeid=i","cat":284673},{"id":246427,"n":"Soupe deshydratée Knorr Pistou","p":1.39,"u":"17,38 €/KG","img":"https://fd1-photos.leclercdrive.fr/image.ashx?id=2845071&use=l&cat=p&typeid=i","cat":284463},{"id":246466,"n":"Soupe Knorr Pot au feu -14x55g","p":1.43,"u":"1,86 €/KG","img":"https://fd1-photos.leclercdrive.fr/image.ashx?id=2845656&use=l&cat=p&typeid=i","cat":293527},{"id":246496,"n":"Oeufs Plein air Prim'Vert Moyen - x20","p":5.68,"u":"0,28 €/P","img":"https://fd1-photos.leclercdrive.fr/image.ashx?id=2845566&use=l&cat=p&typeid=i","cat":284378},{"id":246498,"n":"Oeufs Plein air Prim'Vert Bio Moyen - x10","p":4.17,"u":"0,42 €/P","img":"https://fd1-photos.leclercdrive.fr/image.ashx?id=2845563&use=l&cat=p&typeid=i","cat":284378},{"id":246546,"n":"Cube allume feu Silex Sans odeur - x40","p":2.35,"u":"0,06 €/P","img":"https://fd1-photos.leclercdrive.fr/image.ashx?id=2849593&use=l&cat=p&typeid=i","cat":300578},{"id":246638,"n":"Riz parfumé Taureau Ailé 1kg","p":2.86,"u":"2,86 €/KG","img":"https://fd1-photos.leclercdrive.fr/image.ashx?id=2846739&use=l&cat=p&typeid=i","cat":284428},{"id":246798,"n":"Thé noir Ethiquable Bio Ayurvédique - 36g","p":2.58,"u":"71,67 €/KG","img":"https://fd1-photos.leclercdrive.fr/image.ashx?id=2870989&use=l&cat=p&typeid=i","cat":293234},{"id":246918,"n":"Lentilles vertes Notre Jardin 600g","p":1.99,"u":"3,32 €/KG","img":"https://fd1-photos.leclercdrive.fr/image.ashx?id=2873177&use=l&cat=p&typeid=i","cat":319805},{"id":246920,"n":"Pois chiches Notre Jardin 600g","p":1.7,"u":"2,83 €/KG","img":"https://fd1-photos.leclercdrive.fr/image.ashx?id=2873180&use=l&cat=p&typeid=i","cat":319805},{"id":246922,"n":"Émincés de poulet rôti  Volandrie thym et citron - 180g","p":3.09,"u":"17,17 €/KG","img":"https://fd1-photos.leclercdrive.fr/image.ashx?id=2847793&use=l&cat=p&typeid=i","cat":284336},{"id":246924,"n":"Émincés de poulet rôti Volandrie - 180g","p":2.99,"u":"16,61 €/KG","img":"https://fd1-photos.leclercdrive.fr/image.ashx?id=2847796&use=l&cat=p&typeid=i","cat":284336},{"id":247058,"n":"Les Mini Galettes Saint Michel Emmental - 100g","p":1.94,"u":"19,40 €/KG","img":"https://fd1-photos.leclercdrive.fr/image.ashx?id=2936278&use=l&cat=p&typeid=i","cat":297000},{"id":247059,"n":"Les minis galettes Saint Michel Comté - 100g","p":1.94,"u":"19,40 €/KG","img":"https://fd1-photos.leclercdrive.fr/image.ashx?id=2936281&use=l&cat=p&typeid=i","cat":297000},{"id":247060,"n":"Les Minis Galettes Saint Michel Tomates herbes de provence 100g","p":1.85,"u":"18,50 €/KG","img":"https://fd1-photos.leclercdrive.fr/image.ashx?id=2936284&use=l&cat=p&typeid=i","cat":297000},{"id":247083,"n":"Mélange Rustica Tournesol & olive - 1L","p":3.39,"u":"3,39 €/L","img":"https://fd1-photos.leclercdrive.fr/image.ashx?id=2900358&use=l&cat=p&typeid=i","cat":284453},{"id":247089,"n":"Mouliné de lentilles Jardin Bio bio 1L","p":3.14,"u":"3,14 €/L","img":"https://fd1-photos.leclercdrive.fr/image.ashx?id=2849947&use=l&cat=p&typeid=i","cat":284462},{"id":247093,"n":"Nouilles curry Jardin Bio 220g","p":2.37,"u":"10,77 €/KG","img":"https://fd1-photos.leclercdrive.fr/image.ashx?id=2849938&use=l&cat=p&typeid=i","cat":284953},{"id":247096,"n":"Pad Thai Jardin Bio bio 220g","p":2.26,"u":"10,27 €/KG","img":"https://fd1-photos.leclercdrive.fr/image.ashx?id=2849935&use=l&cat=p&typeid=i","cat":284953},{"id":247111,"n":"Crème dessert Danette Vanille - 4x125g","p":1.09,"u":"2,18 €/KG","img":"https://fd1-photos.leclercdrive.fr/image.ashx?id=2029487&use=l&cat=p&typeid=i","cat":326550},{"id":247139,"n":"Croutons Tipiak Ail - 150g","p":1.91,"u":"12,73 €/KG","img":"https://fd1-photos.leclercdrive.fr/image.ashx?id=2864089&use=l&cat=p&typeid=i","cat":284464},{"id":247142,"n":"Patée en sauce Purina One Thon et poulet - 340g","p":2.25,"u":"6,62 €/KG","img":"https://fd1-photos.leclercdrive.fr/image.ashx?id=2850207&use=l&cat=p&typeid=i","cat":285286},{"id":247143,"n":"Mini madeleines Saint Michel Provencale - 100g","p":1.94,"u":"19,40 €/KG","img":"https://fd1-photos.leclercdrive.fr/image.ashx?id=2936305&use=l&cat=p&typeid=i","cat":297000},{"id":247155,"n":"Soupe pour chat Felix Sélection de la campagne  4x48g","p":1.73,"u":"6,01 €/KG","img":"https://fd1-photos.leclercdrive.fr/image.ashx?id=2899701&use=l&cat=p&typeid=i","cat":285286},{"id":247261,"n":"Shampooing Elsève Colorvive - 300ml","p":4.18,"u":"13,93 €/L","img":"https://fd1-photos.leclercdrive.fr/image.ashx?id=2850614&use=l&cat=p&typeid=i","cat":284606},{"id":247262,"n":"Shampooing Elsève Hyaluronique - 250ml","p":4.18,"u":"16,72 €/L","img":"https://fd1-photos.leclercdrive.fr/image.ashx?id=2869095&use=l&cat=p&typeid=i","cat":284606},{"id":247263,"n":"Shampooing Elsève Total repair 5 - 300ml","p":4.18,"u":"13,93 €/L","img":"https://fd1-photos.leclercdrive.fr/image.ashx?id=2850617&use=l&cat=p&typeid=i","cat":284606},{"id":247264,"n":"Shampooing Elseve Huile extraordinaire - 250ml","p":4.18,"u":"16,72 €/L","img":"https://fd1-photos.leclercdrive.fr/image.ashx?id=2868690&use=l&cat=p&typeid=i","cat":284606},{"id":247265,"n":"Shampooing Elseve Dream long - 250ml","p":4.18,"u":"16,72 €/L","img":"https://fd1-photos.leclercdrive.fr/image.ashx?id=2850623&use=l&cat=p&typeid=i","cat":284606},{"id":247269,"n":"Shampooing Elseve Nutri gloss - 300ml","p":4.18,"u":"13,93 €/L","img":"https://fd1-photos.leclercdrive.fr/image.ashx?id=2869089&use=l&cat=p&typeid=i","cat":284606},{"id":247270,"n":"Shampooing Elseve Multi-vitaminé - 300ml","p":4.18,"u":"13,93 €/L","img":"https://fd1-photos.leclercdrive.fr/image.ashx?id=2850629&use=l&cat=p&typeid=i","cat":284606},{"id":247271,"n":"Après-shampooing Elseve Color vive - 250ml","p":4.18,"u":"16,72 €/L","img":"https://fd1-photos.leclercdrive.fr/image.ashx?id=2850632&use=l&cat=p&typeid=i","cat":284607},{"id":247273,"n":"Démélant Elseve Hyaluronique Booster hydratation 72h - 200ml","p":4.18,"u":"20,90 €/L","img":"https://fd1-photos.leclercdrive.fr/image.ashx?id=2869092&use=l&cat=p&typeid=i","cat":284607},{"id":247274,"n":"Après-Shampooing Elseve Dream Long - 200ml","p":3.93,"u":"19,65 €/L","img":"https://fd1-photos.leclercdrive.fr/image.ashx?id=2850638&use=l&cat=p&typeid=i","cat":284607},{"id":247275,"n":"Après-shampooing Elseve Nutri gloss - 250ml","p":4.18,"u":"16,72 €/L","img":"https://fd1-photos.leclercdrive.fr/image.ashx?id=2850641&use=l&cat=p&typeid=i","cat":284607},{"id":247373,"n":"Rooibos Ethiquable sans théine  Menthe Afrique du Sud Bio - 40g","p":2.47,"u":"61,75 €/KG","img":"https://fd1-photos.leclercdrive.fr/image.ashx?id=2874060&use=l&cat=p&typeid=i","cat":293234},{"id":247863,"n":"Shampooing Elsève Color vive  2 en 1 - 250ml","p":4.25,"u":"17,00 €/L","img":"https://fd1-photos.leclercdrive.fr/image.ashx?id=2853961&use=l&cat=p&typeid=i","cat":284606},{"id":247865,"n":"Shampooing Elsève Color vive  500ml","p":4.47,"u":"8,94 €/L","img":"https://fd1-photos.leclercdrive.fr/image.ashx?id=2853964&use=l&cat=p&typeid=i","cat":284606},{"id":247866,"n":"Shampooing Elsève Full resist  250ml","p":3.69,"u":"14,76 €/L","img":"https://fd1-photos.leclercdrive.fr/image.ashx?id=2853967&use=l&cat=p&typeid=i","cat":284606},{"id":247867,"n":"Shampooing Elsève Huile  extraordinaire Coco - 250ml","p":4.09,"u":"16,36 €/L","img":"https://fd1-photos.leclercdrive.fr/image.ashx?id=2853970&use=l&cat=p&typeid=i","cat":284606},{"id":247869,"n":"Shampooing Elsève Huile  extraordinaire amla -250ml","p":3.69,"u":"14,76 €/L","img":"https://fd1-photos.leclercdrive.fr/image.ashx?id=2853973&use=l&cat=p&typeid=i","cat":284606},{"id":247871,"n":"Shampooing Elsève  Liss intense -300ml","p":4.27,"u":"14,23 €/L","img":"https://fd1-photos.leclercdrive.fr/image.ashx?id=2853976&use=l&cat=p&typeid=i","cat":284606},{"id":247873,"n":"Shampooing Elsève Fibralogy Volume - 300ml","p":3.97,"u":"13,23 €/L","img":"https://fd1-photos.leclercdrive.fr/image.ashx?id=2870686&use=l&cat=p&typeid=i","cat":284606},{"id":247874,"n":"Savon liquide Le Naturel  Extra pur de Marseille -500ml","p":2.67,"u":"5,34 €/L","img":"https://fd1-photos.leclercdrive.fr/image.ashx?id=2869119&use=l&cat=p&typeid=i","cat":284597},{"id":247877,"n":"Savon liquide Le Naturel Fleur d'oranger - 500ml","p":3.09,"u":"6,18 €/L","img":"https://fd1-photos.leclercdrive.fr/image.ashx?id=2868693&use=l&cat=p&typeid=i","cat":284597},{"id":247878,"n":"Savon liquide Le Natural  Recharge Savon de Marseille -1l","p":4.84,"u":"4,84 €/L","img":"https://fd1-photos.leclercdrive.fr/image.ashx?id=2869122&use=l&cat=p&typeid=i","cat":284597},{"id":247879,"n":"Adoucissant Soupline Concentré Grand air - 1.9L","p":8.9,"u":"4,68 €/L","img":"https://fd1-photos.leclercdrive.fr/image.ashx?id=2966800&use=l&cat=p&typeid=i","cat":284650},{"id":247882,"n":"Shampooing Elsève  Antipelliculaire - 300ml","p":3.84,"u":"12,80 €/L","img":"https://fd1-photos.leclercdrive.fr/image.ashx?id=2853982&use=l&cat=p&typeid=i","cat":284606},{"id":247943,"n":"Fromage Camembert NRT AOP  de Normandie  - 250g","p":2.37,"u":"9,48 €/KG","img":"https://fd1-photos.leclercdrive.fr/image.ashx?id=1962719&use=l&cat=p&typeid=i","cat":326550},{"id":248324,"n":"Eponges L'essentielle Spontex Grattantes - x2","p":1.26,"u":"0,63 €/P","img":"https://fd1-photos.leclercdrive.fr/image.ashx?id=2855936&use=l&cat=p&typeid=i","cat":325894},{"id":248328,"n":"Recharge Crème de douche  Le Petit Marseillais Lait 500ml","p":2.79,"u":"5,58 €/L","img":"https://fd1-photos.leclercdrive.fr/image.ashx?id=2855957&use=l&cat=p&typeid=i","cat":284594},{"id":248330,"n":"Recharge Crème de douche Lait d'amande - 500ml","p":2.77,"u":"5,54 €/L","img":"https://fd1-photos.leclercdrive.fr/image.ashx?id=2855963&use=l&cat=p&typeid=i","cat":284594},{"id":248340,"n":"Recharge Crème de douche Le Petit Marseillais Vanille 500ml","p":2.71,"u":"5,42 €/L","img":"https://fd1-photos.leclercdrive.fr/image.ashx?id=2855966&use=l&cat=p&typeid=i","cat":284594},{"id":248343,"n":"Masque capillaire Fructis Méthode boucles - 370ml","p":6.35,"u":"17,16 €/L","img":"https://fd1-photos.leclercdrive.fr/image.ashx?id=2867107&use=l&cat=p&typeid=i","cat":284608},{"id":248345,"n":"Bandes de cire visage Veet Peaux sensibles - x16","p":4.63,"img":"https://fd1-photos.leclercdrive.fr/image.ashx?id=2901668&use=l&cat=p&typeid=i","cat":325351},{"id":248544,"n":"Ananas Extra Sweet 1p","p":1.99,"img":"https://fd1-photos.leclercdrive.fr/image.ashx?id=2856700&use=l&cat=p&typeid=i","cat":284356},{"id":248545,"n":"Chou-fleur blanc 1p","p":1.79,"img":"https://fd1-photos.leclercdrive.fr/image.ashx?id=1631991&use=l&cat=p&typeid=i","cat":284352},{"id":248546,"n":"Feuille de chêne blonde 1p","p":1.49,"img":"https://fd1-photos.leclercdrive.fr/image.ashx?id=1633646&use=l&cat=p&typeid=i","cat":284352},{"id":248598,"n":"Mangue 1p","p":1.89,"img":"https://fd1-photos.leclercdrive.fr/image.ashx?id=1636371&use=l&cat=p&typeid=i","cat":284356},{"id":248823,"n":"Sauce algérienne Rustica 260g","p":1.67,"u":"6,42 €/KG","img":"https://fd1-photos.leclercdrive.fr/image.ashx?id=2954397&use=l&cat=p&typeid=i","cat":318431},{"id":248827,"n":"Pains au lait Epi d'or x15 - 525g","p":1.78,"u":"3,39 €/KG","img":"https://fd1-photos.leclercdrive.fr/image.ashx?id=2893337&use=l&cat=p&typeid=i","cat":296366},{"id":249020,"n":"Lessive liquide Xéor Fleurs de Cerisiers - 2.2L","p":3.99,"u":"1,81 €/L","img":"https://fd1-photos.leclercdrive.fr/image.ashx?id=2901491&use=l&cat=p&typeid=i","cat":284640},{"id":249021,"n":"Lessive liquide Xéor Savon de Marseille - 1.2L","p":2.12,"u":"1,77 €/L","img":"https://fd1-photos.leclercdrive.fr/image.ashx?id=2901503&use=l&cat=p&typeid=i","cat":284640},{"id":249037,"n":"Spray Huile d'amande douce Biolane 75ml","p":2.49,"u":"33,20 €/L","img":"https://fd1-photos.leclercdrive.fr/image.ashx?id=2893705&use=l&cat=p&typeid=i","cat":284741},{"id":249039,"n":"Lingettes au lait de toilette  Biolane x72","p":3.14,"u":"0,04 €/P","img":"https://fd1-photos.leclercdrive.fr/image.ashx?id=2875381&use=l&cat=p&typeid=i","cat":284738},{"id":249041,"n":"Crème de change dermo-pédiatrie Biolane 100ml","p":2.29,"u":"22,90 €/L","img":"https://fd1-photos.leclercdrive.fr/image.ashx?id=2893702&use=l&cat=p&typeid=i","cat":284741},{"id":249173,"n":"Riz basmati Taureau Ailé 1kg","p":3.59,"u":"3,59 €/KG","img":"https://fd1-photos.leclercdrive.fr/image.ashx?id=2860457&use=l&cat=p&typeid=i","cat":284428},{"id":249597,"n":"Glace Carte d'Or  Fraise et meringue 463g","p":3.07,"pp":2.15,"u":"4,64 €/KG","img":"https://fd1-photos.leclercdrive.fr/image.ashx?id=2861222&use=l&cat=p&typeid=i","cat":284263},{"id":249598,"n":"Glace Carte d'Or Façon smoothie Exotique - 466g","p":3.9,"pp":2.73,"u":"5,86 €/KG","img":"https://fd1-photos.leclercdrive.fr/image.ashx?id=2861210&use=l&cat=p&typeid=i","cat":284263},{"id":249599,"n":"Glace Carte d'Or Façon yaourt  Fruits des bois - 480g","p":3.9,"pp":2.73,"u":"5,69 €/KG","img":"https://fd1-photos.leclercdrive.fr/image.ashx?id=2861219&use=l&cat=p&typeid=i","cat":284263},{"id":249956,"n":"Perles de linge Soupline  Grand air - 460g","p":11.48,"img":"https://fd1-photos.leclercdrive.fr/image.ashx?id=2861833&use=l&cat=p&typeid=i","cat":284650},{"id":249957,"n":"Risotto aux champignons Knorr 175g","p":2.38,"u":"13,60 €/KG","img":"https://fd1-photos.leclercdrive.fr/image.ashx?id=2938349&use=l&cat=p&typeid=i","cat":284428},{"id":249958,"n":"Risotto classique Knorr 12min - 175g","p":2.3,"u":"13,14 €/KG","img":"https://fd1-photos.leclercdrive.fr/image.ashx?id=3011956&use=l&cat=p&typeid=i","cat":284428},{"id":249961,"n":"Risotto aux asperges Knorr 12min - 175g","p":2.38,"u":"13,60 €/KG","img":"https://fd1-photos.leclercdrive.fr/image.ashx?id=2964255&use=l&cat=p&typeid=i","cat":284428},{"id":249962,"n":"Risotto pointe de safran Knorr 12min - 175g","p":1.88,"u":"10,74 €/KG","img":"https://fd1-photos.leclercdrive.fr/image.ashx?id=2918116&use=l&cat=p&typeid=i","cat":284428},{"id":249964,"n":"Gourdes Douceur du Verger Fruits jaunes - 12x90g","p":4.39,"u":"4,06 €/KG","img":"https://fd1-photos.leclercdrive.fr/image.ashx?id=2934790&use=l&cat=p&typeid=i","cat":284508},{"id":249965,"n":"Gourdes Douceur du Verger 12x90g","p":4.19,"u":"3,88 €/KG","img":"https://fd1-photos.leclercdrive.fr/image.ashx?id=2934787&use=l&cat=p&typeid=i","cat":284508},{"id":249966,"n":"Gourdes Douceur du Verger 20x90g","p":4.89,"u":"2,72 €/KG","img":"https://fd1-photos.leclercdrive.fr/image.ashx?id=2934784&use=l&cat=p&typeid=i","cat":284508},{"id":249968,"n":"Pain sandwich nature Harry's  x8 - 360g","p":2.43,"u":"6,75 €/KG","img":"https://fd1-photos.leclercdrive.fr/image.ashx?id=2861503&use=l&cat=p&typeid=i","cat":284477},{"id":249993,"n":"Adoucissant Soupline Concentré Grand air - 880ml","p":3.99,"u":"4,53 €/L","img":"https://fd1-photos.leclercdrive.fr/image.ashx?id=2863920&use=l&cat=p&typeid=i","cat":284650},{"id":249994,"n":"Adoucissant Soupline  Hypoallergenique - 880ml","p":5.34,"u":"6,07 €/L","img":"https://fd1-photos.leclercdrive.fr/image.ashx?id=2863923&use=l&cat=p&typeid=i","cat":284650},{"id":250151,"n":"Sauce frites Rustica 260g","p":1.29,"u":"4,96 €/KG","img":"https://fd1-photos.leclercdrive.fr/image.ashx?id=2954403&use=l&cat=p&typeid=i","cat":318431},{"id":250153,"n":"Sauce burger Rustica 260g","p":1.29,"u":"4,96 €/KG","img":"https://fd1-photos.leclercdrive.fr/image.ashx?id=2954400&use=l&cat=p&typeid=i","cat":318431},{"id":250158,"n":"Crème hydratante So Bio Etic Booster d'éclat Bio 50ml","p":10.17,"u":"203,40 €/L","img":"https://fd1-photos.leclercdrive.fr/image.ashx?id=2863581&use=l&cat=p&typeid=i","cat":325350},{"id":250160,"n":"Sérum hydratation So Bio Etic Booster d'éclat Bio30ml","p":11.42,"u":"380,67 €/L","img":"https://fd1-photos.leclercdrive.fr/image.ashx?id=2863578&use=l&cat=p&typeid=i","cat":325345},{"id":250182,"n":"Sauce tartare Rustica 235g","p":1.13,"u":"4,81 €/KG","img":"https://fd1-photos.leclercdrive.fr/image.ashx?id=2955080&use=l&cat=p&typeid=i","cat":318430},{"id":250187,"n":"Crème douceur nuit So Bio Etic Régénérante - Anesse Bio 50ml","p":10.89,"u":"217,80 €/L","img":"https://fd1-photos.leclercdrive.fr/image.ashx?id=2863587&use=l&cat=p&typeid=i","cat":325345},{"id":250407,"n":"Huile végétale So Bio Etic Ricin Bio équitable - 100ml","p":7.05,"u":"70,50 €/L","img":"https://fd1-photos.leclercdrive.fr/image.ashx?id=2864107&use=l&cat=p&typeid=i","cat":284608},{"id":250409,"n":"Eau micellaire So Bio Etic Peaux sensibles Bio - 300ml","p":3.85,"u":"12,83 €/L","img":"https://fd1-photos.leclercdrive.fr/image.ashx?id=2864098&use=l&cat=p&typeid=i","cat":284603},{"id":250410,"n":"Eau micellaire So Bio Etic Tous types de peaux Bio 300ml","p":3.59,"u":"11,97 €/L","img":"https://fd1-photos.leclercdrive.fr/image.ashx?id=2864095&use=l&cat=p&typeid=i","cat":284603},{"id":250411,"n":"Gel douche So Bio Etic Fleurs de Cerisier Bio - 300ml","p":2.87,"u":"9,57 €/L","img":"https://fd1-photos.leclercdrive.fr/image.ashx?id=2864101&use=l&cat=p&typeid=i","cat":284594},{"id":250412,"n":"Gel douche So Bio Etic Fruits du verger Bio - 300ml","p":2.91,"u":"9,70 €/L","img":"https://fd1-photos.leclercdrive.fr/image.ashx?id=2912275&use=l&cat=p&typeid=i","cat":284594},{"id":250422,"n":"Sauce curry Rustica Curry - 260g","p":1.58,"u":"6,08 €/KG","img":"https://fd1-photos.leclercdrive.fr/image.ashx?id=2955068&use=l&cat=p&typeid=i","cat":318430},{"id":250425,"n":"Crème soin jour visage Nivea Anti-tâches SPF50 - 40ml","p":16.65,"u":"416,25 €/L","img":"https://fd1-photos.leclercdrive.fr/image.ashx?id=2985501&use=l&cat=p&typeid=i","cat":325345},{"id":250431,"n":"Adoucissant Soupline concentré  Hypoallergénique - 1900 ml","p":9.18,"u":"4,83 €/L","img":"https://fd1-photos.leclercdrive.fr/image.ashx?id=2864230&use=l&cat=p&typeid=i","cat":284650},{"id":250432,"n":"Adoucissant Soupline Concentré  Lavande relaxante  1,9 L","p":8.31,"u":"4,37 €/L","img":"https://fd1-photos.leclercdrive.fr/image.ashx?id=2864227&use=l&cat=p&typeid=i","cat":284650},{"id":250433,"n":"Adoucissant  Soupline concentré Coco Envoûtant - 835ml","p":4.96,"u":"5,94 €/L","img":"https://fd1-photos.leclercdrive.fr/image.ashx?id=2864224&use=l&cat=p&typeid=i","cat":284650},{"id":250435,"n":"Adoucissant concentré Soupline Ultra Vanille - 835ml","p":4.96,"u":"5,94 €/L","img":"https://fd1-photos.leclercdrive.fr/image.ashx?id=2864221&use=l&cat=p&typeid=i","cat":284650},{"id":250744,"n":"Fromage Caprice des Anges  Frais et Fondant - 200g","p":2.31,"u":"11,55 €/KG","img":"https://fd1-photos.leclercdrive.fr/image.ashx?id=2734837&use=l&cat=p&typeid=i","cat":326550},{"id":250853,"n":"Oeuf de Pâques craquant Choco noisette - Erhard - 500g","p":14.53,"u":"29,06 €/KG","img":"https://fd1-photos.leclercdrive.fr/image.ashx?id=2867473&use=l&cat=p&typeid=i","cat":284266},{"id":250856,"n":"Steaks végétal Végé Blé & Pois x2 - 200g","p":2.99,"u":"14,95 €/KG","img":"https://fd1-photos.leclercdrive.fr/image.ashx?id=2932686&use=l&cat=p&typeid=i","cat":316036},{"id":250862,"n":"Panés epinards  Fromages - 2x90g","p":1.88,"u":"1,04 €/L","img":"https://fd1-photos.leclercdrive.fr/image.ashx?id=2932677&use=l&cat=p&typeid=i","cat":316036},{"id":251507,"n":"Barre protéine fraise ISOSTAR énergétique - 3x35 - 105g","p":4.15,"u":"39,52 €/KG","img":"https://fd1-photos.leclercdrive.fr/image.ashx?id=2867683&use=l&cat=p&typeid=i","cat":318652},{"id":251522,"n":"Boisson énergisante Celsius Pêche - 35,5cl","p":1.4,"u":"3,94 €/L","img":"https://fd1-photos.leclercdrive.fr/image.ashx?id=2905021&use=l&cat=p&typeid=i","cat":284533},{"id":251533,"n":"Sarrasin lentilles rosées Bio Happy Bio - Mélange 500g","p":3.22,"u":"6,44 €/KG","img":"https://fd1-photos.leclercdrive.fr/image.ashx?id=2867413&use=l&cat=p&typeid=i","cat":284430},{"id":251990,"n":"Patch invisible visage Garnier Anti-acné - x22","p":9.98,"img":"https://fd1-photos.leclercdrive.fr/image.ashx?id=3000794&use=l&cat=p&typeid=i","cat":325345},{"id":251994,"n":"Lingettes intimes bébé Huggies All over clean - x56","p":1.6,"img":"https://fd1-photos.leclercdrive.fr/image.ashx?id=2904979&use=l&cat=p&typeid=i","cat":284738},{"id":251996,"n":"Perles de linge Soupline Adoucissant - Vanille - 230g","p":6.62,"u":"28,78 €/KG","img":"https://fd1-photos.leclercdrive.fr/image.ashx?id=2868608&use=l&cat=p&typeid=i","cat":284650},{"id":252005,"n":"Spray nasal Biolane Eaux thermale et mer - 100ml","p":4.55,"u":"45,50 €/L","img":"https://fd1-photos.leclercdrive.fr/image.ashx?id=2903224&use=l&cat=p&typeid=i","cat":289435},{"id":252006,"n":"Nettoyant visage Revitalift Hydratant et lissant - 150ml","p":7.2,"u":"48,00 €/L","img":"https://fd1-photos.leclercdrive.fr/image.ashx?id=2874006&use=l&cat=p&typeid=i","cat":284603},{"id":252009,"n":"Lessive liquide Skip Active clean - x40 - 1.68L","p":12.66,"u":"7,54 €/L","img":"https://fd1-photos.leclercdrive.fr/image.ashx?id=2908393&use=l&cat=p&typeid=i","cat":284640},{"id":252010,"n":"Lessive liquide Skip Fraîcheur intense - x40 - 1.68L","p":11.57,"u":"6,89 €/L","img":"https://fd1-photos.leclercdrive.fr/image.ashx?id=2940657&use=l&cat=p&typeid=i","cat":284640},{"id":252097,"n":"Lessive Liquide SKIP Touche de Cajoline x37 lavages","p":12.75,"u":"8,20 €/L","img":"https://fd1-photos.leclercdrive.fr/image.ashx?id=2940660&use=l&cat=p&typeid=i","cat":284640},{"id":252112,"n":"Soin anti-tâches L'Oréal Paris Bright Reveal SPF50+ - 50ml","p":19.98,"u":"399,60 €/L","img":"https://fd1-photos.leclercdrive.fr/image.ashx?id=2903428&use=l&cat=p&typeid=i","cat":325345},{"id":252113,"n":"Fluide anti-uv L'Oréal Medium SPF50 50ml","p":17.98,"u":"359,60 €/L","img":"https://fd1-photos.leclercdrive.fr/image.ashx?id=2874009&use=l&cat=p&typeid=i","cat":325345},{"id":252119,"n":"Gel moussant purifiant L'Oréal Men Expert - 260ml","p":10.92,"u":"42,00 €/L","img":"https://fd1-photos.leclercdrive.fr/image.ashx?id=2874012&use=l&cat=p&typeid=i","cat":284622},{"id":252125,"n":"Soin hydratant L'Oréal Matifiant - SPF30 - 40ml","p":11.57,"u":"289,25 €/L","img":"https://fd1-photos.leclercdrive.fr/image.ashx?id=3008785&use=l&cat=p&typeid=i","cat":284622},{"id":252127,"n":"Sérum anti-imperfection L'oréal Men expert - 30ml","p":13.98,"u":"466,00 €/L","img":"https://fd1-photos.leclercdrive.fr/image.ashx?id=2874021&use=l&cat=p&typeid=i","cat":284622},{"id":252128,"n":"Spray nettoyant multi-usage CIF Infinite+Clean Protection 280ml","p":4.5,"u":"16,07 €/MT","img":"https://fd1-photos.leclercdrive.fr/image.ashx?id=2948543&use=l&cat=p&typeid=i","cat":325357},{"id":252129,"n":"Spray nettoyant multi-usage Cif  Infinite+Clean Brillance-280ml","p":4.18,"u":"14,93 €/L","img":"https://fd1-photos.leclercdrive.fr/image.ashx?id=2872234&use=l&cat=p&typeid=i","cat":325357},{"id":252133,"n":"Spray nettoyant multi-usage CIF Infinite+Clean 280ml","p":4.24,"u":"15,14 €/L","img":"https://fd1-photos.leclercdrive.fr/image.ashx?id=2948546&use=l&cat=p&typeid=i","cat":325357},{"id":252134,"n":"Recharge Spray nettoyant CIF Infinite+Clean Protection 590ml","p":4.99,"u":"8,46 €/L","img":"https://fd1-photos.leclercdrive.fr/image.ashx?id=2948549&use=l&cat=p&typeid=i","cat":325357},{"id":252137,"n":"Recharge Spray nettoyant CIF Infinite+Clean 590ml","p":4.71,"u":"7,98 €/L","img":"https://fd1-photos.leclercdrive.fr/image.ashx?id=2974066&use=l&cat=p&typeid=i","cat":325357},{"id":252145,"n":"Fromage pour salade Eco+ 23%MG 200g","p":1.69,"u":"8,45 €/KG","img":"https://fd1-photos.leclercdrive.fr/image.ashx?id=2874820&use=l&cat=p&typeid=i","cat":314027},{"id":252575,"n":"Pizza Bomba Italpizza Double Salamino - 465g","p":4.89,"u":"10,52 €/KG","img":"https://fd1-photos.leclercdrive.fr/image.ashx?id=2871220&use=l&cat=p&typeid=i","cat":284256},{"id":252576,"n":"Pizza Bomba Italpizza 7 formaggi - 450g","p":4.89,"u":"10,87 €/KG","img":"https://fd1-photos.leclercdrive.fr/image.ashx?id=2871217&use=l&cat=p&typeid=i","cat":284256},{"id":252787,"n":"Stick lèvres Labello Sun protect - SPF50 - x1","p":5.16,"img":"https://fd1-photos.leclercdrive.fr/image.ashx?id=3000647&use=l&cat=p&typeid=i","cat":285485},{"id":252808,"n":"Gel douche enfants L'Abre Vert Corps & cheveux Framboise 720ml","p":4.46,"u":"6,19 €/L","img":"https://fd1-photos.leclercdrive.fr/image.ashx?id=2950300&use=l&cat=p&typeid=i","cat":284594},{"id":252809,"n":"Spray Crème solaire Nivea Sun Hydrate - SPF30 - 200ml","p":9.8,"u":"49,00 €/L","img":"https://fd1-photos.leclercdrive.fr/image.ashx?id=2872066&use=l&cat=p&typeid=i","cat":325355},{"id":252810,"n":"Spray crème solaire Nivea Sun Corps - SPF50+ - 200ml","p":12.85,"u":"64,25 €/L","img":"https://fd1-photos.leclercdrive.fr/image.ashx?id=2986786&use=l&cat=p&typeid=i","cat":325355},{"id":252811,"n":"Lait corps Nivea Nourrissant Peaux sèches 250ml","p":4.24,"u":"21,20 €/L","img":"https://fd1-photos.leclercdrive.fr/image.ashx?id=3005233&use=l&cat=p&typeid=i","cat":325349},{"id":252813,"n":"Lait corps Nivea Douceur - 400ml","p":5.22,"u":"13,05 €/L","img":"https://fd1-photos.leclercdrive.fr/image.ashx?id=3014623&use=l&cat=p&typeid=i","cat":325349},{"id":252814,"n":"Crème visage corps mains Nivea Repair & care - 400ml","p":5.19,"pp":3.43,"u":"8,58 €/L","img":"https://fd1-photos.leclercdrive.fr/image.ashx?id=2872078&use=l&cat=p&typeid=i","cat":325350},{"id":253235,"n":"Crème de douche Corine de Farme Vanille - Soin surgras 500ml","p":3.36,"u":"6,72 €/L","img":"https://fd1-photos.leclercdrive.fr/image.ashx?id=2878006&use=l&cat=p&typeid=i","cat":284594},{"id":253339,"n":"Croque Monsieur Herta Chèvre jambon - 310g","p":2.59,"u":"8,35 €/KG","img":"https://fd1-photos.leclercdrive.fr/image.ashx?id=2877745&use=l&cat=p&typeid=i","cat":333671},{"id":253342,"n":"Croque-Monsieur Herta  Maxi Montagnard x2 - 310g","p":2.59,"u":"8,35 €/KG","img":"https://fd1-photos.leclercdrive.fr/image.ashx?id=2877748&use=l&cat=p&typeid=i","cat":333671},{"id":253491,"n":"Bière blonde La Bise Brasserie Duyck - 75cl","p":2.89,"u":"3,85 €/L","img":"https://fd1-photos.leclercdrive.fr/image.ashx?id=2875372&use=l&cat=p&typeid=i","cat":334852},{"id":253514,"n":"Brosse à dents enfant Dentamyl Clignotante - Jaune x1","p":1.99,"img":"https://fd1-photos.leclercdrive.fr/image.ashx?id=2878669&use=l&cat=p&typeid=i","cat":288897},{"id":253516,"n":"Brosse à dents enfant Dentamyl Clignotante - Vert  x1","p":1.99,"img":"https://fd1-photos.leclercdrive.fr/image.ashx?id=2878672&use=l&cat=p&typeid=i","cat":288897},{"id":253571,"n":"Bols Mots d'Enfants - 2x200g  Tomates, pâtes et boeuf dès 8M","p":2.39,"u":"5,98 €/KG","img":"https://fd1-photos.leclercdrive.fr/image.ashx?id=2892358&use=l&cat=p&typeid=i","cat":312236},{"id":253575,"n":"Bols Mots d'Enfants - 2x200g  Parmentier de cabillaud dès 8M","p":2.09,"u":"5,23 €/KG","img":"https://fd1-photos.leclercdrive.fr/image.ashx?id=2892361&use=l&cat=p&typeid=i","cat":312236},{"id":253581,"n":"Bols Mots d'Enfants - 2x200g  Purée de légumes dès 8M","p":1.69,"u":"4,23 €/KG","img":"https://fd1-photos.leclercdrive.fr/image.ashx?id=2892364&use=l&cat=p&typeid=i","cat":312236},{"id":253677,"n":"Bols Mots d'Enfants - 2x200g  Pâtes, épinards et crème dès 8M","p":2.29,"u":"5,73 €/KG","img":"https://fd1-photos.leclercdrive.fr/image.ashx?id=2892367&use=l&cat=p&typeid=i","cat":312236},{"id":253678,"n":"Assiette Mots d'Enfants - 230g Spaghetti bolognaise dès 12M","p":1.39,"u":"6,04 €/KG","img":"https://fd1-photos.leclercdrive.fr/image.ashx?id=2898050&use=l&cat=p&typeid=i","cat":312237},{"id":253679,"n":"Assiette Mots d'Enfants - 230g Hachis parmentier dès 12M","p":1.39,"u":"6,04 €/KG","img":"https://fd1-photos.leclercdrive.fr/image.ashx?id=2892370&use=l&cat=p&typeid=i","cat":312237},{"id":253682,"n":"Assiette Mots d'Enfants - 230g Légumes et macaroni dès 12M","p":1.39,"u":"6,04 €/KG","img":"https://fd1-photos.leclercdrive.fr/image.ashx?id=2892373&use=l&cat=p&typeid=i","cat":312237},{"id":253683,"n":"Assiette Mots d'Enfants - 250g Pommes de terre, poulet dès 15M","p":1.59,"u":"6,36 €/KG","img":"https://fd1-photos.leclercdrive.fr/image.ashx?id=2898053&use=l&cat=p&typeid=i","cat":312238},{"id":253684,"n":"Assiette Mots d'Enfants - 250g Pâtes, tomate et jambon dès 15M","p":1.59,"u":"6,36 €/KG","img":"https://fd1-photos.leclercdrive.fr/image.ashx?id=2892376&use=l&cat=p&typeid=i","cat":312238},{"id":253687,"n":"Assiette Mots d'Enfants - 250g Légumes et patate douce dès 15M","p":1.59,"u":"6,36 €/KG","img":"https://fd1-photos.leclercdrive.fr/image.ashx?id=2892388&use=l&cat=p&typeid=i","cat":312238},{"id":253689,"n":"Assiette Mots d'Enfants - 250g Pdt, fondue de poireaux dès 15M","p":1.59,"u":"6,36 €/KG","img":"https://fd1-photos.leclercdrive.fr/image.ashx?id=2892379&use=l&cat=p&typeid=i","cat":312238},{"id":253691,"n":"Assiette Mots d'Enfants - 250g Pâtes boeuf bourguignon dès 18M","p":1.69,"u":"6,76 €/KG","img":"https://fd1-photos.leclercdrive.fr/image.ashx?id=2892382&use=l&cat=p&typeid=i","cat":312238},{"id":253694,"n":"Assiette Mots d'Enfants - 250g Blanquette de volaille dès 18M","p":1.69,"u":"6,76 €/KG","img":"https://fd1-photos.leclercdrive.fr/image.ashx?id=2898056&use=l&cat=p&typeid=i","cat":312238},{"id":253698,"n":"Assiette Mots d'Enfants - 250g Carottes pâtes épinards dès 18M","p":1.69,"u":"6,76 €/KG","img":"https://fd1-photos.leclercdrive.fr/image.ashx?id=2898059&use=l&cat=p&typeid=i","cat":312238},{"id":253699,"n":"Assiette Mots d'Enfants - 250g Ratatouille et boulgour dès 18M","p":1.69,"u":"6,76 €/KG","img":"https://fd1-photos.leclercdrive.fr/image.ashx?id=2892385&use=l&cat=p&typeid=i","cat":312238},{"id":253999,"n":"Chewing gum Mentos pure fresh Limonade sans sucres x50 - 100g","p":3.36,"u":"33,60 €/KG","img":"https://fd1-photos.leclercdrive.fr/image.ashx?id=3010795&use=l&cat=p&typeid=i","cat":304251},{"id":254050,"n":"Bière Desperados Sunlight citron citron vert 3x33cl","p":3.9,"pp":2.57,"u":"2,60 €/L","img":"https://fd1-photos.leclercdrive.fr/image.ashx?id=2977987&use=l&cat=p&typeid=i","cat":334878},{"id":254381,"n":"Lait vitaminé Lactel Vita'Vie 1.0% MG - 6x1L","p":7.08,"u":"1,18 €/L","img":"https://fd1-photos.leclercdrive.fr/image.ashx?id=2951827&use=l&cat=p&typeid=i","cat":317169},{"id":254391,"n":"Boisson énergisante Red Bull Zéro, 250ml","p":1.09,"u":"4,36 €/L","img":"https://fd1-photos.leclercdrive.fr/image.ashx?id=2877313&use=l&cat=p&typeid=i","cat":284533},{"id":254824,"n":"IGP Pays d'Oc rosé Bleu de Mer - 75cl","p":4.89,"u":"6,52 €/L","img":"https://fd1-photos.leclercdrive.fr/image.ashx?id=2876863&use=l&cat=p&typeid=i","cat":289558},{"id":254888,"n":"Monster Rio punch 50cl","p":1.59,"u":"3,18 €/L","img":"https://fd1-photos.leclercdrive.fr/image.ashx?id=2877067&use=l&cat=p&typeid=i","cat":284533},{"id":254941,"n":"Bâtonnets Häagen-Dazs Cracking Macadamia x3 - 201g","p":3.5,"u":"17,41 €/KG","img":"https://fd1-photos.leclercdrive.fr/image.ashx?id=2876599&use=l&cat=p&typeid=i","cat":284265},{"id":254943,"n":"Bâtonnets Häagen-Dazs Salted Caramel x3 - 204g","p":3.49,"u":"17,11 €/KG","img":"https://fd1-photos.leclercdrive.fr/image.ashx?id=2876608&use=l&cat=p&typeid=i","cat":284265},{"id":254944,"n":"Bâtonnets Häagen-Dazs  Cookies & Cream x3 - 192g","p":3.84,"u":"20,00 €/KG","img":"https://fd1-photos.leclercdrive.fr/image.ashx?id=2876602&use=l&cat=p&typeid=i","cat":284265},{"id":255141,"n":"Brosse à dents enfant Dentamyl Clignotante - Rose x1","p":1.99,"img":"https://fd1-photos.leclercdrive.fr/image.ashx?id=2878678&use=l&cat=p&typeid=i","cat":288897},{"id":255191,"n":"Préservatif Durex Nude - XL - x10","p":9.14,"img":"https://fd1-photos.leclercdrive.fr/image.ashx?id=2901677&use=l&cat=p&typeid=i","cat":284631},{"id":255195,"n":"Préservatifs Durex Feeling - XL - x12","p":6.97,"img":"https://fd1-photos.leclercdrive.fr/image.ashx?id=2878789&use=l&cat=p&typeid=i","cat":284631},{"id":255197,"n":"Préservatifs Durex Classic jeans - x12","p":5.94,"img":"https://fd1-photos.leclercdrive.fr/image.ashx?id=2878792&use=l&cat=p&typeid=i","cat":284631},{"id":255199,"n":"Préservatifs Durex Classic Jeans - XL - x12","p":5.98,"img":"https://fd1-photos.leclercdrive.fr/image.ashx?id=2964983&use=l&cat=p&typeid=i","cat":284631},{"id":255202,"n":"Préservatifs Durex Extra protect - x12","p":5.15,"img":"https://fd1-photos.leclercdrive.fr/image.ashx?id=2878801&use=l&cat=p&typeid=i","cat":284631},{"id":255353,"n":"Laque Syoss Tenue Ultra Max hold - 300ml","p":3.15,"u":"10,50 €/L","img":"https://fd1-photos.leclercdrive.fr/image.ashx?id=2878831&use=l&cat=p&typeid=i","cat":284609},{"id":255356,"n":"Laque Syoss Volume - 300ml","p":3.15,"u":"10,50 €/L","img":"https://fd1-photos.leclercdrive.fr/image.ashx?id=2878834&use=l&cat=p&typeid=i","cat":284609},{"id":255515,"n":"Café en grains Grand-mère Puissant - 1kg","p":17.09,"u":"17,09 €/KG","img":"https://fd1-photos.leclercdrive.fr/image.ashx?id=2880585&use=l&cat=p&typeid=i","cat":293237},{"id":255516,"n":"Café en grains Grand-mère Equilibré - 1kg","p":17.09,"u":"17,09 €/KG","img":"https://fd1-photos.leclercdrive.fr/image.ashx?id=2880588&use=l&cat=p&typeid=i","cat":293237},{"id":255669,"n":"Recharge Gel douche Pêche Blanche bio & Nectar 500ml","p":2.69,"u":"5,38 €/L","img":"https://fd1-photos.leclercdrive.fr/image.ashx?id=2880411&use=l&cat=p&typeid=i","cat":284594},{"id":255720,"n":"Crème dessert protéinée Sport Chocolat 4x125g","p":2.35,"u":"4,70 €/KG","img":"https://fd1-photos.leclercdrive.fr/image.ashx?id=2900196&use=l&cat=p&typeid=i","cat":285041},{"id":255724,"n":"Crème dessert protéinée Sport Vanille 4x125g","p":2.35,"u":"4,70 €/KG","img":"https://fd1-photos.leclercdrive.fr/image.ashx?id=2900199&use=l&cat=p&typeid=i","cat":285041},{"id":256001,"n":"Déodorant stick Dove Pour tout Le corps - Framboise - 24h 75ml","p":5.2,"u":"69,33 €/L","img":"https://fd1-photos.leclercdrive.fr/image.ashx?id=2894563&use=l&cat=p&typeid=i","cat":284595},{"id":256005,"n":"Déodorant crème Dove Pour tout Le corps - 72h Framboise - 75ml","p":4.19,"u":"55,87 €/L","img":"https://fd1-photos.leclercdrive.fr/image.ashx?id=2894572&use=l&cat=p&typeid=i","cat":284595},{"id":256062,"n":"Mayonnaise La Fraîch'Touch 125g","p":1.84,"u":"14,72 €/KG","img":"https://fd1-photos.leclercdrive.fr/image.ashx?id=2953902&use=l&cat=p&typeid=i","cat":284382},{"id":256306,"n":"Isey Skyr Fraise - 400g","p":2.14,"u":"5,35 €/KG","img":"https://fd1-photos.leclercdrive.fr/image.ashx?id=2601193&use=l&cat=p&typeid=i","cat":326550},{"id":256440,"n":"Panés de colin d'Alaska Marie - 280g","p":3.99,"u":"14,25 €/KG","img":"https://fd1-photos.leclercdrive.fr/image.ashx?id=2881849&use=l&cat=p&typeid=i","cat":333665},{"id":256442,"n":"Chili con carné riz Marie - 300g","p":4.11,"u":"13,70 €/KG","img":"https://fd1-photos.leclercdrive.fr/image.ashx?id=2881846&use=l&cat=p&typeid=i","cat":333665},{"id":256536,"n":"Nectar Bio Pressade Pomme - 6x20cl","p":2.53,"u":"2,11 €/L","img":"https://fd1-photos.leclercdrive.fr/image.ashx?id=2882752&use=l&cat=p&typeid=i","cat":284522},{"id":256711,"n":"Chili sin carne Côté Table 300g","p":2.49,"u":"8,30 €/KG","img":"https://fd1-photos.leclercdrive.fr/image.ashx?id=2882249&use=l&cat=p&typeid=i","cat":284953},{"id":256779,"n":"Déodorant femme Ushuaïa Vanille apaisante - 2x200ml","p":7.65,"u":"19,13 €/L","img":"https://fd1-photos.leclercdrive.fr/image.ashx?id=2883086&use=l&cat=p&typeid=i","cat":284595},{"id":256783,"n":"Laque Elnett Cheveux secs - 300ml","p":7.87,"u":"26,23 €/L","img":"https://fd1-photos.leclercdrive.fr/image.ashx?id=2883152&use=l&cat=p&typeid=i","cat":284609},{"id":256825,"n":"Tajine boulgour Jardin Bio Poulet olive citron 220g","p":2.98,"u":"13,55 €/KG","img":"https://fd1-photos.leclercdrive.fr/image.ashx?id=2883582&use=l&cat=p&typeid=i","cat":284953},{"id":256826,"n":"Croquettes chat Edgard & Cooper Saumon - 750g","p":7.95,"u":"10,60 €/KG","img":"https://fd1-photos.leclercdrive.fr/image.ashx?id=2891265&use=l&cat=p&typeid=i","cat":284680},{"id":256828,"n":"Tartelette Jardin Bio 150g","p":2.55,"u":"17,00 €/KG","img":"https://fd1-photos.leclercdrive.fr/image.ashx?id=2883585&use=l&cat=p&typeid=i","cat":284488},{"id":256833,"n":"Biscuit Jardin Bio Le Petit Céréalier - 155g","p":1.67,"u":"10,77 €/KG","img":"https://fd1-photos.leclercdrive.fr/image.ashx?id=2883588&use=l&cat=p&typeid=i","cat":284487},{"id":257012,"n":"Mozzarella râpée Cantadora 150g","p":2.3,"u":"15,33 €/KG","img":"https://fd1-photos.leclercdrive.fr/image.ashx?id=2883600&use=l&cat=p&typeid=i","cat":314035},{"id":257013,"n":"Le Crémeux Soignon 300g","p":4.1,"u":"13,67 €/KG","img":"https://fd1-photos.leclercdrive.fr/image.ashx?id=2883597&use=l&cat=p&typeid=i","cat":314031},{"id":257022,"n":"Diffuseur Raid Max Night & Day Anti-moustiques - 27ml","p":10.93,"u":"Dont 0,05 € d'éco-part.","img":"https://fd1-photos.leclercdrive.fr/image.ashx?id=2967388&use=l&cat=p&typeid=i","cat":298368},{"id":257034,"n":"Spray Autan Family care Anti-moustiques - 100ml","p":4.65,"u":"46,50 €/L","img":"https://fd1-photos.leclercdrive.fr/image.ashx?id=2884744&use=l&cat=p&typeid=i","cat":299654},{"id":257036,"n":"Spray enfant Autan Anti-moustiques - 100ml","p":6.99,"u":"69,90 €/L","img":"https://fd1-photos.leclercdrive.fr/image.ashx?id=2884735&use=l&cat=p&typeid=i","cat":299654},{"id":257038,"n":"Gel douche homme Axe Supreme Provocation - 5-en-1 - 400ml","p":3.05,"u":"7,63 €/L","img":"https://fd1-photos.leclercdrive.fr/image.ashx?id=2884924&use=l&cat=p&typeid=i","cat":284619},{"id":257039,"n":"Gel douche homme Axe supreme Dark temptation 5-en-1 - 400m","p":3.05,"u":"7,63 €/L","img":"https://fd1-photos.leclercdrive.fr/image.ashx?id=2884921&use=l&cat=p&typeid=i","cat":284619},{"id":257041,"n":"Gel douche homme Axe supreme Re-load - 5en-1 - 250ml","p":2.4,"u":"9,60 €/L","img":"https://fd1-photos.leclercdrive.fr/image.ashx?id=2884927&use=l&cat=p&typeid=i","cat":284619},{"id":257043,"n":"Gel douche homme Axe Black vanilla - 225ml","p":2.4,"u":"10,67 €/L","img":"https://fd1-photos.leclercdrive.fr/image.ashx?id=2908387&use=l&cat=p&typeid=i","cat":284619},{"id":257045,"n":"Gel douche homme Axe supreme Lendemain difficile - 400ml","p":3.05,"u":"7,63 €/L","img":"https://fd1-photos.leclercdrive.fr/image.ashx?id=2884918&use=l&cat=p&typeid=i","cat":284619},{"id":257046,"n":"Gel douche homme Axe Cherry fizz - 225ml","p":2.39,"u":"10,62 €/L","img":"https://fd1-photos.leclercdrive.fr/image.ashx?id=2908390&use=l&cat=p&typeid=i","cat":284619},{"id":257049,"n":"Déodorant spray homme Axe Cherry fizz - 150ml","p":4.2,"u":"28,00 €/L","img":"https://fd1-photos.leclercdrive.fr/image.ashx?id=3011953&use=l&cat=p&typeid=i","cat":284618},{"id":257050,"n":"Déodorant spray homme Axe Cocoa velvet - 150ml","p":5.14,"u":"34,27 €/L","img":"https://fd1-photos.leclercdrive.fr/image.ashx?id=2896468&use=l&cat=p&typeid=i","cat":284618},{"id":257051,"n":"Déodorant spray homme Axe Gold caramel billionaire 200ml","p":4.64,"u":"23,20 €/L","img":"https://fd1-photos.leclercdrive.fr/image.ashx?id=2884903&use=l&cat=p&typeid=i","cat":284618},{"id":257074,"n":"Gnocchi à poêler Lustucru Extra jambon fromage 300g","p":2.09,"u":"6,97 €/KG","img":"https://fd1-photos.leclercdrive.fr/image.ashx?id=2884387&use=l&cat=p&typeid=i","cat":333682},{"id":257076,"n":"Gnocchi à poêler Lustucru Extra fromage 300g","p":2.18,"u":"7,27 €/KG","img":"https://fd1-photos.leclercdrive.fr/image.ashx?id=2886013&use=l&cat=p&typeid=i","cat":333682},{"id":257077,"n":"Fromage enfant Mini Babybel  16 portions goûter - 352g","p":6.07,"u":"17,24 €/KG","img":"https://fd1-photos.leclercdrive.fr/image.ashx?id=2935840&use=l&cat=p&typeid=i","cat":314030},{"id":257201,"n":"Préservatifs Durex Intensity - x10","p":11.14,"img":"https://fd1-photos.leclercdrive.fr/image.ashx?id=2962035&use=l&cat=p&typeid=i","cat":284631},{"id":257202,"n":"Préservatifs Durex Intensity XL - x10","p":11.04,"img":"https://fd1-photos.leclercdrive.fr/image.ashx?id=2964670&use=l&cat=p&typeid=i","cat":284631},{"id":257214,"n":"Capsules lave-vaisselle Finish Quantum Citron - x30 - 312g","p":6.59,"u":"21,12 €/KG","img":"https://fd1-photos.leclercdrive.fr/image.ashx?id=2926618&use=l&cat=p&typeid=i","cat":284656},{"id":257215,"n":"Capsules lave-vaisselle Finish Quantum - x30 - 312g","p":6.97,"u":"22,34 €/KG","img":"https://fd1-photos.leclercdrive.fr/image.ashx?id=2884627&use=l&cat=p&typeid=i","cat":284656},{"id":257217,"n":"Capsules lave-vaisselle Finish Ultimate citron - x26 - 335g","p":7.53,"u":"22,54 €/KG","img":"https://fd1-photos.leclercdrive.fr/image.ashx?id=2884630&use=l&cat=p&typeid=i","cat":284656},{"id":257218,"n":"Capsules lave-vaisselle Finish Ultimate - x26 - 335g","p":7.34,"u":"21,91 €/KG","img":"https://fd1-photos.leclercdrive.fr/image.ashx?id=2884633&use=l&cat=p&typeid=i","cat":284656},{"id":257219,"n":"Capsules lave-vaisselle Finish Ultimate Plus Citron x22 - 268g","p":7.25,"u":"27,05 €/KG","img":"https://fd1-photos.leclercdrive.fr/image.ashx?id=2884636&use=l&cat=p&typeid=i","cat":284656},{"id":257220,"n":"Gel lave-vaisselle Finish Power - 900ml","p":7.34,"u":"8,16 €/L","img":"https://fd1-photos.leclercdrive.fr/image.ashx?id=2884639&use=l&cat=p&typeid=i","cat":284656},{"id":257225,"n":"Gel lave-vaisselle Finish Power - Citron - 900ml","p":5.97,"u":"6,63 €/L","img":"https://fd1-photos.leclercdrive.fr/image.ashx?id=2884642&use=l&cat=p&typeid=i","cat":284656},{"id":257228,"n":"Capsules lave-vaisselle Finish Ultimate Plus - x22 - 268g","p":6.94,"u":"25,90 €/KG","img":"https://fd1-photos.leclercdrive.fr/image.ashx?id=2884900&use=l&cat=p&typeid=i","cat":284656},{"id":257230,"n":"Désinfectant linge Sanytol Stop Odeurs Fleurs blanches 500ml","p":3.64,"u":"7,28 €/L","img":"https://fd1-photos.leclercdrive.fr/image.ashx?id=2961960&use=l&cat=p&typeid=i","cat":290451},{"id":257231,"n":"Désinfectant linge Sanytol Stop Odeurs Fleurs Blanches 1L","p":6.16,"u":"6,16 €/L","img":"https://fd1-photos.leclercdrive.fr/image.ashx?id=2884312&use=l&cat=p&typeid=i","cat":290451},{"id":257232,"n":"Capsules Lave-Vaisselle SUN  Pro-Expert Regular 38 lavages","p":7.9,"u":"13,86 €/KG","img":"https://fd1-photos.leclercdrive.fr/image.ashx?id=2907728&use=l&cat=p&typeid=i","cat":284656},{"id":257233,"n":"Tablettes lave-vaisselle Uni Vert - Tout-en-1 - x45 - 720g","p":6.57,"u":"9,13 €/KG","img":"https://fd1-photos.leclercdrive.fr/image.ashx?id=3015132&use=l&cat=p&typeid=i","cat":284656},{"id":257236,"n":"Tablettes lave-vaisselle Uni Vert - Classiques - x45 - 450g","p":6.27,"u":"13,93 €/KG","img":"https://fd1-photos.leclercdrive.fr/image.ashx?id=3015135&use=l&cat=p&typeid=i","cat":284656},{"id":257237,"n":"Déodorant femme Adidas Control - 150ml","p":3.31,"u":"22,07 €/L","img":"https://fd1-photos.leclercdrive.fr/image.ashx?id=2884594&use=l&cat=p&typeid=i","cat":284595},{"id":257240,"n":"Déodorant homme Adidas Sport fresh - 150ml","p":2.95,"u":"19,67 €/L","img":"https://fd1-photos.leclercdrive.fr/image.ashx?id=2884606&use=l&cat=p&typeid=i","cat":284618},{"id":257241,"n":"Déodorant homme Adidas Invisible - 150ml","p":3.08,"u":"20,53 €/L","img":"https://fd1-photos.leclercdrive.fr/image.ashx?id=2884609&use=l&cat=p&typeid=i","cat":284618},{"id":257251,"n":"Capsules Lave-Vaisselle SUN  Pro-Expert Citron 38 lavages","p":7.9,"u":"13,86 €/KG","img":"https://fd1-photos.leclercdrive.fr/image.ashx?id=2991039&use=l&cat=p&typeid=i","cat":284656},{"id":257253,"n":"Déodorant Adidas Control fresh - 150ml","p":3.71,"u":"24,73 €/L","img":"https://fd1-photos.leclercdrive.fr/image.ashx?id=2884603&use=l&cat=p&typeid=i","cat":284595},{"id":257277,"n":"Bâtonnets surimi moelleux Fleury Michon x12 - 180g","p":1.78,"u":"9,89 €/KG","img":"https://fd1-photos.leclercdrive.fr/image.ashx?id=2936920&use=l&cat=p&typeid=i","cat":285189},{"id":257278,"n":"Bâtonnets surimi moelleux Fleury Michon x18 - 270g","p":2.6,"u":"9,63 €/KG","img":"https://fd1-photos.leclercdrive.fr/image.ashx?id=2936923&use=l&cat=p&typeid=i","cat":285189},{"id":257279,"n":"Bâtonnets surimi moelleux  Fleury Michon x24 - 360g","p":3.32,"u":"9,22 €/KG","img":"https://fd1-photos.leclercdrive.fr/image.ashx?id=2936926&use=l&cat=p&typeid=i","cat":285189},{"id":257280,"n":"Bâtonnets surimi moelleux Fleury Michon x30 - 450g","p":3.84,"u":"8,53 €/KG","img":"https://fd1-photos.leclercdrive.fr/image.ashx?id=2936929&use=l&cat=p&typeid=i","cat":285189},{"id":257322,"n":"Nectar Bio Pressade Orange - 1.5L","p":2.77,"u":"1,85 €/L","img":"https://fd1-photos.leclercdrive.fr/image.ashx?id=2885357&use=l&cat=p&typeid=i","cat":284521},{"id":257501,"n":"Personal Blender Smeg Noir - x1","p":160.95,"img":"https://fd1-photos.leclercdrive.fr/image.ashx?id=2903824&use=l&cat=p&typeid=i","cat":334140},{"id":257526,"n":"Cocotte Smeg Noir Fonte d'acier 24cm - 4.2L","p":180.05,"img":"https://fd1-photos.leclercdrive.fr/image.ashx?id=2903710&use=l&cat=p&typeid=i","cat":298490},{"id":257530,"n":"Mini cocotte Smeg Crème - 12cm - x2","p":40.05,"img":"https://fd1-photos.leclercdrive.fr/image.ashx?id=2904976&use=l&cat=p&typeid=i","cat":298490},{"id":257533,"n":"Mini cocotte Smeg Noir - 12cm - x2","p":40.05,"img":"https://fd1-photos.leclercdrive.fr/image.ashx?id=2904973&use=l&cat=p&typeid=i","cat":298490},{"id":257606,"n":"Cappelletti Rana jambon cru 250g","p":3.34,"u":"13,36 €/KG","img":"https://fd1-photos.leclercdrive.fr/image.ashx?id=2886358&use=l&cat=p&typeid=i","cat":333682},{"id":257608,"n":"Raviolis Rana ricotta épinards 250g","p":3.39,"u":"13,56 €/KG","img":"https://fd1-photos.leclercdrive.fr/image.ashx?id=2886361&use=l&cat=p&typeid=i","cat":333682},{"id":257611,"n":"Raviolis Rana boeuf bolognaise 250g","p":3.54,"u":"14,16 €/KG","img":"https://fd1-photos.leclercdrive.fr/image.ashx?id=2886367&use=l&cat=p&typeid=i","cat":333682},{"id":257868,"n":"Bière Rouge la Bête Rouge 8% 75cl","p":4.47,"u":"5,96 €/L","img":"https://fd1-photos.leclercdrive.fr/image.ashx?id=2885962&use=l&cat=p&typeid=i","cat":334878},{"id":258095,"n":"Infusion à froid Lipton Pêche framboise - 15 sachets","p":2.61,"u":"74,57 €/KG","img":"https://fd1-photos.leclercdrive.fr/image.ashx?id=2912587&use=l&cat=p&typeid=i","cat":293234},{"id":258141,"n":"Pâtes Panzani  grandes coquillettes - 500g","p":1.68,"u":"3,36 €/KG","img":"https://fd1-photos.leclercdrive.fr/image.ashx?id=2887536&use=l&cat=p&typeid=i","cat":284427},{"id":258143,"n":"Pâtes Panzani  fusilli - 500g","p":1.68,"u":"3,36 €/KG","img":"https://fd1-photos.leclercdrive.fr/image.ashx?id=2887530&use=l&cat=p&typeid=i","cat":284427},{"id":258144,"n":"Pâtes Panzani rigatoni - 500g","p":1.68,"u":"3,36 €/KG","img":"https://fd1-photos.leclercdrive.fr/image.ashx?id=2887533&use=l&cat=p&typeid=i","cat":284427},{"id":258271,"n":"Bière La Bise Agrumes - 75cl  4.7% vol.","p":3.29,"u":"4,39 €/L","img":"https://fd1-photos.leclercdrive.fr/image.ashx?id=2890154&use=l&cat=p&typeid=i","cat":334878},{"id":258273,"n":"Bière La Bise rouge Cerise - 75cl  3.5% vol.","p":3.13,"u":"4,17 €/L","img":"https://fd1-photos.leclercdrive.fr/image.ashx?id=2890157&use=l&cat=p&typeid=i","cat":334878},{"id":258295,"n":"Croissants fourrés Nutella  x4 - 340g","p":4.49,"u":"13,21 €/KG","img":"https://fd1-photos.leclercdrive.fr/image.ashx?id=2899749&use=l&cat=p&typeid=i","cat":284267},{"id":258299,"n":"Lasagnes William Saurin Bolognaise pure boeuf - 300g","p":2.59,"u":"8,63 €/KG","img":"https://fd1-photos.leclercdrive.fr/image.ashx?id=2916012&use=l&cat=p&typeid=i","cat":284953},{"id":258301,"n":"Spaghetti William Saurin Bolognaise pure boeuf - 300g","p":2.8,"u":"9,33 €/KG","img":"https://fd1-photos.leclercdrive.fr/image.ashx?id=2939517&use=l&cat=p&typeid=i","cat":284953},{"id":258303,"n":"Poulet basquaise William Saurin 285g","p":2.69,"u":"9,44 €/KG","img":"https://fd1-photos.leclercdrive.fr/image.ashx?id=2928564&use=l&cat=p&typeid=i","cat":284953},{"id":258304,"n":"Poulet William Saurin à la crème - 280g","p":2.69,"u":"9,61 €/KG","img":"https://fd1-photos.leclercdrive.fr/image.ashx?id=2939520&use=l&cat=p&typeid=i","cat":284953},{"id":258305,"n":"Risotto William Saurin poulet et champignons - 280g","p":2.61,"u":"9,32 €/KG","img":"https://fd1-photos.leclercdrive.fr/image.ashx?id=2912113&use=l&cat=p&typeid=i","cat":284953},{"id":258308,"n":"Torsades saumon William Saurin Crème et aneth - 280g","p":2.8,"u":"10,00 €/KG","img":"https://fd1-photos.leclercdrive.fr/image.ashx?id=2916009&use=l&cat=p&typeid=i","cat":284953},{"id":258309,"n":"Merlu blanc William Saurin Riz et légumes - 300g","p":2.69,"u":"8,97 €/KG","img":"https://fd1-photos.leclercdrive.fr/image.ashx?id=2986392&use=l&cat=p&typeid=i","cat":284953},{"id":258310,"n":"Blanquette William Saurin Veau et riz - 285g","p":2.95,"u":"10,35 €/KG","img":"https://fd1-photos.leclercdrive.fr/image.ashx?id=2906286&use=l&cat=p&typeid=i","cat":284953},{"id":258312,"n":"Bourguignon William Saurin Boeuf - 300g","p":2.79,"u":"9,30 €/KG","img":"https://fd1-photos.leclercdrive.fr/image.ashx?id=2906289&use=l&cat=p&typeid=i","cat":284953},{"id":258313,"n":"Bières Desperados Sunlight  cerise/grenade 4° - 3x33cl","p":3.9,"pp":2.57,"u":"2,60 €/L","img":"https://fd1-photos.leclercdrive.fr/image.ashx?id=2899401&use=l&cat=p&typeid=i","cat":334878},{"id":258314,"n":"Hachis William Saurin Parmentier pur boeuf - 300g","p":2.94,"u":"9,80 €/KG","img":"https://fd1-photos.leclercdrive.fr/image.ashx?id=2906292&use=l&cat=p&typeid=i","cat":284953},{"id":258321,"n":"Dentifrice soin Elmex Sensitive expert - 75ml","p":5.85,"u":"78,00 €/L","img":"https://fd1-photos.leclercdrive.fr/image.ashx?id=2888205&use=l&cat=p&typeid=i","cat":284612},{"id":258322,"n":"Dentifrice sensitive Elmex Soin instantané - 75ml","p":5.87,"u":"78,27 €/L","img":"https://fd1-photos.leclercdrive.fr/image.ashx?id=3009338&use=l&cat=p&typeid=i","cat":284612},{"id":258339,"n":"Glace Kinder Bueno Cônes noisettes x6 - 372g","p":5.56,"u":"14,95 €/KG","img":"https://fd1-photos.leclercdrive.fr/image.ashx?id=2891334&use=l&cat=p&typeid=i","cat":284264},{"id":258341,"n":"Glace Rafello bâtonnets Pêche hibiscus x3 - 138g","p":3.74,"u":"27,10 €/KG","img":"https://fd1-photos.leclercdrive.fr/image.ashx?id=2890436&use=l&cat=p&typeid=i","cat":284265},{"id":258345,"n":"Muffins Nutella  x4 - 264g","p":4.78,"u":"18,11 €/KG","img":"https://fd1-photos.leclercdrive.fr/image.ashx?id=2899758&use=l&cat=p&typeid=i","cat":284267},{"id":258347,"n":"Donuts Nutella x4 - 240g","p":4.86,"u":"20,25 €/KG","img":"https://fd1-photos.leclercdrive.fr/image.ashx?id=2889916&use=l&cat=p&typeid=i","cat":284267},{"id":258358,"n":"Bière belge Martha Guilty rouge - 33cl 8% vol.","p":2.18,"u":"6,61 €/L","img":"https://fd1-photos.leclercdrive.fr/image.ashx?id=2889826&use=l&cat=p&typeid=i","cat":334878},{"id":258359,"n":"Bière belge Martha Triple - 33cl 8% vol.","p":2.1,"u":"6,36 €/L","img":"https://fd1-photos.leclercdrive.fr/image.ashx?id=2960222&use=l&cat=p&typeid=i","cat":334878},{"id":258360,"n":"Eau gazeuse Carola sans sucres Mojito - 1.25L","p":1.09,"u":"0,87 €/L","img":"https://fd1-photos.leclercdrive.fr/image.ashx?id=2959943&use=l&cat=p&typeid=i","cat":284536},{"id":258361,"n":"Eau gazeuse Carola sans sucres Pina Colada - 1.25L","p":1.09,"u":"0,87 €/L","img":"https://fd1-photos.leclercdrive.fr/image.ashx?id=2959946&use=l&cat=p&typeid=i","cat":284536},{"id":258362,"n":"Eau gazeuse Carola sans sucres Pasion Fizz - 1.25L","p":1.09,"u":"0,87 €/L","img":"https://fd1-photos.leclercdrive.fr/image.ashx?id=2962629&use=l&cat=p&typeid=i","cat":284536},{"id":258363,"n":"Bières Softiz Sans alcool  Saveur citron - 6x27,5cl","p":3.08,"u":"1,87 €/L","img":"https://fd1-photos.leclercdrive.fr/image.ashx?id=2887431&use=l&cat=p&typeid=i","cat":334877},{"id":258364,"n":"Biscuits bio Jardin Bio Sésame - 150g","p":1.59,"u":"10,60 €/KG","img":"https://fd1-photos.leclercdrive.fr/image.ashx?id=2890211&use=l&cat=p&typeid=i","cat":284487},{"id":258366,"n":"Bières Softiz Sans alcool  Saveur mojito - 6x27,5cl","p":3.02,"u":"1,83 €/L","img":"https://fd1-photos.leclercdrive.fr/image.ashx?id=2887428&use=l&cat=p&typeid=i","cat":334877},{"id":258387,"n":"Bières Desperados Sunlight  mangue/passion 4° - 3x33cl","p":3.9,"pp":2.57,"u":"2,60 €/L","img":"https://fd1-photos.leclercdrive.fr/image.ashx?id=2977990&use=l&cat=p&typeid=i","cat":334878},{"id":258543,"n":"Infuse à froid Lipton Grenade Hibiscus -x15 -38g","p":3.24,"u":"85,26 €/KG","img":"https://fd1-photos.leclercdrive.fr/image.ashx?id=2907376&use=l&cat=p&typeid=i","cat":293234},{"id":258545,"n":"Infusion à froid Elephant Detox x15 sachets -34g","p":2.97,"u":"5,82 €/KG","img":"https://fd1-photos.leclercdrive.fr/image.ashx?id=2912584&use=l&cat=p&typeid=i","cat":293234},{"id":258552,"n":"Brownies Brompton Hous Chocolat - x10 - 250g","p":3.3,"u":"13,20 €/KG","img":"https://fd1-photos.leclercdrive.fr/image.ashx?id=2902406&use=l&cat=p&typeid=i","cat":284495},{"id":258554,"n":"Brownies Brompton House Chocolat blanc - x10 - 250g","p":3.39,"u":"13,56 €/KG","img":"https://fd1-photos.leclercdrive.fr/image.ashx?id=2902409&use=l&cat=p&typeid=i","cat":284495},{"id":258556,"n":"Brownies Brompton House Fantasy - x10 - 250g","p":3.22,"u":"1,29 €/KG","img":"https://fd1-photos.leclercdrive.fr/image.ashx?id=2902412&use=l&cat=p&typeid=i","cat":284495},{"id":258558,"n":"Muffins Brompton House Pépites de chocolat - x10 -250g","p":3.67,"u":"14,68 €/KG","img":"https://fd1-photos.leclercdrive.fr/image.ashx?id=2902415&use=l&cat=p&typeid=i","cat":284495},{"id":258559,"n":"Muffins Brompton House  Tout chocolat - x10 - 250g","p":3.16,"u":"1,26 €/KG","img":"https://fd1-photos.leclercdrive.fr/image.ashx?id=2902418&use=l&cat=p&typeid=i","cat":284495},{"id":258606,"n":"Soda Fanta Orange  Bouteille - 1.25L","p":1.61,"u":"1,29 €/L","img":"https://fd1-photos.leclercdrive.fr/image.ashx?id=2924752&use=l&cat=p&typeid=i","cat":284532},{"id":258718,"n":"Chewing-gum Hollywood Fraise 5x10 - 70g","p":1.78,"u":"25,43 €/KG","img":"https://fd1-photos.leclercdrive.fr/image.ashx?id=3001530&use=l&cat=p&typeid=i","cat":304251},{"id":258816,"n":"Cacahuètes Curly  Miel barbecue - 150g","p":1.48,"u":"9,87 €/KG","img":"https://fd1-photos.leclercdrive.fr/image.ashx?id=2906367&use=l&cat=p&typeid=i","cat":284448},{"id":258818,"n":"Cacahuète Curly Paprika - 150g","p":1.45,"u":"9,67 €/KG","img":"https://fd1-photos.leclercdrive.fr/image.ashx?id=2938728&use=l&cat=p&typeid=i","cat":284448},{"id":259179,"n":"Préservatifs Durex Intensity - x5","p":5.94,"img":"https://fd1-photos.leclercdrive.fr/image.ashx?id=2962032&use=l&cat=p&typeid=i","cat":284631},{"id":259180,"n":"Préservatifs Durex Intensity - x20","p":20.38,"img":"https://fd1-photos.leclercdrive.fr/image.ashx?id=2964980&use=l&cat=p&typeid=i","cat":284631},{"id":259184,"n":"Préservatifs Durex Classic Jeans - x20","p":7.01,"img":"https://fd1-photos.leclercdrive.fr/image.ashx?id=2892433&use=l&cat=p&typeid=i","cat":284631},{"id":259189,"n":"Poudre lave-vaisselle Visior 1.71kg","p":7.65,"u":"4,47 €/KG","img":"https://fd1-photos.leclercdrive.fr/image.ashx?id=2889208&use=l&cat=p&typeid=i","cat":284656},{"id":259211,"n":"Dentifrice Enfants Sensodyne 2-6 ans - 50ml","p":4.22,"u":"84,40 €/L","img":"https://fd1-photos.leclercdrive.fr/image.ashx?id=2893009&use=l&cat=p&typeid=i","cat":288898},{"id":259249,"n":"Bière aromatisée Somersby Pomme 4,5° - 3x27,5cl","p":3.9,"u":"4,73 €/L","img":"https://fd1-photos.leclercdrive.fr/image.ashx?id=2892460&use=l&cat=p&typeid=i","cat":334878},{"id":259253,"n":"Bière aromatisée Somersby Framboise 4,5° - 3x27,5cl","p":3.94,"u":"4,78 €/L","img":"https://fd1-photos.leclercdrive.fr/image.ashx?id=2892466&use=l&cat=p&typeid=i","cat":334878},{"id":259255,"n":"Bière Desperados Sunlight Citron citron vert - 4% 6x33CL","p":6.9,"pp":4.55,"u":"2,30 €/L","img":"https://fd1-photos.leclercdrive.fr/image.ashx?id=2901773&use=l&cat=p&typeid=i","cat":334878},{"id":259262,"n":"Bière blonde Stella Artois 5,2% - 6x25cl","p":5.71,"u":"3,81 €/L","img":"https://fd1-photos.leclercdrive.fr/image.ashx?id=2944371&use=l&cat=p&typeid=i","cat":334873},{"id":259283,"n":"Bière Cherry 8.6 7.2% - 4x50cl","p":7.71,"u":"3,86 €/L","img":"https://fd1-photos.leclercdrive.fr/image.ashx?id=2905708&use=l&cat=p&typeid=i","cat":334853},{"id":259293,"n":"Spray dégraissant anti odeur Chanteclair -600ml","p":2.88,"u":"4,80 €/L","img":"https://fd1-photos.leclercdrive.fr/image.ashx?id=2893123&use=l&cat=p&typeid=i","cat":325357},{"id":259323,"n":"Burger Jacquet brioché Ultra moelleux x4 - 250g","p":1.68,"u":"6,72 €/KG","img":"https://fd1-photos.leclercdrive.fr/image.ashx?id=3010984&use=l&cat=p&typeid=i","cat":325067},{"id":259632,"n":"Nectar Bio Pressade Pomme - 1.5L","p":2.09,"u":"1,39 €/L","img":"https://fd1-photos.leclercdrive.fr/image.ashx?id=2892586&use=l&cat=p&typeid=i","cat":284522},{"id":260041,"n":"Boisson aux fruits Oasis Citron vert - 2L","p":2.38,"u":"1,19 €/L","img":"https://fd1-photos.leclercdrive.fr/image.ashx?id=2893639&use=l&cat=p&typeid=i","cat":295018},{"id":260045,"n":"Boisson énergisante Celsius Pêche framboise - 35,5cl","p":1.4,"u":"3,94 €/L","img":"https://fd1-photos.leclercdrive.fr/image.ashx?id=2922155&use=l&cat=p&typeid=i","cat":284533},{"id":260047,"n":"Boisson énergisante Celsius Multifruits - 35,5cl","p":1.4,"u":"3,94 €/L","img":"https://fd1-photos.leclercdrive.fr/image.ashx?id=2919006&use=l&cat=p&typeid=i","cat":284533},{"id":260048,"n":"Boisson énergisante Celsius Orange - 35,5cl","p":1.4,"u":"3,94 €/L","img":"https://fd1-photos.leclercdrive.fr/image.ashx?id=2922152&use=l&cat=p&typeid=i","cat":284533},{"id":260054,"n":"Boisson énergisante Celsius Fraise passion - 35,5cl","p":1.4,"u":"3,94 €/L","img":"https://fd1-photos.leclercdrive.fr/image.ashx?id=2922158&use=l&cat=p&typeid=i","cat":284533},{"id":260058,"n":"Dentifrice Oral-B Professional Protection sensibilité - 2x75ml","p":6.89,"u":"45,93 €/L","img":"https://fd1-photos.leclercdrive.fr/image.ashx?id=2893823&use=l&cat=p&typeid=i","cat":284612},{"id":260059,"n":"Dentifrice Oral-B Professional Protection gencives - 2x75ml","p":6.89,"u":"45,93 €/L","img":"https://fd1-photos.leclercdrive.fr/image.ashx?id=2893826&use=l&cat=p&typeid=i","cat":284612},{"id":260214,"n":"Cookies BN Pépites aux 2 chocolats - 150g","p":2.0,"u":"13,33 €/KG","img":"https://fd1-photos.leclercdrive.fr/image.ashx?id=2901704&use=l&cat=p&typeid=i","cat":325066},{"id":260216,"n":"Cookies BN Pépites de chocolat blanc -150g","p":2.02,"u":"13,47 €/KG","img":"https://fd1-photos.leclercdrive.fr/image.ashx?id=2901707&use=l&cat=p&typeid=i","cat":325066},{"id":260279,"n":"Barre de céréales Nature Valley Crunchy avoine chocolat - 420g","p":4.47,"u":"10,64 €/KG","img":"https://fd1-photos.leclercdrive.fr/image.ashx?id=2894515&use=l&cat=p&typeid=i","cat":300032},{"id":260280,"n":"Barre de céréales Nature Valley Crunchy fruits rouges - 420g","p":3.93,"u":"9,36 €/KG","img":"https://fd1-photos.leclercdrive.fr/image.ashx?id=2894518&use=l&cat=p&typeid=i","cat":300032},{"id":260328,"n":"Riz Taureau Ailé Basmati du Punjab - 500g","p":2.27,"u":"4,54 €/KG","img":"https://fd1-photos.leclercdrive.fr/image.ashx?id=2893756&use=l&cat=p&typeid=i","cat":284428},{"id":260390,"n":"Pain de mie complet Harrys Graines de lin & tournesol 320g","p":1.25,"u":"3,91 €/KG","img":"https://fd1-photos.leclercdrive.fr/image.ashx?id=2543130&use=l&cat=p&typeid=i","cat":326550},{"id":260405,"n":"Salade & Cie Sodebo Stockhlom Saumon Pâtes - 320g","p":3.0,"u":"9,38 €/KG","img":"https://fd1-photos.leclercdrive.fr/image.ashx?id=2795722&use=l&cat=p&typeid=i","cat":326550},{"id":260665,"n":"Emincés de poulet Tradilège Rôti - 2x75g","p":1.46,"u":"9,73 €/KG","img":"https://fd1-photos.leclercdrive.fr/image.ashx?id=2930775&use=l&cat=p&typeid=i","cat":326550},{"id":260672,"n":"Head & Shoulders shampoing  Classic 2 x 250ml","p":8.33,"u":"16,66 €/L","img":"https://fd1-photos.leclercdrive.fr/image.ashx?id=2895095&use=l&cat=p&typeid=i","cat":284606},{"id":260704,"n":"Serviettes hygiéniques Extra  Secure Night Always ultra 2 x16","p":7.97,"u":"0,25 €/P","img":"https://fd1-photos.leclercdrive.fr/image.ashx?id=2895086&use=l&cat=p&typeid=i","cat":284624},{"id":260707,"n":"Serviettes hygiéniques Secure  Night Always ultra 2 x 18","p":7.97,"u":"0,22 €/P","img":"https://fd1-photos.leclercdrive.fr/image.ashx?id=2895080&use=l&cat=p&typeid=i","cat":284624},{"id":260713,"n":"Serviettes hygiéniques Jour &  Nuit Always ultra 2 x 22","p":7.97,"u":"0,18 €/P","img":"https://fd1-photos.leclercdrive.fr/image.ashx?id=2895068&use=l&cat=p&typeid=i","cat":284624},{"id":260715,"n":"Serviettes hygiéniques Long +  Always ultra 2 x26","p":7.97,"u":"0,15 €/P","img":"https://fd1-photos.leclercdrive.fr/image.ashx?id=2895074&use=l&cat=p&typeid=i","cat":284624},{"id":260717,"n":"Serviettes hygiéniques Normal Always ultra  2 x 30","p":7.97,"u":"0,13 €/P","img":"https://fd1-photos.leclercdrive.fr/image.ashx?id=2895083&use=l&cat=p&typeid=i","cat":284624},{"id":260719,"n":"Serviettes hygiéniques Normal Always ultra 2 x 34","p":7.97,"u":"0,12 €/P","img":"https://fd1-photos.leclercdrive.fr/image.ashx?id=2895071&use=l&cat=p&typeid=i","cat":284624},{"id":260721,"n":"Serviettes hygiéniques Normal+ Always Platinum 2 x 24","p":7.97,"u":"0,17 €/P","img":"https://fd1-photos.leclercdrive.fr/image.ashx?id=2905702&use=l&cat=p&typeid=i","cat":284624},{"id":260758,"n":"Bain de bouche enfant Listerine Fruits rouges - 500ml","p":5.32,"u":"10,64 €/L","img":"https://fd1-photos.leclercdrive.fr/image.ashx?id=2894953&use=l&cat=p&typeid=i","cat":284613},{"id":261200,"n":"Cônes Magnum noisette  4x90g","p":4.89,"u":"18,81 €/KG","img":"https://fd1-photos.leclercdrive.fr/image.ashx?id=2896453&use=l&cat=p&typeid=i","cat":284264},{"id":261216,"n":"Cônes Magnum mangue  4x90ml","p":4.89,"u":"18,81 €/KG","img":"https://fd1-photos.leclercdrive.fr/image.ashx?id=2896450&use=l&cat=p&typeid=i","cat":284264},{"id":261222,"n":"Saucisson Saint Agaûne 200g","p":3.56,"u":"17,80 €/KG","img":"https://fd1-photos.leclercdrive.fr/image.ashx?id=2977432&use=l&cat=p&typeid=i","cat":316006},{"id":261223,"n":"Saucisson sec Saint Agaûne La fine - 200g","p":4.68,"u":"23,40 €/KG","img":"https://fd1-photos.leclercdrive.fr/image.ashx?id=2960939&use=l&cat=p&typeid=i","cat":316006},{"id":261292,"n":"Chewing-gum Hollywood  Menthe Verte sans sucres - 70g","p":2.2,"u":"31,43 €/KG","img":"https://fd1-photos.leclercdrive.fr/image.ashx?id=2987053&use=l&cat=p&typeid=i","cat":304251},{"id":261298,"n":"Chewing-gum Hollywood Menthe  Fraîche sans sucres - 70g","p":2.28,"u":"32,57 €/KG","img":"https://fd1-photos.leclercdrive.fr/image.ashx?id=2987050&use=l&cat=p&typeid=i","cat":304251},{"id":261307,"n":"Chewing-gum Hollywood 2Fresh  Menthe Verte sans sucres -  66g","p":1.57,"u":"23,79 €/KG","img":"https://fd1-photos.leclercdrive.fr/image.ashx?id=3011959&use=l&cat=p&typeid=i","cat":304251},{"id":261498,"n":"Chewing-gum Hollywood Blancheur  Xylitol sans sucres - 67,5g","p":2.36,"u":"34,71 €/KG","img":"https://fd1-photos.leclercdrive.fr/image.ashx?id=2994602&use=l&cat=p&typeid=i","cat":304251},{"id":261505,"n":"Chocolat Tablette d'Or Lait caramelisées - 180g","p":2.49,"u":"13,83 €/KG","img":"https://fd1-photos.leclercdrive.fr/image.ashx?id=2896837&use=l&cat=p&typeid=i","cat":284497},{"id":261507,"n":"Tablette de chocolat Equador noir citron vert - 100g","p":1.79,"u":"17,90 €/KG","img":"https://fd1-photos.leclercdrive.fr/image.ashx?id=2896834&use=l&cat=p&typeid=i","cat":284956},{"id":261508,"n":"Chocolat blanc Tablette d'Or Speculoos framboise - 180g","p":2.99,"u":"16,61 €/KG","img":"https://fd1-photos.leclercdrive.fr/image.ashx?id=2896831&use=l&cat=p&typeid=i","cat":284957},{"id":261509,"n":"Chocolat Tablette d'Or Noir biscuit citron vert 180g","p":2.89,"u":"16,06 €/KG","img":"https://fd1-photos.leclercdrive.fr/image.ashx?id=2896828&use=l&cat=p&typeid=i","cat":284956},{"id":261525,"n":"Sauté de lapin William Saurin 300g","p":3.23,"u":"10,77 €/KG","img":"https://fd1-photos.leclercdrive.fr/image.ashx?id=2905375&use=l&cat=p&typeid=i","cat":284953},{"id":261526,"n":"Chewing-gum Hollywood  Menthe Forte sans sucres 70g","p":2.41,"u":"34,43 €/KG","img":"https://fd1-photos.leclercdrive.fr/image.ashx?id=3001533&use=l&cat=p&typeid=i","cat":304251},{"id":261527,"n":"Chewing-gum Hollywood Menthe  verte Chlorophylle - 155g","p":2.31,"u":"14,90 €/KG","img":"https://fd1-photos.leclercdrive.fr/image.ashx?id=2910940&use=l&cat=p&typeid=i","cat":304251},{"id":261529,"n":"Basilic Panier du Primeur 20g","p":1.49,"u":"74,50 €/KG","img":"https://fd1-photos.leclercdrive.fr/image.ashx?id=2897874&use=l&cat=p&typeid=i","cat":293607},{"id":261533,"n":"Coriandre Panier du Primeur  20g","p":1.49,"u":"74,50 €/KG","img":"https://fd1-photos.leclercdrive.fr/image.ashx?id=2899830&use=l&cat=p&typeid=i","cat":293607},{"id":261535,"n":"Menthe Panier du Primeur 20g","p":1.49,"u":"74,50 €/KG","img":"https://fd1-photos.leclercdrive.fr/image.ashx?id=2899833&use=l&cat=p&typeid=i","cat":293607},{"id":261536,"n":"Persil Plat Panier du Primeur 20g","p":1.49,"u":"74,50 €/KG","img":"https://fd1-photos.leclercdrive.fr/image.ashx?id=2899836&use=l&cat=p&typeid=i","cat":293607},{"id":261538,"n":"Vin de France désalcoolisé La quille de Sam - 75cl","p":5.95,"u":"7,93 €/L","img":"https://fd1-photos.leclercdrive.fr/image.ashx?id=2899551&use=l&cat=p&typeid=i","cat":284549},{"id":261543,"n":"IGP Pays d'Oc vin rosé Mythique - 75cl","p":3.99,"u":"5,32 €/L","img":"https://fd1-photos.leclercdrive.fr/image.ashx?id=2903047&use=l&cat=p&typeid=i","cat":289558},{"id":261544,"n":"IGP Pays d'Oc vin rouge Mythique - 75cl","p":3.99,"u":"5,32 €/L","img":"https://fd1-photos.leclercdrive.fr/image.ashx?id=2903044&use=l&cat=p&typeid=i","cat":289556},{"id":261545,"n":"IGP Pays d'Oc vin blanc Mythique - 75cl","p":3.99,"u":"5,32 €/L","img":"https://fd1-photos.leclercdrive.fr/image.ashx?id=2903050&use=l&cat=p&typeid=i","cat":289557},{"id":261556,"n":"Recharge Gros sels Cérébos Herbes & légumes - 300g","p":3.12,"u":"10,40 €/KG","img":"https://fd1-photos.leclercdrive.fr/image.ashx?id=2903134&use=l&cat=p&typeid=i","cat":284457},{"id":261562,"n":"Boules inox Nicols - x3","p":1.66,"u":"0,55 €/P","img":"https://fd1-photos.leclercdrive.fr/image.ashx?id=2903722&use=l&cat=p&typeid=i","cat":284667},{"id":261891,"n":"Sucre en buchettes Daddy Boite distributrice - 480g","p":2.5,"u":"5,21 €/KG","img":"https://fd1-photos.leclercdrive.fr/image.ashx?id=2903065&use=l&cat=p&typeid=i","cat":284502},{"id":262131,"n":"Mixeur Plongeant SMEG Noir","p":94.45,"img":"https://fd1-photos.leclercdrive.fr/image.ashx?id=2898934&use=l&cat=p&typeid=i","cat":334140},{"id":262345,"n":"Soda Fanta Orange  Canette - Pack 6x33CL","p":3.25,"u":"1,64 €/L","img":"https://fd1-photos.leclercdrive.fr/image.ashx?id=2997241&use=l&cat=p&typeid=i","cat":284532},{"id":262346,"n":"Soda Fanta Orange  Bouteille - 2L","p":2.19,"u":"1,10 €/L","img":"https://fd1-photos.leclercdrive.fr/image.ashx?id=2995959&use=l&cat=p&typeid=i","cat":284532},{"id":262503,"n":"Boisson énergisante Dark Dog Pink Fizz - 50cl","p":1.49,"u":"2,98 €/L","img":"https://fd1-photos.leclercdrive.fr/image.ashx?id=2901890&use=l&cat=p&typeid=i","cat":284533},{"id":262514,"n":"Filets de cabillaud Costa  Sauvages - 375g","p":9.59,"pp":6.71,"u":"17,89 €/KG","img":"https://fd1-photos.leclercdrive.fr/image.ashx?id=2902259&use=l&cat=p&typeid=i","cat":319786},{"id":262515,"n":"Filets de saumon Costa Sauvages - 375g","p":9.59,"pp":6.71,"u":"17,89 €/KG","img":"https://fd1-photos.leclercdrive.fr/image.ashx?id=2902262&use=l&cat=p&typeid=i","cat":319786},{"id":262544,"n":"Sirop Teisseire Défense Citron vert Gingembre - 60cl","p":3.37,"u":"5,62 €/L","img":"https://fd1-photos.leclercdrive.fr/image.ashx?id=2901767&use=l&cat=p&typeid=i","cat":295020},{"id":262545,"n":"Sirop Teisseire Tonus Fraise Kiwi - 60cl","p":3.55,"u":"5,92 €/L","img":"https://fd1-photos.leclercdrive.fr/image.ashx?id=2901758&use=l&cat=p&typeid=i","cat":295020},{"id":262547,"n":"Sirop Teisseire Boost Ananas Mangue - 60cl","p":3.55,"u":"5,92 €/L","img":"https://fd1-photos.leclercdrive.fr/image.ashx?id=2901761&use=l&cat=p&typeid=i","cat":295020},{"id":262865,"n":"Tablette MMMAX Milka 250g","p":3.71,"u":"14,84 €/KG","img":"https://fd1-photos.leclercdrive.fr/image.ashx?id=3000444&use=l&cat=p&typeid=i","cat":284497},{"id":262867,"n":"Baume lèvres hydratant Labello x2","p":3.06,"u":"306,00 €/KG","img":"https://fd1-photos.leclercdrive.fr/image.ashx?id=2901581&use=l&cat=p&typeid=i","cat":285485},{"id":263009,"n":"Bières Softiz Framboise Sans alcool  6x27,5cl","p":3.18,"u":"1,93 €/L","img":"https://fd1-photos.leclercdrive.fr/image.ashx?id=2899935&use=l&cat=p&typeid=i","cat":334877},{"id":263108,"n":"Bouchées glacées Ben & Jerry  Cookie Dough 150g","p":5.01,"u":"33,40 €/KG","img":"https://fd1-photos.leclercdrive.fr/image.ashx?id=3009323&use=l&cat=p&typeid=i","cat":284725},{"id":263154,"n":"Saumon MSC haché Yooji dès 4 mois 80g","p":4.94,"u":"61,75 €/KG","img":"https://fd1-photos.leclercdrive.fr/image.ashx?id=3008893&use=l&cat=p&typeid=i","cat":290631},{"id":263155,"n":"Ecrasé de ratatouille Yooji dès 8 mois 400g","p":5.1,"u":"12,75 €/KG","img":"https://fd1-photos.leclercdrive.fr/image.ashx?id=2901022&use=l&cat=p&typeid=i","cat":312236},{"id":263248,"n":"Mini pots Häagen-Dazs  Essential Collection x4 - 324g","p":5.12,"u":"15,80 €/KG","img":"https://fd1-photos.leclercdrive.fr/image.ashx?id=2900926&use=l&cat=p&typeid=i","cat":284725},{"id":263282,"n":"Désinfectant linge Textil 1,5L","p":1.99,"u":"1,33 €/L","img":"https://fd1-photos.leclercdrive.fr/image.ashx?id=2958768&use=l&cat=p&typeid=i","cat":290451},{"id":263329,"n":"Dentifrice Colgate Total active Prévention Soin email - 3x75ml","p":7.47,"u":"33,20 €/L","img":"https://fd1-photos.leclercdrive.fr/image.ashx?id=2902846&use=l&cat=p&typeid=i","cat":284612},{"id":263332,"n":"Dentifrice Colgate Total Active Prévention Blancheur 3x75ml","p":7.47,"u":"33,20 €/L","img":"https://fd1-photos.leclercdrive.fr/image.ashx?id=2902849&use=l&cat=p&typeid=i","cat":284612},{"id":263333,"n":"Dentifrice Colgate Soin complet - 3x75ml","p":7.47,"u":"33,20 €/L","img":"https://fd1-photos.leclercdrive.fr/image.ashx?id=2902451&use=l&cat=p&typeid=i","cat":284612},{"id":263696,"n":"Emincés cuit Volandrie 180g","p":3.09,"u":"17,17 €/KG","img":"https://fd1-photos.leclercdrive.fr/image.ashx?id=2902526&use=l&cat=p&typeid=i","cat":284336},{"id":263698,"n":"Bière Softiz  Agrumes 6x27,5cl","p":3.33,"u":"2,02 €/L","img":"https://fd1-photos.leclercdrive.fr/image.ashx?id=2902529&use=l&cat=p&typeid=i","cat":334877},{"id":263705,"n":"Glace cône Extrême Vanille/ chocolat - 6x71g","p":3.74,"u":"8,78 €/KG","img":"https://fd1-photos.leclercdrive.fr/image.ashx?id=2904188&use=l&cat=p&typeid=i","cat":284264},{"id":263712,"n":"Truite fumée Landvika 6 tranches 140g","p":4.99,"u":"35,64 €/KG","img":"https://fd1-photos.leclercdrive.fr/image.ashx?id=2904206&use=l&cat=p&typeid=i","cat":285188},{"id":263741,"n":"Culottes Tena Nuit  Taille M - x12","p":13.88,"u":"1,16 €/P","img":"https://fd1-photos.leclercdrive.fr/image.ashx?id=2904449&use=l&cat=p&typeid=i","cat":284628},{"id":263742,"n":"Culottes Tena Taille M - x9","p":8.3,"u":"0,92 €/P","img":"https://fd1-photos.leclercdrive.fr/image.ashx?id=2904452&use=l&cat=p&typeid=i","cat":284628},{"id":263743,"n":"Culottes Tena  Taille L x 8","p":8.28,"u":"1,04 €/P","img":"https://fd1-photos.leclercdrive.fr/image.ashx?id=2904455&use=l&cat=p&typeid=i","cat":284628},{"id":263746,"n":"Culottes Tena  Taille XL - x12","p":17.18,"u":"1,43 €/P","img":"https://fd1-photos.leclercdrive.fr/image.ashx?id=2904458&use=l&cat=p&typeid=i","cat":284628},{"id":263869,"n":"Riz pour risotto Taureau Ailé 500g","p":1.83,"u":"3,66 €/KG","img":"https://fd1-photos.leclercdrive.fr/image.ashx?id=2904389&use=l&cat=p&typeid=i","cat":284428},{"id":263873,"n":"Riz long Kamâlis Taureau Ailé - 500g","p":2.71,"u":"5,42 €/KG","img":"https://fd1-photos.leclercdrive.fr/image.ashx?id=2904386&use=l&cat=p&typeid=i","cat":284428},{"id":263915,"n":"Nouilles instantanées Daisuki Légumes Wafuu - 60g","p":1.47,"u":"24,50 €/KG","img":"https://fd1-photos.leclercdrive.fr/image.ashx?id=2904643&use=l&cat=p&typeid=i","cat":288992},{"id":263918,"n":"Nouilles instantanées Daisuki Poulet Yakitori - 93g","p":2.18,"u":"23,44 €/KG","img":"https://fd1-photos.leclercdrive.fr/image.ashx?id=2904646&use=l&cat=p&typeid=i","cat":288992},{"id":263919,"n":"Nouilles instantanées Daisuki Légumes Curry - 93g","p":1.98,"u":"21,29 €/KG","img":"https://fd1-photos.leclercdrive.fr/image.ashx?id=2904652&use=l&cat=p&typeid=i","cat":288992},{"id":263921,"n":"Nouilles instantanées Daisuki Sauce soja - 93g","p":1.67,"u":"17,96 €/KG","img":"https://fd1-photos.leclercdrive.fr/image.ashx?id=2904649&use=l&cat=p&typeid=i","cat":288992},{"id":264022,"n":"Cookies Cream Delichoc 150g","p":2.07,"u":"13,80 €/KG","img":"https://fd1-photos.leclercdrive.fr/image.ashx?id=2904712&use=l&cat=p&typeid=i","cat":284488},{"id":264347,"n":"1/4 Thon entier au naturel Un Pêcheur sachant Pecher 140g","p":2.26,"u":"16,14 €/KG","img":"https://fd1-photos.leclercdrive.fr/image.ashx?id=2906298&use=l&cat=p&typeid=i","cat":303867},{"id":264349,"n":"1/6 Thon entier au naturel Un Pecheur sachant Pecher 93g","p":1.74,"u":"18,71 €/KG","img":"https://fd1-photos.leclercdrive.fr/image.ashx?id=2906304&use=l&cat=p&typeid=i","cat":303867},{"id":264373,"n":"P'tit Savane Tornado Brossard Roulés à la fraise - x7 - 175g","p":2.47,"u":"14,11 €/KG","img":"https://fd1-photos.leclercdrive.fr/image.ashx?id=2966089&use=l&cat=p&typeid=i","cat":284495},{"id":264381,"n":"Compote Coeur de fruits Andros Ananas pomme passion 4x97g","p":2.11,"u":"5,44 €/KG","img":"https://fd1-photos.leclercdrive.fr/image.ashx?id=2910180&use=l&cat=p&typeid=i","cat":284416},{"id":264392,"n":"Savane Brossard coeur choco Max de sensation - x6 - 180g","p":2.6,"u":"14,44 €/KG","img":"https://fd1-photos.leclercdrive.fr/image.ashx?id=2906502&use=l&cat=p&typeid=i","cat":284495},{"id":264416,"n":"Tartelette BN Chocolat - 100g","p":1.29,"u":"12,90 €/KG","img":"https://fd1-photos.leclercdrive.fr/image.ashx?id=2907881&use=l&cat=p&typeid=i","cat":284488},{"id":264417,"n":"Biscuits BN Del'ice Choco Brownie - 185g","p":2.08,"u":"11,24 €/KG","img":"https://fd1-photos.leclercdrive.fr/image.ashx?id=2907884&use=l&cat=p&typeid=i","cat":284488},{"id":264418,"n":"Biscuits BN Del'ice Cookie Dough - 175g","p":2.02,"u":"11,54 €/KG","img":"https://fd1-photos.leclercdrive.fr/image.ashx?id=2907887&use=l&cat=p&typeid=i","cat":325066},{"id":264431,"n":"Matière grasse végétale Flora Doux à tartiner - 250g","p":2.29,"pp":1.51,"u":"6,04 €/KG","img":"https://fd1-photos.leclercdrive.fr/image.ashx?id=2908381&use=l&cat=p&typeid=i","cat":315229},{"id":264692,"n":"Croque-Monsieur Maxi Herta jambon fromage x2 - 310g","p":3.09,"u":"9,97 €/KG","img":"https://fd1-photos.leclercdrive.fr/image.ashx?id=2907941&use=l&cat=p&typeid=i","cat":333671},{"id":264694,"n":"Cheetos crispy Balls  90g","p":1.08,"u":"12,00 €/KG","img":"https://fd1-photos.leclercdrive.fr/image.ashx?id=2907962&use=l&cat=p&typeid=i","cat":284449},{"id":264696,"n":"Cheetos crunchy Fromage - 90g","p":1.33,"u":"14,78 €/KG","img":"https://fd1-photos.leclercdrive.fr/image.ashx?id=2907965&use=l&cat=p&typeid=i","cat":284449},{"id":264700,"n":"Cheetos crunchy Sweet Chili - 90g","p":1.33,"u":"14,78 €/KG","img":"https://fd1-photos.leclercdrive.fr/image.ashx?id=2907968&use=l&cat=p&typeid=i","cat":284449},{"id":264707,"n":"Cheetos original  135g","p":1.64,"u":"12,15 €/KG","img":"https://fd1-photos.leclercdrive.fr/image.ashx?id=2907956&use=l&cat=p&typeid=i","cat":284449},{"id":264708,"n":"Cheetos original  Fromage - 80g","p":1.24,"u":"15,50 €/KG","img":"https://fd1-photos.leclercdrive.fr/image.ashx?id=2907959&use=l&cat=p&typeid=i","cat":284449},{"id":264713,"n":"Kit crousti'fajitas Old El Paso Extra doux - 521g","p":4.31,"u":"8,27 €/KG","img":"https://fd1-photos.leclercdrive.fr/image.ashx?id=2908354&use=l&cat=p&typeid=i","cat":288993},{"id":264729,"n":"Bonbons Têtes Brûlées Yaaah ! Sakura & Mangue Wasabi - 180g","p":2.18,"u":"12,11 €/KG","img":"https://fd1-photos.leclercdrive.fr/image.ashx?id=2907021&use=l&cat=p&typeid=i","cat":304250},{"id":264791,"n":"Biscuit au Pop corn P'tit Déli Fourrés chocolat au lait - 150g","p":1.89,"u":"12,60 €/KG","img":"https://fd1-photos.leclercdrive.fr/image.ashx?id=2907303&use=l&cat=p&typeid=i","cat":284488},{"id":264901,"n":"Pomme de terre grenaille Panier du Primeur 1kg","p":1.99,"u":"1,99 €/KG","img":"https://fd1-photos.leclercdrive.fr/image.ashx?id=2907416&use=l&cat=p&typeid=i","cat":284352},{"id":264903,"n":"La Panée soja Garden Gourmet 207g","p":2.66,"u":"12,85 €/KG","img":"https://fd1-photos.leclercdrive.fr/image.ashx?id=2980155&use=l&cat=p&typeid=i","cat":316036},{"id":264904,"n":"Le Classique soja  Garden Gourmet 173g","p":2.71,"u":"15,66 €/KG","img":"https://fd1-photos.leclercdrive.fr/image.ashx?id=2965319&use=l&cat=p&typeid=i","cat":316036},{"id":264959,"n":"Halloumi AOP Les Croisés 200g","p":2.66,"u":"13,30 €/KG","img":"https://fd1-photos.leclercdrive.fr/image.ashx?id=3009532&use=l&cat=p&typeid=i","cat":314026},{"id":264960,"n":"Box XXL Radiatori Côté Snack Boeuf poivre 400g","p":2.99,"u":"7,48 €/KG","img":"https://fd1-photos.leclercdrive.fr/image.ashx?id=2907494&use=l&cat=p&typeid=i","cat":334983},{"id":264963,"n":"Box XXL Radiatori Côté Snack Saumon 400g","p":2.99,"u":"7,48 €/KG","img":"https://fd1-photos.leclercdrive.fr/image.ashx?id=2907497&use=l&cat=p&typeid=i","cat":334983},{"id":265151,"n":"Fromage enfant Mini Babybel  22 portions 484g","p":7.79,"u":"16,10 €/KG","img":"https://fd1-photos.leclercdrive.fr/image.ashx?id=2935843&use=l&cat=p&typeid=i","cat":314030},{"id":265152,"n":"Fromage apéritif Apéricube Soirée match 48 cubes 250g","p":4.17,"u":"16,68 €/KG","img":"https://fd1-photos.leclercdrive.fr/image.ashx?id=2908915&use=l&cat=p&typeid=i","cat":314027},{"id":265156,"n":"Fromage apéritif Apéricube Montagne 48 cubes 250g","p":4.17,"u":"16,68 €/KG","img":"https://fd1-photos.leclercdrive.fr/image.ashx?id=2908924&use=l&cat=p&typeid=i","cat":314027},{"id":265213,"n":"Pain sandwich nature Harry's  x8 - 360g","p":1.7,"u":"4,72 €/KG","img":"https://fd1-photos.leclercdrive.fr/image.ashx?id=2861503&use=l&cat=p&typeid=i","cat":326550},{"id":265268,"n":"Dès de fromage salade Boursin Herbes méditerranéennes - 120g","p":2.2,"u":"18,33 €/KG","img":"https://fd1-photos.leclercdrive.fr/image.ashx?id=2908912&use=l&cat=p&typeid=i","cat":314027},{"id":265370,"n":"Haché moelleux Eco+ 500g","p":3.4,"u":"6,80 €/KG","img":"https://fd1-photos.leclercdrive.fr/image.ashx?id=2930606&use=l&cat=p&typeid=i","cat":326550},{"id":265443,"n":"Martini Bianco 14.5° - 1L","p":9.26,"u":"9,26 €/L","img":"https://fd1-photos.leclercdrive.fr/image.ashx?id=2941952&use=l&cat=p&typeid=i","cat":284913},{"id":265446,"n":"Martini Fiero 14.5° - 1L","p":10.3,"u":"10,30 €/L","img":"https://fd1-photos.leclercdrive.fr/image.ashx?id=2911573&use=l&cat=p&typeid=i","cat":284913},{"id":265449,"n":"Martini rosato 14.5° - 1L","p":9.26,"u":"9,26 €/L","img":"https://fd1-photos.leclercdrive.fr/image.ashx?id=2941946&use=l&cat=p&typeid=i","cat":284913},{"id":265450,"n":"Martini rosso 14.5° - 1L","p":9.26,"u":"9,26 €/L","img":"https://fd1-photos.leclercdrive.fr/image.ashx?id=2941949&use=l&cat=p&typeid=i","cat":284913},{"id":265459,"n":"Lessive en poudre Rainett Aloe vera - 1.45kg","p":8.13,"u":"5,61 €/KG","img":"https://fd1-photos.leclercdrive.fr/image.ashx?id=2912539&use=l&cat=p&typeid=i","cat":284642},{"id":265463,"n":"Fromage fouetté Madame Loïk Ail & Fines herbes x9 - 150g","p":1.98,"u":"13,20 €/KG","img":"https://fd1-photos.leclercdrive.fr/image.ashx?id=3008509&use=l&cat=p&typeid=i","cat":314029},{"id":265513,"n":"Liquide adoucissant Lenor Fleur de jasmin 882ml","p":5.02,"u":"5,69 €/L","img":"https://fd1-photos.leclercdrive.fr/image.ashx?id=2917103&use=l&cat=p&typeid=i","cat":284650},{"id":265514,"n":"Adoucissant Lenor collection Jasmin et rose de mai 1.155L","p":4.53,"u":"3,92 €/L","img":"https://fd1-photos.leclercdrive.fr/image.ashx?id=2912701&use=l&cat=p&typeid=i","cat":284650},{"id":265515,"n":"Adoucissant liquide Lenor Peaux sensibles - 882ml x42","p":5.5,"u":"6,24 €/L","img":"https://fd1-photos.leclercdrive.fr/image.ashx?id=2917100&use=l&cat=p&typeid=i","cat":284650},{"id":265517,"n":"Lingettes humides balai Swiffer Attrape-poussière Citron x10","p":5.39,"img":"https://fd1-photos.leclercdrive.fr/image.ashx?id=2912698&use=l&cat=p&typeid=i","cat":325364},{"id":265519,"n":"Adoucissant Lenor Fresh Air Jardins en fleurs - 504ml x36","p":4.53,"u":"8,99 €/L","img":"https://fd1-photos.leclercdrive.fr/image.ashx?id=2912686&use=l&cat=p&typeid=i","cat":284650},{"id":265521,"n":"Parfum de linge Lenor Fraîcheur florale - 235g - x19","p":6.7,"u":"28,51 €/KG","img":"https://fd1-photos.leclercdrive.fr/image.ashx?id=2912692&use=l&cat=p&typeid=i","cat":325302},{"id":265799,"n":"Désodorisant Febreze Linge frais - x3 recharges","p":7.99,"u":"399,50 €/L","img":"https://fd1-photos.leclercdrive.fr/image.ashx?id=2912680&use=l&cat=p&typeid=i","cat":311629},{"id":265800,"n":"Recharges désodorisant Febreze Linge frais - x3 - 20ml","p":5.69,"u":"284,50 €/L","img":"https://fd1-photos.leclercdrive.fr/image.ashx?id=2912683&use=l&cat=p&typeid=i","cat":311629},{"id":265816,"n":"Dentifrice Parodontax Renforce & protège Blancheur - 75ml","p":6.19,"u":"82,53 €/MT","img":"https://fd1-photos.leclercdrive.fr/image.ashx?id=2911558&use=l&cat=p&typeid=i","cat":284612},{"id":265865,"n":"Boisson végétale bio Bjorg  Coco 2x1L","p":4.84,"u":"2,42 €/L","img":"https://fd1-photos.leclercdrive.fr/image.ashx?id=2911306&use=l&cat=p&typeid=i","cat":313736},{"id":265868,"n":"Lessive liquide Dash 2 en 1 Envolée d'air 40 lavages - 1.8L","p":10.28,"u":"5,71 €/L","img":"https://fd1-photos.leclercdrive.fr/image.ashx?id=2914858&use=l&cat=p&typeid=i","cat":284640},{"id":265890,"n":"Vodka Poliakov cherry 70cl 32°","p":12.14,"u":"17,34 €/L","img":"https://fd1-photos.leclercdrive.fr/image.ashx?id=3002048&use=l&cat=p&typeid=i","cat":284550},{"id":265913,"n":"Lessive en capsule Dash 2 en 1 Fraîcheur de coton - 696g","p":14.89,"u":"21,39 €/KG","img":"https://fd1-photos.leclercdrive.fr/image.ashx?id=2914873&use=l&cat=p&typeid=i","cat":284641},{"id":265919,"n":"Emincés cuit Volandrie 180g","p":2.16,"u":"12,00 €/KG","img":"https://fd1-photos.leclercdrive.fr/image.ashx?id=2902526&use=l&cat=p&typeid=i","cat":326550},{"id":265920,"n":"Tablette lave-vaisselle Fairy  Platinium Anti-terne - 388g","p":10.0,"u":"25,77 €/KG","img":"https://fd1-photos.leclercdrive.fr/image.ashx?id=2914879&use=l&cat=p&typeid=i","cat":284656},{"id":265921,"n":"Capsules lave-vaisselle Fairy Platinium Plus anti-terne 388g","p":8.6,"u":"22,16 €/KG","img":"https://fd1-photos.leclercdrive.fr/image.ashx?id=2914189&use=l&cat=p&typeid=i","cat":284656},{"id":265939,"n":"Lessive liquide Skip  Odeur Control 2x37 - 2.960L","p":19.76,"u":"6,68 €/L","img":"https://fd1-photos.leclercdrive.fr/image.ashx?id=2914252&use=l&cat=p&typeid=i","cat":284640},{"id":265941,"n":"Dentifrice Sensodyne Soin gencives 3x75ml","p":9.83,"pp":5.9,"u":"26,22 €/L","img":"https://fd1-photos.leclercdrive.fr/image.ashx?id=3009020&use=l&cat=p&typeid=i","cat":284612},{"id":265947,"n":"Dentifrice Sensodyne  Soin complet 3x75ml","p":9.83,"pp":5.9,"u":"26,22 €/L","img":"https://fd1-photos.leclercdrive.fr/image.ashx?id=3009023&use=l&cat=p&typeid=i","cat":284612},{"id":265949,"n":"Dentifrice Sensodyne Soin blancheur 3x75ml","p":10.13,"u":"45,02 €/L","img":"https://fd1-photos.leclercdrive.fr/image.ashx?id=2915588&use=l&cat=p&typeid=i","cat":284612},{"id":265950,"n":"Dentifrice Sensodyne Soin blancheur 3x75ml","p":9.83,"pp":5.9,"u":"26,22 €/L","img":"https://fd1-photos.leclercdrive.fr/image.ashx?id=3009026&use=l&cat=p&typeid=i","cat":284612},{"id":266058,"n":"Arôme Melfor 20cl","p":1.79,"u":"8,95 €/L","img":"https://fd1-photos.leclercdrive.fr/image.ashx?id=2913862&use=l&cat=p&typeid=i","cat":318430},{"id":266078,"n":"Lessive liquide Persil Douceur d'amande - 2.565L x61","p":10.64,"u":"4,15 €/L","img":"https://fd1-photos.leclercdrive.fr/image.ashx?id=2944497&use=l&cat=p&typeid=i","cat":284640},{"id":266088,"n":"Adoucissant Cajoline Creations Brise de muguet 1.386L x66","p":6.21,"u":"4,48 €/L","img":"https://fd1-photos.leclercdrive.fr/image.ashx?id=2914240&use=l&cat=p&typeid=i","cat":284650},{"id":266093,"n":"Adoucissant Lenor Envolée d'air - x55 - 1.155L","p":4.53,"u":"3,92 €/L","img":"https://fd1-photos.leclercdrive.fr/image.ashx?id=2914171&use=l&cat=p&typeid=i","cat":284650},{"id":266104,"n":"Lait corps nourissant Nivea Peaux sèches - 400ml","p":4.49,"u":"11,23 €/L","img":"https://fd1-photos.leclercdrive.fr/image.ashx?id=2977639&use=l&cat=p&typeid=i","cat":325349},{"id":266105,"n":"Nettoyant lave-vaisselle Finish Protector - 30g","p":3.67,"u":"122,33 €/KG","img":"https://fd1-photos.leclercdrive.fr/image.ashx?id=2914894&use=l&cat=p&typeid=i","cat":284657},{"id":266107,"n":"Gel WC Harpic Power Plus 750ml","p":2.19,"u":"2,92 €/L","img":"https://fd1-photos.leclercdrive.fr/image.ashx?id=2914027&use=l&cat=p&typeid=i","cat":284662},{"id":266108,"n":"Bloc WC Harpic Hygienic & Fresh Pin Eucalyptus - x2","p":2.21,"img":"https://fd1-photos.leclercdrive.fr/image.ashx?id=2914636&use=l&cat=p&typeid=i","cat":284662},{"id":266110,"n":"Bloc WC Harpic Hygienic & Fresh 2.0 Agrume - x2","p":2.29,"img":"https://fd1-photos.leclercdrive.fr/image.ashx?id=2914633&use=l&cat=p&typeid=i","cat":284662},{"id":266111,"n":"Bloc WC Harpic Hygienic & Fresh 2.0 Marine - x2","p":2.45,"img":"https://fd1-photos.leclercdrive.fr/image.ashx?id=2914024&use=l&cat=p&typeid=i","cat":284662},{"id":266112,"n":"Lessive liquide Ariel Peaux sensibles - 1.575L x35","p":9.88,"u":"6,27 €/L","img":"https://fd1-photos.leclercdrive.fr/image.ashx?id=2914819&use=l&cat=p&typeid=i","cat":284640},{"id":266113,"n":"Lessive liquide Ariel Unstoppable - x30 1.350L","p":9.88,"u":"7,32 €/L","img":"https://fd1-photos.leclercdrive.fr/image.ashx?id=2914144&use=l&cat=p&typeid=i","cat":284640},{"id":266114,"n":"Lessive liquide Ariel Alpine - x35 - 1.575L","p":9.88,"u":"6,27 €/L","img":"https://fd1-photos.leclercdrive.fr/image.ashx?id=2914822&use=l&cat=p&typeid=i","cat":284640},{"id":266137,"n":"Lessive liquide Ariel Ultra détachant - 1.350L x30","p":9.88,"u":"7,32 €/L","img":"https://fd1-photos.leclercdrive.fr/image.ashx?id=2914147&use=l&cat=p&typeid=i","cat":284640},{"id":266139,"n":"Gel WC Harpic Power Plus Marine - 750ml","p":2.42,"u":"3,23 €/L","img":"https://fd1-photos.leclercdrive.fr/image.ashx?id=2914021&use=l&cat=p&typeid=i","cat":284662},{"id":266140,"n":"Capsules lave-vaisselle Finish Ultimate Plus - x47 - 573g","p":11.88,"pp":7.13,"u":"12,44 €/KG","img":"https://fd1-photos.leclercdrive.fr/image.ashx?id=2914630&use=l&cat=p&typeid=i","cat":284656},{"id":266143,"n":"Adoucissant Lenor Fresh Air Rayons soleil - 504ml - x36D","p":4.53,"u":"8,99 €/L","img":"https://fd1-photos.leclercdrive.fr/image.ashx?id=2914153&use=l&cat=p&typeid=i","cat":284650},{"id":266145,"n":"Adoucissant Lenor Fresh Air Soleil tropical - 504ml - x36","p":4.53,"u":"8,99 €/L","img":"https://fd1-photos.leclercdrive.fr/image.ashx?id=2914156&use=l&cat=p&typeid=i","cat":284650},{"id":266147,"n":"Parfum de linge Lenor Parfum d'Ariel - x13 - 155g","p":4.53,"u":"29,23 €/KG","img":"https://fd1-photos.leclercdrive.fr/image.ashx?id=2914159&use=l&cat=p&typeid=i","cat":325302},{"id":266149,"n":"Adoucissant Lenor Fresh Air Fraîcheur matinale 504ml - x36","p":4.53,"u":"8,99 €/L","img":"https://fd1-photos.leclercdrive.fr/image.ashx?id=2914150&use=l&cat=p&typeid=i","cat":284650},{"id":266150,"n":"Lait corps hydratation Nivea Express - 250ml","p":4.22,"u":"16,88 €/L","img":"https://fd1-photos.leclercdrive.fr/image.ashx?id=2977648&use=l&cat=p&typeid=i","cat":325349},{"id":266156,"n":"Lessive capsuleS Ariel Pods+ Unstoppable - 515g - x26","p":15.87,"u":"30,82 €/KG","img":"https://fd1-photos.leclercdrive.fr/image.ashx?id=2914852&use=l&cat=p&typeid=i","cat":284641},{"id":266157,"n":"Lessive capsules Ariel Pods Grandiose Original 762g x21","p":13.07,"u":"17,15 €/KG","img":"https://fd1-photos.leclercdrive.fr/image.ashx?id=2914180&use=l&cat=p&typeid=i","cat":284641},{"id":266162,"n":"Capsules lave-vaisselle Finish Quantum - 707g - x68","p":11.88,"pp":7.13,"u":"10,08 €/KG","img":"https://fd1-photos.leclercdrive.fr/image.ashx?id=2914627&use=l&cat=p&typeid=i","cat":284656},{"id":266163,"n":"Parfum de linge Lenor Jasmin & Rose de mai 155g x13","p":4.53,"u":"29,23 €/KG","img":"https://fd1-photos.leclercdrive.fr/image.ashx?id=2914162&use=l&cat=p&typeid=i","cat":325302},{"id":266165,"n":"Fromage enfant Mini Babybel Mix 9 portions","p":3.98,"u":"0,66 €/P","img":"https://fd1-photos.leclercdrive.fr/image.ashx?id=2911912&use=l&cat=p&typeid=i","cat":314030},{"id":266166,"n":"Lessive capsules Ariel 3en1 Pods - Alpine - 546g - x30","p":13.89,"u":"25,44 €/KG","img":"https://fd1-photos.leclercdrive.fr/image.ashx?id=2914177&use=l&cat=p&typeid=i","cat":284641},{"id":266168,"n":"Lessive capsules Ariel 3en1 Pods - Alpine - 346g x19","p":10.84,"u":"31,33 €/KG","img":"https://fd1-photos.leclercdrive.fr/image.ashx?id=2914867&use=l&cat=p&typeid=i","cat":284641},{"id":266177,"n":"Adoucissant Soupline Lenor Ambre & orchidée - 1.155L x55","p":4.53,"u":"3,92 €/L","img":"https://fd1-photos.leclercdrive.fr/image.ashx?id=2914165&use=l&cat=p&typeid=i","cat":284650},{"id":266178,"n":"Adoucissant Lenor Envolée air - 882ml x42","p":3.79,"u":"4,30 €/L","img":"https://fd1-photos.leclercdrive.fr/image.ashx?id=2914168&use=l&cat=p&typeid=i","cat":284650},{"id":266181,"n":"Adoucissant Lenor Bouquet floral - 1.155L - x55","p":4.53,"u":"3,92 €/L","img":"https://fd1-photos.leclercdrive.fr/image.ashx?id=2914174&use=l&cat=p&typeid=i","cat":284650},{"id":266182,"n":"Adoucissant Lenor Ambre & orchidée - 882ml - x42","p":4.61,"u":"5,23 €/L","img":"https://fd1-photos.leclercdrive.fr/image.ashx?id=2914864&use=l&cat=p&typeid=i","cat":284650},{"id":266183,"n":"Adoucissant Lenor Jasmin & Rose de mai 882ml x42","p":4.63,"u":"5,25 €/L","img":"https://fd1-photos.leclercdrive.fr/image.ashx?id=2914861&use=l&cat=p&typeid=i","cat":284650},{"id":266199,"n":"Adoucissant Soupline Ultra Fraîcheur infinie rosée 800ml","p":5.89,"u":"7,36 €/L","img":"https://fd1-photos.leclercdrive.fr/image.ashx?id=2991027&use=l&cat=p&typeid=i","cat":284650},{"id":266201,"n":"Adoucissant Soupline Ultra Fraîcheur infinie lagon 800ml","p":6.54,"u":"8,18 €/L","img":"https://fd1-photos.leclercdrive.fr/image.ashx?id=2991024&use=l&cat=p&typeid=i","cat":284650},{"id":266203,"n":"Adoucissant Soupline Ultra concentré Rose éclatante 800 ml","p":8.6,"u":"10,75 €/L","img":"https://fd1-photos.leclercdrive.fr/image.ashx?id=2914210&use=l&cat=p&typeid=i","cat":284650},{"id":266204,"n":"Adoucissant Soupline Ultra Emotion vanille - 1800ml","p":11.2,"u":"6,22 €/L","img":"https://fd1-photos.leclercdrive.fr/image.ashx?id=2914207&use=l&cat=p&typeid=i","cat":284650},{"id":266206,"n":"Adoucissant Soupline Ultra concentré Fraicheur Azur 800 ml","p":5.93,"u":"7,41 €/L","img":"https://fd1-photos.leclercdrive.fr/image.ashx?id=2991030&use=l&cat=p&typeid=i","cat":284650},{"id":266208,"n":"Adoucissant Soupline Ultra concentré Soin Expert 800 ml","p":6.54,"u":"8,18 €/L","img":"https://fd1-photos.leclercdrive.fr/image.ashx?id=2914222&use=l&cat=p&typeid=i","cat":284650},{"id":266210,"n":"Adoucissant Soupline Concentré   Sublime Musc 1,26L","p":5.53,"u":"4,39 €/L","img":"https://fd1-photos.leclercdrive.fr/image.ashx?id=2966803&use=l&cat=p&typeid=i","cat":284650},{"id":266213,"n":"Adoucissant Soupline Emotion ambré - 1260ml","p":5.96,"u":"4,73 €/L","img":"https://fd1-photos.leclercdrive.fr/image.ashx?id=2914231&use=l&cat=p&typeid=i","cat":284650},{"id":266231,"n":"Cuisses de poulet Bon plan Douce France - 900g","p":5.4,"u":"6,00 €/KG","img":"https://fd1-photos.leclercdrive.fr/image.ashx?id=2913985&use=l&cat=p&typeid=i","cat":284336},{"id":266232,"n":"Riz risotto Taureau Ailé 1kg","p":3.29,"u":"3,29 €/KG","img":"https://fd1-photos.leclercdrive.fr/image.ashx?id=2914696&use=l&cat=p&typeid=i","cat":284428},{"id":266236,"n":"Cubes Filet de poulet Bon Plan Douce France - 400g","p":5.93,"u":"14,83 €/KG","img":"https://fd1-photos.leclercdrive.fr/image.ashx?id=2913988&use=l&cat=p&typeid=i","cat":284336},{"id":266238,"n":"Bonbons La Vosgienne  Cassis sans sucres -  49g","p":1.89,"u":"38,57 €/KG","img":"https://fd1-photos.leclercdrive.fr/image.ashx?id=2971900&use=l&cat=p&typeid=i","cat":304252},{"id":266239,"n":"Bonbons La Vosgienne Menthe citron sans sucres - 49g","p":1.89,"u":"38,57 €/KG","img":"https://fd1-photos.leclercdrive.fr/image.ashx?id=2991190&use=l&cat=p&typeid=i","cat":304252},{"id":266242,"n":"Filet de poulet Bon Plan Douce France - 500g","p":6.09,"u":"12,18 €/KG","img":"https://fd1-photos.leclercdrive.fr/image.ashx?id=2914561&use=l&cat=p&typeid=i","cat":284336},{"id":266244,"n":"Bonbons La Vosgienne Menthol Eucalyptus - 46g","p":1.89,"u":"41,09 €/KG","img":"https://fd1-photos.leclercdrive.fr/image.ashx?id=2979054&use=l&cat=p&typeid=i","cat":304252},{"id":266249,"n":"Bonbons La Vosgienne Sève de pin sans sucres - 46g","p":1.89,"u":"41,09 €/KG","img":"https://fd1-photos.leclercdrive.fr/image.ashx?id=2991193&use=l&cat=p&typeid=i","cat":304252},{"id":266342,"n":"Chewing-gum Hubba Bubba Fraise 56g","p":1.99,"u":"35,54 €/KG","img":"https://fd1-photos.leclercdrive.fr/image.ashx?id=2914729&use=l&cat=p&typeid=i","cat":304251},{"id":266402,"n":"Pâte à tartiner Pistache  Dolcioso - 240g","p":4.98,"u":"20,75 €/KG","img":"https://fd1-photos.leclercdrive.fr/image.ashx?id=2914060&use=l&cat=p&typeid=i","cat":284481},{"id":266412,"n":"Pâte à tartiner Amande  Dolcioso - 240g","p":4.98,"u":"20,75 €/KG","img":"https://fd1-photos.leclercdrive.fr/image.ashx?id=3011662&use=l&cat=p&typeid=i","cat":284481},{"id":266435,"n":"Brume adoucissant Soupline Grand air - Anti-plis 300ml","p":7.39,"u":"24,63 €/L","img":"https://fd1-photos.leclercdrive.fr/image.ashx?id=2967974&use=l&cat=p&typeid=i","cat":284650},{"id":266436,"n":"Lessive liquide Ariel Original - 1.575L - x35","p":9.88,"u":"6,27 €/L","img":"https://fd1-photos.leclercdrive.fr/image.ashx?id=2914813&use=l&cat=p&typeid=i","cat":284640},{"id":266438,"n":"Lessive liquide Ariel Protection fibres - 1.350ml x30","p":9.88,"u":"7,32 €/L","img":"https://fd1-photos.leclercdrive.fr/image.ashx?id=2914825&use=l&cat=p&typeid=i","cat":284640},{"id":266440,"n":"Lessive liquide Ariel Active - 1350ml x30","p":9.88,"u":"7,32 €/L","img":"https://fd1-photos.leclercdrive.fr/image.ashx?id=2914828&use=l&cat=p&typeid=i","cat":284640},{"id":266444,"n":"Lessive capsules Ariel 3en1 Original - 546g - x30","p":11.48,"u":"21,03 €/KG","img":"https://fd1-photos.leclercdrive.fr/image.ashx?id=2914834&use=l&cat=p&typeid=i","cat":284641},{"id":266445,"n":"Lessive capsules Ariel Pods+ Active - 554g - x26","p":13.06,"u":"23,57 €/KG","img":"https://fd1-photos.leclercdrive.fr/image.ashx?id=2914843&use=l&cat=p&typeid=i","cat":284641},{"id":266446,"n":"Lessive capsules Ariel Pods+ Active - 405g - x19","p":10.66,"u":"26,32 €/KG","img":"https://fd1-photos.leclercdrive.fr/image.ashx?id=2914849&use=l&cat=p&typeid=i","cat":284641},{"id":266448,"n":"Lessive capsules Ariel Pods Original - 346g - x19","p":9.94,"u":"28,73 €/KG","img":"https://fd1-photos.leclercdrive.fr/image.ashx?id=2914855&use=l&cat=p&typeid=i","cat":284641},{"id":266449,"n":"Lessive capsules Ariel Pods Grandiose Alpine x21 - 762g","p":12.9,"u":"16,93 €/KG","img":"https://fd1-photos.leclercdrive.fr/image.ashx?id=2970245&use=l&cat=p&typeid=i","cat":284641},{"id":266450,"n":"Lessive capsules Ariel Pods+ Ultra détachant - 443g x19","p":10.66,"u":"24,06 €/KG","img":"https://fd1-photos.leclercdrive.fr/image.ashx?id=2914837&use=l&cat=p&typeid=i","cat":284641},{"id":266452,"n":"Lessive capsules Ariel Pods+ Unstoppable - 376g x19","p":10.66,"u":"28,35 €/KG","img":"https://fd1-photos.leclercdrive.fr/image.ashx?id=2914840&use=l&cat=p&typeid=i","cat":284641},{"id":266465,"n":"Lessive liquide Skip Bébé - 1.47L x35","p":12.93,"u":"8,80 €/L","img":"https://fd1-photos.leclercdrive.fr/image.ashx?id=2971787&use=l&cat=p&typeid=i","cat":284640},{"id":266466,"n":"Lessive capsules Ariel Pods+ Ultra détachant - 606g x26","p":15.87,"u":"26,19 €/KG","img":"https://fd1-photos.leclercdrive.fr/image.ashx?id=2914846&use=l&cat=p&typeid=i","cat":284641},{"id":266468,"n":"Recharges diffuseur électrique Airwick - Duo vanille 38ml","p":7.38,"u":"194,21 €/L","img":"https://fd1-photos.leclercdrive.fr/image.ashx?id=2914621&use=l&cat=p&typeid=i","cat":311629},{"id":266470,"n":"Recharges diffuseur électrique Airwick - Cannelle - 19ml","p":4.54,"u":"238,95 €/L","img":"https://fd1-photos.leclercdrive.fr/image.ashx?id=2914624&use=l&cat=p&typeid=i","cat":311629},{"id":266473,"n":"Eau gazeuse San Pellegrino Pêche Menthe - 6x33cl","p":3.24,"u":"1,64 €/L","img":"https://fd1-photos.leclercdrive.fr/image.ashx?id=2914780&use=l&cat=p&typeid=i","cat":284532},{"id":266688,"n":"Baguettes forestières Kauffer's - x3  345g","p":5.29,"u":"15,33 €/KG","img":"https://fd1-photos.leclercdrive.fr/image.ashx?id=2939547&use=l&cat=p&typeid=i","cat":284254},{"id":266706,"n":"Pain de mie La Boulangère Complet & graines - 500g","p":1.89,"u":"3,78 €/KG","img":"https://fd1-photos.leclercdrive.fr/image.ashx?id=2926693&use=l&cat=p&typeid=i","cat":284477},{"id":266755,"n":"Gel détartrant Canard WC Ecolabel - 750ml","p":2.47,"pp":1.63,"u":"2,17 €/L","img":"https://fd1-photos.leclercdrive.fr/image.ashx?id=2916390&use=l&cat=p&typeid=i","cat":284662},{"id":266757,"n":"Gel nettoyant Canard Action rapide - 750ml","p":2.47,"pp":1.63,"u":"2,17 €/L","img":"https://fd1-photos.leclercdrive.fr/image.ashx?id=2916393&use=l&cat=p&typeid=i","cat":284662},{"id":266763,"n":"Farine Bio Happy Bio Riz blanc - x6 - 500g","p":3.03,"u":"6,06 €/KG","img":"https://fd1-photos.leclercdrive.fr/image.ashx?id=2916036&use=l&cat=p&typeid=i","cat":284503},{"id":267005,"n":"Soda Coca-Cola Lemon Bouteille - 1,25L","p":1.79,"u":"1,43 €/L","img":"https://fd1-photos.leclercdrive.fr/image.ashx?id=2916435&use=l&cat=p&typeid=i","cat":284530},{"id":267010,"n":"Farine pois chiches Happy Bio 500g","p":3.63,"u":"7,26 €/KG","img":"https://fd1-photos.leclercdrive.fr/image.ashx?id=2916039&use=l&cat=p&typeid=i","cat":284503},{"id":267011,"n":"Farine d'avoine Happy Bio Complète - 500g","p":3.33,"u":"6,66 €/KG","img":"https://fd1-photos.leclercdrive.fr/image.ashx?id=2916042&use=l&cat=p&typeid=i","cat":284503},{"id":267162,"n":"Papier toilette Le Trèfle Douceur bambou - x18","p":11.25,"img":"https://fd1-photos.leclercdrive.fr/image.ashx?id=2916471&use=l&cat=p&typeid=i","cat":323290},{"id":267203,"n":"Porp Corn salés Tokapi Pop-Box - x2 - 180g","p":1.61,"u":"8,94 €/KG","img":"https://fd1-photos.leclercdrive.fr/image.ashx?id=2915660&use=l&cat=p&typeid=i","cat":304249},{"id":267328,"n":"Nettoyant désinfectant Clair 1.5L","p":1.85,"u":"1,23 €/L","img":"https://fd1-photos.leclercdrive.fr/image.ashx?id=2916593&use=l&cat=p&typeid=i","cat":325357},{"id":267332,"n":"Adoucissant Cajoline Créations Souffle de fraîcheur 1.386L x66","p":5.88,"u":"4,24 €/L","img":"https://fd1-photos.leclercdrive.fr/image.ashx?id=2917109&use=l&cat=p&typeid=i","cat":284650},{"id":267333,"n":"Adoucissant Cajoline Créations Fleur de tiaré & Pivoine 1.386L","p":5.64,"u":"4,07 €/L","img":"https://fd1-photos.leclercdrive.fr/image.ashx?id=2917112&use=l&cat=p&typeid=i","cat":284650},{"id":267335,"n":"Adoucissant Cajoline Créations Lavande & Rose blanche 1.386L","p":4.35,"u":"3,14 €/L","img":"https://fd1-photos.leclercdrive.fr/image.ashx?id=2917115&use=l&cat=p&typeid=i","cat":284650},{"id":267336,"n":"Adoucissant Cajoline Doux & Pur L'original - 1.386L x66","p":4.35,"u":"3,14 €/L","img":"https://fd1-photos.leclercdrive.fr/image.ashx?id=2917118&use=l&cat=p&typeid=i","cat":284650},{"id":267339,"n":"Adoucissant Cajoline Origines Fraîcheur Céleste 1.254L x66","p":4.53,"u":"3,61 €/L","img":"https://fd1-photos.leclercdrive.fr/image.ashx?id=2917121&use=l&cat=p&typeid=i","cat":284650},{"id":267341,"n":"Adoucissant Cajoline Elixir Bouquet estival - 460ml","p":6.87,"u":"14,93 €/L","img":"https://fd1-photos.leclercdrive.fr/image.ashx?id=2940672&use=l&cat=p&typeid=i","cat":284650},{"id":267342,"n":"Adoucissant liquide Cajoline Elixir Brise printanière 460ml","p":6.63,"u":"14,41 €/L","img":"https://fd1-photos.leclercdrive.fr/image.ashx?id=3000896&use=l&cat=p&typeid=i","cat":284650},{"id":267346,"n":"Vodka Eristoff passion 18%vol - 70cl","p":11.79,"u":"16,84 €/L","img":"https://fd1-photos.leclercdrive.fr/image.ashx?id=2917058&use=l&cat=p&typeid=i","cat":284550},{"id":267371,"n":"Adoucissant Cajoline Créations Fleur de la passion 1.386L x66","p":4.35,"u":"3,14 €/L","img":"https://fd1-photos.leclercdrive.fr/image.ashx?id=2918107&use=l&cat=p&typeid=i","cat":284650},{"id":267388,"n":"Adoucissant liquide Cajoline Elixir Fraîcheur Céleste 460ml","p":6.87,"u":"14,93 €/L","img":"https://fd1-photos.leclercdrive.fr/image.ashx?id=2918113&use=l&cat=p&typeid=i","cat":284650},{"id":267391,"n":"Adoucissant Cajoline Origines Brise printanière 1.254L x66","p":6.52,"u":"5,20 €/L","img":"https://fd1-photos.leclercdrive.fr/image.ashx?id=2918110&use=l&cat=p&typeid=i","cat":284650},{"id":267411,"n":"Bière Softiz Pêche Sans alcool - 6x27.5cl","p":3.16,"u":"1,92 €/L","img":"https://fd1-photos.leclercdrive.fr/image.ashx?id=2916764&use=l&cat=p&typeid=i","cat":334877},{"id":267955,"n":"Escalopes de poulet Eco+ x5 - 600g","p":5.99,"u":"9,98 €/KG","img":"https://fd1-photos.leclercdrive.fr/image.ashx?id=2918239&use=l&cat=p&typeid=i","cat":284336},{"id":267990,"n":"Jus de poire Innocent 750ml","p":2.98,"u":"3,97 €/L","img":"https://fd1-photos.leclercdrive.fr/image.ashx?id=2925882&use=l&cat=p&typeid=i","cat":284354},{"id":267991,"n":"Jus d'orange sanguine Innocent 750ml","p":3.45,"u":"4,60 €/L","img":"https://fd1-photos.leclercdrive.fr/image.ashx?id=2935020&use=l&cat=p&typeid=i","cat":284521},{"id":268008,"n":"Burrata Les Croisés 26%MG 200g","p":4.11,"u":"20,55 €/KG","img":"https://fd1-photos.leclercdrive.fr/image.ashx?id=3009562&use=l&cat=p&typeid=i","cat":314026},{"id":268011,"n":"Skyr Délisse Fruits rouges 4x100g","p":1.87,"u":"4,68 €/KG","img":"https://fd1-photos.leclercdrive.fr/image.ashx?id=2992609&use=l&cat=p&typeid=i","cat":315000},{"id":268029,"n":"Culottes Pampers Baby-dry Pants Taille 7 - x29","p":16.0,"u":"0,55 €/P","img":"https://fd1-photos.leclercdrive.fr/image.ashx?id=2919934&use=l&cat=p&typeid=i","cat":290633},{"id":268030,"n":"Culottes Pampers Premium Protection Pants - Taille 4 x31","p":15.99,"u":"0,52 €/P","img":"https://fd1-photos.leclercdrive.fr/image.ashx?id=2919937&use=l&cat=p&typeid=i","cat":290633},{"id":268038,"n":"Couches Pampers Baby-dry Taille 4 - x43","p":14.3,"u":"0,33 €/P","img":"https://fd1-photos.leclercdrive.fr/image.ashx?id=2942003&use=l&cat=p&typeid=i","cat":284737},{"id":268041,"n":"Couches Pampers Baby-Dry Taille 2 - x56","p":16.0,"u":"0,29 €/P","img":"https://fd1-photos.leclercdrive.fr/image.ashx?id=2919982&use=l&cat=p&typeid=i","cat":284737},{"id":268052,"n":"Couches Pampers Baby-Dry Taille 5+ - x35","p":15.97,"u":"0,46 €/P","img":"https://fd1-photos.leclercdrive.fr/image.ashx?id=2942006&use=l&cat=p&typeid=i","cat":284737},{"id":268054,"n":"Couches Pampers Baby-Dry Taille 3 - x50","p":14.38,"u":"0,29 €/P","img":"https://fd1-photos.leclercdrive.fr/image.ashx?id=2919988&use=l&cat=p&typeid=i","cat":284737},{"id":268057,"n":"Couches Pampers Premium Protection Taille 2 - x54","p":15.99,"u":"0,30 €/P","img":"https://fd1-photos.leclercdrive.fr/image.ashx?id=2957392&use=l&cat=p&typeid=i","cat":284737},{"id":268058,"n":"Box XXL Radiatori Côté Snack Poulet crème et Emmental 400g","p":2.99,"u":"7,48 €/KG","img":"https://fd1-photos.leclercdrive.fr/image.ashx?id=2918520&use=l&cat=p&typeid=i","cat":334983},{"id":268072,"n":"Tofu Végé 250g","p":1.99,"u":"7,96 €/KG","img":"https://fd1-photos.leclercdrive.fr/image.ashx?id=2918535&use=l&cat=p&typeid=i","cat":316036},{"id":268077,"n":"Fromage Mini Babybel  Protéines x5 - 110g","p":2.38,"u":"21,64 €/KG","img":"https://fd1-photos.leclercdrive.fr/image.ashx?id=2923567&use=l&cat=p&typeid=i","cat":314030},{"id":268078,"n":"Crème glacée Häagen-Dazs Strawberries & cream 400g","p":4.79,"u":"11,98 €/KG","img":"https://fd1-photos.leclercdrive.fr/image.ashx?id=2919811&use=l&cat=p&typeid=i","cat":284725},{"id":268080,"n":"Mini pots Häagen-Dazs Original Collection x4 - 321g","p":5.49,"u":"17,10 €/KG","img":"https://fd1-photos.leclercdrive.fr/image.ashx?id=2992855&use=l&cat=p&typeid=i","cat":284725},{"id":268179,"n":"Culottes Pampers Premium Protection Pants - Taille 5 x29","p":15.99,"u":"0,55 €/P","img":"https://fd1-photos.leclercdrive.fr/image.ashx?id=3009245&use=l&cat=p&typeid=i","cat":290633},{"id":268185,"n":"Couches Pampers Baby-Dry Taille 4+ - x39","p":15.97,"u":"0,41 €/P","img":"https://fd1-photos.leclercdrive.fr/image.ashx?id=2941997&use=l&cat=p&typeid=i","cat":284737},{"id":268186,"n":"Couches Pmapers Premium Protection - Taille 4 x38","p":15.89,"u":"0,42 €/P","img":"https://fd1-photos.leclercdrive.fr/image.ashx?id=2919994&use=l&cat=p&typeid=i","cat":284737},{"id":268189,"n":"Couches Pampers Premium Protection Taille 3 x46","p":15.89,"u":"0,35 €/P","img":"https://fd1-photos.leclercdrive.fr/image.ashx?id=2991009&use=l&cat=p&typeid=i","cat":284737},{"id":268191,"n":"Culottes Pampers Baby-Dry Pants Taille 6 - x31","p":14.38,"u":"0,46 €/P","img":"https://fd1-photos.leclercdrive.fr/image.ashx?id=2920009&use=l&cat=p&typeid=i","cat":290633},{"id":268192,"n":"Culottes Pampers Baby-Dry Pants Taille 4 - x41","p":16.49,"u":"0,40 €/P","img":"https://fd1-photos.leclercdrive.fr/image.ashx?id=2920012&use=l&cat=p&typeid=i","cat":290633},{"id":268231,"n":"Penne Rigate Barilla  Protein + - 400g","p":2.07,"u":"5,18 €/KG","img":"https://fd1-photos.leclercdrive.fr/image.ashx?id=2919928&use=l&cat=p&typeid=i","cat":284427},{"id":268234,"n":"Spaghetti Barilla  Protein + - 400g","p":2.07,"u":"5,18 €/KG","img":"https://fd1-photos.leclercdrive.fr/image.ashx?id=2919931&use=l&cat=p&typeid=i","cat":284427},{"id":268236,"n":"Fusilli Barilla  Protein + - 400g","p":2.18,"u":"5,45 €/KG","img":"https://fd1-photos.leclercdrive.fr/image.ashx?id=2919925&use=l&cat=p&typeid=i","cat":284427},{"id":268300,"n":"Brioche tressée Pasquier Tranchée nature - 500g","p":1.83,"u":"3,66 €/KG","img":"https://fd1-photos.leclercdrive.fr/image.ashx?id=2978706&use=l&cat=p&typeid=i","cat":326550},{"id":268345,"n":"Biscuits fourrés BN Chocolat caramel - x3 - 855g","p":6.42,"u":"7,51 €/KG","img":"https://fd1-photos.leclercdrive.fr/image.ashx?id=2921474&use=l&cat=p&typeid=i","cat":284488},{"id":268346,"n":"Biscuits BN fourrés chocolat à la pâte à tartiner- x3 - 855g","p":6.42,"u":"7,51 €/KG","img":"https://fd1-photos.leclercdrive.fr/image.ashx?id=2921477&use=l&cat=p&typeid=i","cat":284488},{"id":268448,"n":"Bière La Goudale  Rubis - 75cl - 5% vol.","p":2.92,"u":"3,89 €/L","img":"https://fd1-photos.leclercdrive.fr/image.ashx?id=2921648&use=l&cat=p&typeid=i","cat":334878},{"id":268465,"n":"Pepsi pack de 6 canettes  6x33cl","p":3.18,"u":"1,61 €/L","img":"https://fd1-photos.leclercdrive.fr/image.ashx?id=2921540&use=l&cat=p&typeid=i","cat":284530},{"id":268468,"n":"Thé glacé Lipton Framboise  1.75L","p":2.34,"u":"1,34 €/L","img":"https://fd1-photos.leclercdrive.fr/image.ashx?id=2921103&use=l&cat=p&typeid=i","cat":295019},{"id":268481,"n":"Paic Liquide vaisselle  Citron Agrumes 500ml","p":3.13,"u":"6,26 €/L","img":"https://fd1-photos.leclercdrive.fr/image.ashx?id=2922311&use=l&cat=p&typeid=i","cat":284655},{"id":268514,"n":"Dentifrice Oral B Expert Blanchiment doux 3x75ml","p":9.42,"u":"6,28 €/L","img":"https://fd1-photos.leclercdrive.fr/image.ashx?id=2920889&use=l&cat=p&typeid=i","cat":284612},{"id":268765,"n":"Dentifrice Oral B Pro Expert Dents sensibles - 3x75ml","p":9.42,"u":"41,87 €/L","img":"https://fd1-photos.leclercdrive.fr/image.ashx?id=2920966&use=l&cat=p&typeid=i","cat":284612},{"id":268901,"n":"Mini madeleines Saint Michel Provencale - 100g","p":1.36,"u":"13,60 €/KG","img":"https://fd1-photos.leclercdrive.fr/image.ashx?id=2936305&use=l&cat=p&typeid=i","cat":326550},{"id":269137,"n":"Roquefort AOP Société douceur 100g","p":2.55,"u":"25,50 €/KG","img":"https://fd1-photos.leclercdrive.fr/image.ashx?id=2922539&use=l&cat=p&typeid=i","cat":314032},{"id":269150,"n":"Capsules de Café KitKat Dolce Gusto x16","p":5.27,"u":"0,33 €/P","img":"https://fd1-photos.leclercdrive.fr/image.ashx?id=2924893&use=l&cat=p&typeid=i","cat":293239},{"id":269161,"n":"Lessive liquide Persil  Bouquet de Provence - 1,806L","p":7.97,"u":"4,41 €/L","img":"https://fd1-photos.leclercdrive.fr/image.ashx?id=2924977&use=l&cat=p&typeid=i","cat":284640},{"id":269169,"n":"Lessive liquide Skip  Active clean - 2.520 L","p":17.06,"u":"6,77 €/L","img":"https://fd1-photos.leclercdrive.fr/image.ashx?id=2924974&use=l&cat=p&typeid=i","cat":284640},{"id":269176,"n":"Lessive liquide Skip  Peaux sensiles - 1,554L","p":12.34,"u":"7,94 €/L","img":"https://fd1-photos.leclercdrive.fr/image.ashx?id=2985669&use=l&cat=p&typeid=i","cat":284640},{"id":269197,"n":"Lessive liquide Persil  Douceur d'amande - 1.806","p":7.69,"u":"4,26 €/L","img":"https://fd1-photos.leclercdrive.fr/image.ashx?id=2944491&use=l&cat=p&typeid=i","cat":284640},{"id":269386,"n":"Lessive Liquide Persil Peaux Sensibles 43 lavages","p":9.26,"u":"5,13 €/L","img":"https://fd1-photos.leclercdrive.fr/image.ashx?id=2945838&use=l&cat=p&typeid=i","cat":284640},{"id":269409,"n":"Mouchoirs Kleenex Vice versa 4 Plis - x15","p":2.07,"u":"0,14 €/P","img":"https://fd1-photos.leclercdrive.fr/image.ashx?id=2922968&use=l&cat=p&typeid=i","cat":284638},{"id":269798,"n":"Boisson energisante Red Bull Zéro - 4x250ml","p":4.89,"u":"4,89 €/L","img":"https://fd1-photos.leclercdrive.fr/image.ashx?id=3011998&use=l&cat=p&typeid=i","cat":284533},{"id":269812,"n":"Gel nettoyant Garnier  Booster d'éclat - 250ml","p":5.79,"u":"23,16 €/L","img":"https://fd1-photos.leclercdrive.fr/image.ashx?id=2954241&use=l&cat=p&typeid=i","cat":284603},{"id":269912,"n":"P'tit gourmand Nestlé  Vanille - 4x100g","p":1.6,"u":"4,00 €/KG","img":"https://fd1-photos.leclercdrive.fr/image.ashx?id=2946278&use=l&cat=p&typeid=i","cat":312392},{"id":270164,"n":"Sauce pesto Barilla Basilic mozzarella - 190g","p":2.48,"u":"13,05 €/KG","img":"https://fd1-photos.leclercdrive.fr/image.ashx?id=2927699&use=l&cat=p&typeid=i","cat":287599},{"id":270165,"n":"Sauce tomate Barilla Mijoté avec du porc - 300g","p":2.48,"u":"8,27 €/KG","img":"https://fd1-photos.leclercdrive.fr/image.ashx?id=2927696&use=l&cat=p&typeid=i","cat":287599},{"id":270169,"n":"Sauce bolognaise Barilla 300g","p":2.28,"u":"7,60 €/KG","img":"https://fd1-photos.leclercdrive.fr/image.ashx?id=2927693&use=l&cat=p&typeid=i","cat":299047},{"id":270171,"n":"Sauce tomate Barilla à la pancetta - 300g","p":2.48,"u":"8,27 €/KG","img":"https://fd1-photos.leclercdrive.fr/image.ashx?id=2927690&use=l&cat=p&typeid=i","cat":299047},{"id":270173,"n":"Bâtonnets Nuii Pistache d'Anatolie crème x4 284g","p":4.34,"u":"15,28 €/KG","img":"https://fd1-photos.leclercdrive.fr/image.ashx?id=2927630&use=l&cat=p&typeid=i","cat":284265},{"id":270180,"n":"Barre céréales P'tit Déli 138g","p":1.47,"u":"10,65 €/KG","img":"https://fd1-photos.leclercdrive.fr/image.ashx?id=2926176&use=l&cat=p&typeid=i","cat":300032},{"id":270198,"n":"Barres enfants P'tit Déli  Petales chocolats - 120g","p":1.48,"u":"12,33 €/KG","img":"https://fd1-photos.leclercdrive.fr/image.ashx?id=2926173&use=l&cat=p&typeid=i","cat":300032},{"id":270212,"n":"Bâtonnets Nuii chocolat noir Noix du Brésil x4 276g","p":4.89,"u":"17,72 €/KG","img":"https://fd1-photos.leclercdrive.fr/image.ashx?id=3000396&use=l&cat=p&typeid=i","cat":284265},{"id":270237,"n":"Crêpes framboise Whaou! Fruity - x6 180g","p":1.88,"u":"10,44 €/KG","img":"https://fd1-photos.leclercdrive.fr/image.ashx?id=2928741&use=l&cat=p&typeid=i","cat":284494},{"id":270334,"n":"Infusion a froid Tisea Citron menthe - x15 33g","p":1.89,"u":"57,27 €/KG","img":"https://fd1-photos.leclercdrive.fr/image.ashx?id=2927774&use=l&cat=p&typeid=i","cat":293234},{"id":270349,"n":"Poudre cacaotée Nesquik  Moins de sucre - 350g","p":4.12,"u":"11,77 €/KG","img":"https://fd1-photos.leclercdrive.fr/image.ashx?id=3005380&use=l&cat=p&typeid=i","cat":293235},{"id":270432,"n":"1/5 Thon entier au naturel Un Pêcheur Sachant Pêcher 3x112","p":5.67,"u":"16,88 €/KG","img":"https://fd1-photos.leclercdrive.fr/image.ashx?id=2928567&use=l&cat=p&typeid=i","cat":303867},{"id":270434,"n":"Rhum Captain Morgan Spiced Gold Sans Alcool - 70cl","p":10.99,"u":"15,70 €/L","img":"https://fd1-photos.leclercdrive.fr/image.ashx?id=2928074&use=l&cat=p&typeid=i","cat":284549},{"id":270483,"n":"Boisson Tropico Orange ananas 400ml","p":1.49,"u":"3,73 €/L","img":"https://fd1-photos.leclercdrive.fr/image.ashx?id=2929488&use=l&cat=p&typeid=i","cat":295018},{"id":270661,"n":"Ferments lactiques Vahiné Pour yahourt maison -20g","p":3.5,"u":"175,00 €/KG","img":"https://fd1-photos.leclercdrive.fr/image.ashx?id=2930069&use=l&cat=p&typeid=i","cat":284505},{"id":270679,"n":"Pâte a tartiner Nocciolata Bio cacao noisette - 400g","p":4.73,"u":"11,83 €/KG","img":"https://fd1-photos.leclercdrive.fr/image.ashx?id=2930412&use=l&cat=p&typeid=i","cat":284481},{"id":270681,"n":"Pâte à tartiner Nocciolata  Bio - 400g","p":5.54,"u":"13,85 €/KG","img":"https://fd1-photos.leclercdrive.fr/image.ashx?id=2938220&use=l&cat=p&typeid=i","cat":284481},{"id":270766,"n":"Eau aromatisée Vittel Aro Fraise framboise - 1L","p":1.19,"u":"1,19 €/L","img":"https://fd1-photos.leclercdrive.fr/image.ashx?id=2940624&use=l&cat=p&typeid=i","cat":284537},{"id":270768,"n":"Eau aromatisée Vittel Aro Pêche abricot - 1L","p":1.19,"u":"1,19 €/L","img":"https://fd1-photos.leclercdrive.fr/image.ashx?id=2940627&use=l&cat=p&typeid=i","cat":284537},{"id":270776,"n":"Ferments lactiques Vahiné Pour yaourt maison - 16g","p":2.68,"u":"167,50 €/KG","img":"https://fd1-photos.leclercdrive.fr/image.ashx?id=2930063&use=l&cat=p&typeid=i","cat":284505},{"id":270778,"n":"Ferments lactiques vahiné Pour yaourt maison","p":3.5,"u":"175,00 €/KG","img":"https://fd1-photos.leclercdrive.fr/image.ashx?id=2930066&use=l&cat=p&typeid=i","cat":284505},{"id":270900,"n":"Fromager saumon fumé Savour 140g","p":2.39,"u":"17,07 €/KG","img":"https://fd1-photos.leclercdrive.fr/image.ashx?id=2992612&use=l&cat=p&typeid=i","cat":315999},{"id":270901,"n":"Fromager échalotes et herbes Savour 140g","p":2.39,"u":"17,07 €/KG","img":"https://fd1-photos.leclercdrive.fr/image.ashx?id=2992615&use=l&cat=p&typeid=i","cat":315999},{"id":270988,"n":"Capsules café L'Or Espresso Brésil N°8 x30","p":9.42,"u":"60,38 €/KG","img":"https://fd1-photos.leclercdrive.fr/image.ashx?id=2938295&use=l&cat=p&typeid=i","cat":284749},{"id":270989,"n":"Barre P'tit Déli Boules choco - 120g","p":1.48,"u":"12,33 €/KG","img":"https://fd1-photos.leclercdrive.fr/image.ashx?id=2930132&use=l&cat=p&typeid=i","cat":300032},{"id":271047,"n":"Pinsa Harry's 230g","p":3.38,"u":"14,70 €/KG","img":"https://fd1-photos.leclercdrive.fr/image.ashx?id=2936377&use=l&cat=p&typeid=i","cat":284359},{"id":271073,"n":"Déodorant Invisible Care Dove  0% alcool 2x200ml","p":6.89,"u":"17,23 €/L","img":"https://fd1-photos.leclercdrive.fr/image.ashx?id=2938346&use=l&cat=p&typeid=i","cat":284595},{"id":271074,"n":"Déodorant Original Dove 2x200ml","p":6.89,"u":"17,23 €/L","img":"https://fd1-photos.leclercdrive.fr/image.ashx?id=2938343&use=l&cat=p&typeid=i","cat":284595},{"id":271239,"n":"Chocolat Rocher Poulain Lait - 7x32g","p":3.58,"u":"15,98 €/KG","img":"https://fd1-photos.leclercdrive.fr/image.ashx?id=2937409&use=l&cat=p&typeid=i","cat":284499},{"id":271240,"n":"Rocher Poulain Chocolat noir - x7 - 224g","p":3.52,"u":"15,71 €/KG","img":"https://fd1-photos.leclercdrive.fr/image.ashx?id=2963463&use=l&cat=p&typeid=i","cat":284499},{"id":271245,"n":"Ramette de papier A4 75g Eco+ - 500 feuilles","p":3.57,"u":"0,01 €/P","img":"https://fd1-photos.leclercdrive.fr/image.ashx?id=2943142&use=l&cat=p&typeid=i","cat":284697},{"id":271275,"n":"Croquette Edgard & Cooper  Naturelle et sans céréales 750g","p":8.46,"u":"11,28 €/KG","img":"https://fd1-photos.leclercdrive.fr/image.ashx?id=2967947&use=l&cat=p&typeid=i","cat":284680},{"id":271285,"n":"Pepites de chocolat Vahiné  Brownies - 310g","p":3.05,"u":"9,84 €/KG","img":"https://fd1-photos.leclercdrive.fr/image.ashx?id=2936320&use=l&cat=p&typeid=i","cat":284505},{"id":271449,"n":"Cookies chunks Vahiné 3 chocolats - 330g","p":3.11,"u":"9,42 €/KG","img":"https://fd1-photos.leclercdrive.fr/image.ashx?id=2936329&use=l&cat=p&typeid=i","cat":284505},{"id":271457,"n":"Papier toilette Le Trèfle Infini x4","p":3.59,"u":"0,90 €/P","img":"https://fd1-photos.leclercdrive.fr/image.ashx?id=2938193&use=l&cat=p&typeid=i","cat":284634},{"id":271459,"n":"Papier toilette Le Trèfle Ultra Care x6","p":4.46,"u":"0,74 €/P","img":"https://fd1-photos.leclercdrive.fr/image.ashx?id=2974042&use=l&cat=p&typeid=i","cat":284634},{"id":271465,"n":"Préparation Vahiné  gaufres pancakes crepes - 240g","p":2.67,"u":"11,13 €/KG","img":"https://fd1-photos.leclercdrive.fr/image.ashx?id=2936323&use=l&cat=p&typeid=i","cat":284505},{"id":271466,"n":"Préparation Vahiné Cookies muffins cake - 300g","p":2.69,"u":"8,97 €/KG","img":"https://fd1-photos.leclercdrive.fr/image.ashx?id=2936326&use=l&cat=p&typeid=i","cat":284505},{"id":271485,"n":"Sauce pesto rosso Sacla 190g","p":2.49,"u":"13,11 €/KG","img":"https://fd1-photos.leclercdrive.fr/image.ashx?id=2938115&use=l&cat=p&typeid=i","cat":287599},{"id":271512,"n":"Gourdes Babybio Bio Multipack 7- 20g","p":7.82,"u":"10,86 €/KG","img":"https://fd1-photos.leclercdrive.fr/image.ashx?id=2936887&use=l&cat=p&typeid=i","cat":284508},{"id":271538,"n":"Déodorant Sanex Zero Pure & Fresh - 2x200ml","p":5.9,"u":"14,75 €/L","img":"https://fd1-photos.leclercdrive.fr/image.ashx?id=2940648&use=l&cat=p&typeid=i","cat":284595},{"id":271540,"n":"Croquette beauf Purina One 7,5kg","p":31.66,"u":"4,22 €/KG","img":"https://fd1-photos.leclercdrive.fr/image.ashx?id=2938241&use=l&cat=p&typeid=i","cat":284680},{"id":271788,"n":"Tablette chocolat Côte d'Or Lait raisin/noisettes - 2x180g","p":3.69,"u":"10,25 €/KG","img":"https://fd1-photos.leclercdrive.fr/image.ashx?id=3009128&use=l&cat=p&typeid=i","cat":326550},{"id":271971,"n":"Déodorant bille Sanex Natur  Protect Aloe vera 50ml","p":3.87,"u":"77,40 €/L","img":"https://fd1-photos.leclercdrive.fr/image.ashx?id=2938310&use=l&cat=p&typeid=i","cat":284595},{"id":271976,"n":"Brosse à dent Elmex Sensitive x1","p":3.18,"img":"https://fd1-photos.leclercdrive.fr/image.ashx?id=2938307&use=l&cat=p&typeid=i","cat":284614},{"id":271995,"n":"Dentifrice Sensodyne  Sensibilité & gencives 75ml","p":4.55,"u":"60,67 €/L","img":"https://fd1-photos.leclercdrive.fr/image.ashx?id=2937799&use=l&cat=p&typeid=i","cat":284612},{"id":271998,"n":"Dentifrice Sensodyne Multi-protection 75ml","p":4.59,"u":"61,20 €/L","img":"https://fd1-photos.leclercdrive.fr/image.ashx?id=2937802&use=l&cat=p&typeid=i","cat":284612},{"id":271999,"n":"Soin douche Le Petit  Marseillais Lait d'avoine 400ml","p":3.19,"u":"7,98 €/L","img":"https://fd1-photos.leclercdrive.fr/image.ashx?id=2937298&use=l&cat=p&typeid=i","cat":284594},{"id":272001,"n":"Soin douche Le Petit Marseillais Lait de riz 400ml","p":3.06,"u":"7,65 €/L","img":"https://fd1-photos.leclercdrive.fr/image.ashx?id=2937301&use=l&cat=p&typeid=i","cat":284594},{"id":272116,"n":"Chips Savour Poivre noir - 120g","p":1.65,"u":"13,75 €/KG","img":"https://fd1-photos.leclercdrive.fr/image.ashx?id=2933470&use=l&cat=p&typeid=i","cat":284447},{"id":272118,"n":"Riz basmati Taureau Ailé Doypack citron 220g","p":1.65,"u":"7,50 €/KG","img":"https://fd1-photos.leclercdrive.fr/image.ashx?id=2948237&use=l&cat=p&typeid=i","cat":287600},{"id":272119,"n":"Doypack  basmati Taureau Ailé Curry vert - 220g","p":1.7,"u":"7,73 €/KG","img":"https://fd1-photos.leclercdrive.fr/image.ashx?id=2948240&use=l&cat=p&typeid=i","cat":287600},{"id":272145,"n":"Latté Kitkat Nescafé  273g","p":4.95,"u":"18,13 €/KG","img":"https://fd1-photos.leclercdrive.fr/image.ashx?id=2952178&use=l&cat=p&typeid=i","cat":284843},{"id":272666,"n":"Chipos végétales et gourmandes HappyVore x8 - 400g","p":5.89,"u":"14,73 €/KG","img":"https://fd1-photos.leclercdrive.fr/image.ashx?id=2951935&use=l&cat=p&typeid=i","cat":284254},{"id":272702,"n":"Céréales Trésor Kellogg's  Choco Brownie - 375g","p":3.32,"u":"8,85 €/KG","img":"https://fd1-photos.leclercdrive.fr/image.ashx?id=2938821&use=l&cat=p&typeid=i","cat":309513},{"id":273426,"n":"Boisson énergisante Crazy Tiger 35cl","p":0.98,"u":"2,80 €/L","img":"https://fd1-photos.leclercdrive.fr/image.ashx?id=2955032&use=l&cat=p&typeid=i","cat":284533},{"id":273443,"n":"Dentifrice Colgate Total  Prevention 24h active 150ml","p":4.86,"u":"32,40 €/L","img":"https://fd1-photos.leclercdrive.fr/image.ashx?id=2952181&use=l&cat=p&typeid=i","cat":284612},{"id":273444,"n":"Riz Taureau Ailé 2x500g","p":3.05,"u":"3,05 €/KG","img":"https://fd1-photos.leclercdrive.fr/image.ashx?id=2963745&use=l&cat=p&typeid=i","cat":284428},{"id":273449,"n":"Riz basmati Taureau Ailé  2x500g","p":3.2,"u":"3,20 €/KG","img":"https://fd1-photos.leclercdrive.fr/image.ashx?id=2963748&use=l&cat=p&typeid=i","cat":284428},{"id":273729,"n":"Crêpes cola Whaou! Crazy x6 - 180g","p":1.93,"u":"10,72 €/KG","img":"https://fd1-photos.leclercdrive.fr/image.ashx?id=2962872&use=l&cat=p&typeid=i","cat":284494},{"id":273822,"n":"Oignon rouge Eco+ 500g","p":0.99,"u":"1,98 €/KG","img":"https://fd1-photos.leclercdrive.fr/image.ashx?id=2942048&use=l&cat=p&typeid=i","cat":284352},{"id":273825,"n":"Oignon jaune tube filière Panier du Primeur x4","p":1.79,"u":"0,45 €/P","img":"https://fd1-photos.leclercdrive.fr/image.ashx?id=2942260&use=l&cat=p&typeid=i","cat":284352},{"id":273864,"n":"Capsules lave-vaisselle Finish Ultimate - x57 - 735g","p":11.88,"pp":7.13,"u":"9,70 €/KG","img":"https://fd1-photos.leclercdrive.fr/image.ashx?id=3011593&use=l&cat=p&typeid=i","cat":284656},{"id":274343,"n":"Café dosettes Tassimo Milka x10","p":4.84,"u":"30,25 €/KG","img":"https://fd1-photos.leclercdrive.fr/image.ashx?id=2944461&use=l&cat=p&typeid=i","cat":293240},{"id":274347,"n":"Sauté de veau William Saurin Legumes - 280g","p":3.23,"u":"11,54 €/KG","img":"https://fd1-photos.leclercdrive.fr/image.ashx?id=2943984&use=l&cat=p&typeid=i","cat":284953},{"id":274385,"n":"Friandises Lily's Kitchen au boeuf - 70g","p":4.34,"u":"62,00 €/KG","img":"https://fd1-photos.leclercdrive.fr/image.ashx?id=2944930&use=l&cat=p&typeid=i","cat":294527},{"id":274386,"n":"Friandises Lily's Kitchen au poulet - 70g","p":4.34,"u":"62,00 €/KG","img":"https://fd1-photos.leclercdrive.fr/image.ashx?id=2944933&use=l&cat=p&typeid=i","cat":294527},{"id":274395,"n":"Friandises Lily's Kitchen Poulet et Saumon - 70g","p":3.67,"u":"52,43 €/KG","img":"https://fd1-photos.leclercdrive.fr/image.ashx?id=2944936&use=l&cat=p&typeid=i","cat":294527},{"id":274410,"n":"Terrine Lily's Kitchen  Boeuf et légumes - 150g","p":1.84,"u":"12,27 €/KG","img":"https://fd1-photos.leclercdrive.fr/image.ashx?id=2944945&use=l&cat=p&typeid=i","cat":284673},{"id":274421,"n":"Compotes Pom'Potes Pomme  Poire Banane - x4 - 360g","p":2.03,"u":"5,64 €/KG","img":"https://fd1-photos.leclercdrive.fr/image.ashx?id=2949826&use=l&cat=p&typeid=i","cat":284508},{"id":274422,"n":"Compotes Pom'Potes Pomme  Fraise Cerise - x4 - 360g","p":2.03,"u":"5,64 €/KG","img":"https://fd1-photos.leclercdrive.fr/image.ashx?id=3010921&use=l&cat=p&typeid=i","cat":284508},{"id":274426,"n":"Compotes Pom'Potes Pomme  Framboise Citron vert x4 - 360g","p":2.38,"u":"6,61 €/KG","img":"https://fd1-photos.leclercdrive.fr/image.ashx?id=2943813&use=l&cat=p&typeid=i","cat":284508},{"id":274427,"n":"Compotes Pom'Potes Pomme Pêche  Pamplemousse - x4 - 360g","p":2.38,"u":"6,61 €/KG","img":"https://fd1-photos.leclercdrive.fr/image.ashx?id=3010918&use=l&cat=p&typeid=i","cat":284508},{"id":274428,"n":"Compotes Pom'Potes Pomme Ananas Orange/Citron - x12 - 1.08kg","p":5.92,"u":"5,48 €/KG","img":"https://fd1-photos.leclercdrive.fr/image.ashx?id=3010963&use=l&cat=p&typeid=i","cat":284508},{"id":274505,"n":"Yaourt à la Grecque Danone Vanille -4x110g","p":2.46,"u":"5,59 €/KG","img":"https://fd1-photos.leclercdrive.fr/image.ashx?id=2992738&use=l&cat=p&typeid=i","cat":314999},{"id":274506,"n":"Yaourt à la Grecque Danone Nature  - 4x110g","p":1.88,"u":"4,27 €/KG","img":"https://fd1-photos.leclercdrive.fr/image.ashx?id=2992732&use=l&cat=p&typeid=i","cat":314999},{"id":274509,"n":"Yaourt à la Grecque Danone Fraise - 4x110g","p":2.48,"u":"5,64 €/KG","img":"https://fd1-photos.leclercdrive.fr/image.ashx?id=2992729&use=l&cat=p&typeid=i","cat":314999},{"id":274526,"n":"Capsules lave-vaisselle Finish Ultimate Plus - Citron - 573g","p":11.88,"pp":7.13,"u":"12,44 €/KG","img":"https://fd1-photos.leclercdrive.fr/image.ashx?id=2945646&use=l&cat=p&typeid=i","cat":284656},{"id":274528,"n":"Capsules lave-vaisselle Finish Quantum - Citron - 707g x68","p":11.88,"pp":7.13,"u":"10,08 €/KG","img":"https://fd1-photos.leclercdrive.fr/image.ashx?id=2945643&use=l&cat=p&typeid=i","cat":284656},{"id":274530,"n":"Capsules lave-vaisselle Finish Ultimate - Citron - 735g x57","p":11.88,"pp":7.13,"u":"9,70 €/KG","img":"https://fd1-photos.leclercdrive.fr/image.ashx?id=2945649&use=l&cat=p&typeid=i","cat":284656},{"id":274541,"n":"Yaourt à la Grecque Danone Stracciatella - 4x110g","p":2.48,"u":"5,64 €/KG","img":"https://fd1-photos.leclercdrive.fr/image.ashx?id=2992735&use=l&cat=p&typeid=i","cat":314999},{"id":274544,"n":"Recharge diffuseur électrique Airwick - Coton - 19ml","p":4.2,"u":"221,05 €/L","img":"https://fd1-photos.leclercdrive.fr/image.ashx?id=2945640&use=l&cat=p&typeid=i","cat":311629},{"id":274550,"n":"Recharge diffuseur électrique Airwick - Cerisier - 19ml","p":4.2,"u":"221,05 €/L","img":"https://fd1-photos.leclercdrive.fr/image.ashx?id=2945832&use=l&cat=p&typeid=i","cat":311629},{"id":274554,"n":"Yaourt à la Grecque Danone Citron - 4x110g","p":2.51,"u":"5,70 €/KG","img":"https://fd1-photos.leclercdrive.fr/image.ashx?id=2992744&use=l&cat=p&typeid=i","cat":314999},{"id":274555,"n":"Yaourt à la Grecque Danone Caramel - 4x110g","p":2.48,"u":"5,64 €/KG","img":"https://fd1-photos.leclercdrive.fr/image.ashx?id=2992741&use=l&cat=p&typeid=i","cat":314999},{"id":274559,"n":"Yaourt à la Grecque Danone Coco - 4x110g","p":2.48,"u":"5,64 €/KG","img":"https://fd1-photos.leclercdrive.fr/image.ashx?id=3010990&use=l&cat=p&typeid=i","cat":314999},{"id":274571,"n":"Skyr protéiné Danone nature 0% MG - 825g","p":4.59,"u":"5,56 €/KG","img":"https://fd1-photos.leclercdrive.fr/image.ashx?id=2951028&use=l&cat=p&typeid=i","cat":315000},{"id":274593,"n":"Danone Skyr nature  x4 - 400g","p":2.08,"u":"5,20 €/KG","img":"https://fd1-photos.leclercdrive.fr/image.ashx?id=2960654&use=l&cat=p&typeid=i","cat":315000},{"id":274596,"n":"Danone Skyr nature  x8 - 800g","p":3.3,"u":"4,13 €/KG","img":"https://fd1-photos.leclercdrive.fr/image.ashx?id=2960657&use=l&cat=p&typeid=i","cat":315000},{"id":274977,"n":"Lingettes Carolin Multi-usages  x80","p":3.19,"u":"0,04 €/P","img":"https://fd1-photos.leclercdrive.fr/image.ashx?id=2946562&use=l&cat=p&typeid=i","cat":325358},{"id":275019,"n":"Pain Pinsa La Boulangère 230g","p":2.95,"u":"12,83 €/KG","img":"https://fd1-photos.leclercdrive.fr/image.ashx?id=2946607&use=l&cat=p&typeid=i","cat":284359},{"id":275024,"n":"Lingettes serpillières Carolin  Tous types de sols - x15","p":3.68,"u":"0,25 €/P","img":"https://fd1-photos.leclercdrive.fr/image.ashx?id=2946970&use=l&cat=p&typeid=i","cat":284907},{"id":275025,"n":"Lingettes serpillières Carolin  pour parquets - x15","p":4.34,"u":"0,29 €/P","img":"https://fd1-photos.leclercdrive.fr/image.ashx?id=2946973&use=l&cat=p&typeid=i","cat":284907},{"id":275040,"n":"Dentastix Light Pedigree  Grand chien - x7 - 152g","p":2.45,"u":"16,12 €/KG","img":"https://fd1-photos.leclercdrive.fr/image.ashx?id=2946625&use=l&cat=p&typeid=i","cat":294527},{"id":275041,"n":"Dentastix Light Pedigree  Moyen chien - x7 - 98g","p":1.71,"u":"17,45 €/KG","img":"https://fd1-photos.leclercdrive.fr/image.ashx?id=2946628&use=l&cat=p&typeid=i","cat":294527},{"id":275214,"n":"Curry  pois chiches Cassegrain A l'indienne - 430g","p":2.88,"u":"6,70 €/KG","img":"https://fd1-photos.leclercdrive.fr/image.ashx?id=2952490&use=l&cat=p&typeid=i","cat":287599},{"id":275218,"n":"Chili de haricots Cassegrain A la mexicaine - 430g","p":2.88,"u":"6,70 €/KG","img":"https://fd1-photos.leclercdrive.fr/image.ashx?id=2962125&use=l&cat=p&typeid=i","cat":287599},{"id":275220,"n":"Dahl de lentilles Cassegrain A l'indienne - 435g","p":2.88,"u":"6,62 €/KG","img":"https://fd1-photos.leclercdrive.fr/image.ashx?id=2946904&use=l&cat=p&typeid=i","cat":287599},{"id":275222,"n":"Trio de poivrons Cassegrain Sarrasin - 375g","p":3.83,"u":"10,21 €/KG","img":"https://fd1-photos.leclercdrive.fr/image.ashx?id=2953459&use=l&cat=p&typeid=i","cat":287599},{"id":275225,"n":"Barre de céréales Chocapic 8x25g","p":3.09,"u":"15,45 €/KG","img":"https://fd1-photos.leclercdrive.fr/image.ashx?id=2947198&use=l&cat=p&typeid=i","cat":285869},{"id":275236,"n":"Lingettes Carolin  Anti-bactériennes  - x80","p":3.34,"u":"0,04 €/P","img":"https://fd1-photos.leclercdrive.fr/image.ashx?id=2946964&use=l&cat=p&typeid=i","cat":325358},{"id":275238,"n":"Lingettes Carolin  Anti-bactériennes - x80","p":3.44,"u":"0,04 €/P","img":"https://fd1-photos.leclercdrive.fr/image.ashx?id=2946967&use=l&cat=p&typeid=i","cat":325358},{"id":275240,"n":"Lingettes Carolin Citron Ultra dégraissant - x80","p":3.38,"u":"0,04 €/P","img":"https://fd1-photos.leclercdrive.fr/image.ashx?id=2946976&use=l&cat=p&typeid=i","cat":325358},{"id":275244,"n":"Dentifrice Sensodyne  Sensibilité et gencives -75ml","p":4.5,"u":"60,00 €/L","img":"https://fd1-photos.leclercdrive.fr/image.ashx?id=2947180&use=l&cat=p&typeid=i","cat":284612},{"id":275245,"n":"Dentifrice Sensodyne Blancheur - 75ml","p":4.35,"u":"58,00 €/L","img":"https://fd1-photos.leclercdrive.fr/image.ashx?id=2947183&use=l&cat=p&typeid=i","cat":284612},{"id":275260,"n":"Déodorant spray Sanex Aloe vera Bio Sensitive - 200ml","p":3.87,"u":"19,35 €/L","img":"https://fd1-photos.leclercdrive.fr/image.ashx?id=2948537&use=l&cat=p&typeid=i","cat":284595},{"id":275311,"n":"Fromage blanc Danone Nature 3%MG - 825g","p":2.04,"u":"2,47 €/KG","img":"https://fd1-photos.leclercdrive.fr/image.ashx?id=2813878&use=l&cat=p&typeid=i","cat":326550},{"id":275352,"n":"Déodorant bille bio Sanex Bambou Fresh - 50ml","p":3.87,"u":"77,40 €/L","img":"https://fd1-photos.leclercdrive.fr/image.ashx?id=2949088&use=l&cat=p&typeid=i","cat":284595},{"id":275353,"n":"Déodorant bille Sanex Minéral efficacité - 50ml","p":4.16,"u":"83,20 €/L","img":"https://fd1-photos.leclercdrive.fr/image.ashx?id=2949091&use=l&cat=p&typeid=i","cat":284595},{"id":275379,"n":"Masque nutrition Le Petit Marseillais - Intense - 370ml","p":5.75,"u":"15,54 €/L","img":"https://fd1-photos.leclercdrive.fr/image.ashx?id=2966439&use=l&cat=p&typeid=i","cat":284608},{"id":275380,"n":"Masque expert réparation Huile de jojoba - 370ml","p":5.57,"u":"15,05 €/L","img":"https://fd1-photos.leclercdrive.fr/image.ashx?id=2961023&use=l&cat=p&typeid=i","cat":284608},{"id":275381,"n":"Gel douche Dop Lait végétal Pyrénées - 480ml","p":2.98,"u":"6,21 €/L","img":"https://fd1-photos.leclercdrive.fr/image.ashx?id=2955348&use=l&cat=p&typeid=i","cat":284594},{"id":275398,"n":"Saucisse Knacki Herta Sel réduit - x6 - 210g","p":2.65,"u":"12,62 €/KG","img":"https://fd1-photos.leclercdrive.fr/image.ashx?id=2948824&use=l&cat=p&typeid=i","cat":316012},{"id":275401,"n":"Knacki Gourmande Herta  100% pur porc x4 - 280g","p":2.59,"u":"9,25 €/KG","img":"https://fd1-photos.leclercdrive.fr/image.ashx?id=2948827&use=l&cat=p&typeid=i","cat":316012},{"id":275404,"n":"Shampooing Dop Hair Argan - 480ml","p":2.98,"u":"6,21 €/L","img":"https://fd1-photos.leclercdrive.fr/image.ashx?id=2955372&use=l&cat=p&typeid=i","cat":284606},{"id":275405,"n":"Shampooing Dop Hair Amande - 480ml","p":2.98,"u":"6,21 €/L","img":"https://fd1-photos.leclercdrive.fr/image.ashx?id=2955369&use=l&cat=p&typeid=i","cat":284606},{"id":275406,"n":"Pâte nettoyante Cillit Bang 470g","p":4.93,"u":"10,49 €/KG","img":"https://fd1-photos.leclercdrive.fr/image.ashx?id=2948986&use=l&cat=p&typeid=i","cat":325357},{"id":275407,"n":"Shampooing Dop Hair Karité - 480ml","p":2.98,"u":"6,21 €/L","img":"https://fd1-photos.leclercdrive.fr/image.ashx?id=2955378&use=l&cat=p&typeid=i","cat":284606},{"id":275409,"n":"Shampooing Dop Hair Antipelliculaire - 480ml","p":2.98,"u":"6,21 €/L","img":"https://fd1-photos.leclercdrive.fr/image.ashx?id=2955375&use=l&cat=p&typeid=i","cat":284606},{"id":275410,"n":"Shampooing Dop Vitamines - 480ml","p":2.98,"u":"6,21 €/L","img":"https://fd1-photos.leclercdrive.fr/image.ashx?id=2955384&use=l&cat=p&typeid=i","cat":284606},{"id":275412,"n":"Shampooing Dop Hair Oeufs - 480ml","p":2.98,"u":"6,21 €/L","img":"https://fd1-photos.leclercdrive.fr/image.ashx?id=2954773&use=l&cat=p&typeid=i","cat":284606},{"id":275415,"n":"Gel douche enfance Dop Barbe à papa - 310ml","p":2.39,"u":"7,71 €/L","img":"https://fd1-photos.leclercdrive.fr/image.ashx?id=2955357&use=l&cat=p&typeid=i","cat":284594},{"id":275418,"n":"Gel douche enfance Dop Bonbons - 310ml","p":2.47,"u":"7,97 €/L","img":"https://fd1-photos.leclercdrive.fr/image.ashx?id=2955360&use=l&cat=p&typeid=i","cat":284594},{"id":275506,"n":"Lait Le Petit Marseillais Nutrition Amande Argan 250ml","p":4.14,"u":"16,56 €/L","img":"https://fd1-photos.leclercdrive.fr/image.ashx?id=2950330&use=l&cat=p&typeid=i","cat":325349},{"id":275508,"n":"Shampooing Le Petit Marseillais Blonde ensolleilé 300ml","p":2.55,"u":"8,50 €/L","img":"https://fd1-photos.leclercdrive.fr/image.ashx?id=2950336&use=l&cat=p&typeid=i","cat":284606},{"id":275509,"n":"Shampooing Dessange Couleur - 280ml","p":4.99,"u":"17,82 €/L","img":"https://fd1-photos.leclercdrive.fr/image.ashx?id=2955405&use=l&cat=p&typeid=i","cat":284606},{"id":275526,"n":"Lait de brushing Dessange Hydratant - 140ml","p":9.49,"u":"67,79 €/L","img":"https://fd1-photos.leclercdrive.fr/image.ashx?id=2955387&use=l&cat=p&typeid=i","cat":284608},{"id":275528,"n":"Sérum Dessange Extrême 3 huiles - 110ml","p":9.49,"u":"86,27 €/L","img":"https://fd1-photos.leclercdrive.fr/image.ashx?id=2954624&use=l&cat=p&typeid=i","cat":284608},{"id":275529,"n":"Soin cheveux Dessange Nutri-richesse - 110ml","p":6.83,"u":"62,09 €/L","img":"https://fd1-photos.leclercdrive.fr/image.ashx?id=2955390&use=l&cat=p&typeid=i","cat":284608},{"id":275531,"n":"Masque Dessange Nutri-Extrême - 280ml","p":7.87,"u":"28,11 €/L","img":"https://fd1-photos.leclercdrive.fr/image.ashx?id=2955393&use=l&cat=p&typeid=i","cat":284608},{"id":275602,"n":"Gel douche Dove Advanced Care Nutrition intense - 2x225ml","p":6.67,"u":"14,82 €/L","img":"https://fd1-photos.leclercdrive.fr/image.ashx?id=2949586&use=l&cat=p&typeid=i","cat":284594},{"id":275604,"n":"Lingettes Demak'up Fraîcheur Peaux sensibles 3x25","p":6.49,"img":"https://fd1-photos.leclercdrive.fr/image.ashx?id=2949520&use=l&cat=p&typeid=i","cat":284603},{"id":275613,"n":"Lait hydratant Noix de coco Bio 400ml","p":4.96,"u":"12,40 €/L","img":"https://fd1-photos.leclercdrive.fr/image.ashx?id=2950327&use=l&cat=p&typeid=i","cat":325349},{"id":275614,"n":"Lait apaisant hydratation Aloe vera Bio - 400ml","p":5.95,"u":"14,88 €/L","img":"https://fd1-photos.leclercdrive.fr/image.ashx?id=2949535&use=l&cat=p&typeid=i","cat":325349},{"id":275615,"n":"Gel douche Ushuaïa Minéraux marins - 280ml","p":2.67,"u":"9,54 €/L","img":"https://fd1-photos.leclercdrive.fr/image.ashx?id=3008791&use=l&cat=p&typeid=i","cat":284594},{"id":275616,"n":"Gel douche délassante Ushuaïa Huile essentielle d'Ylang 280ml","p":2.67,"u":"9,54 €/L","img":"https://fd1-photos.leclercdrive.fr/image.ashx?id=2949544&use=l&cat=p&typeid=i","cat":284594},{"id":275617,"n":"Gel douche Ushuaïa Orchidée - 280ml","p":2.67,"u":"9,54 €/L","img":"https://fd1-photos.leclercdrive.fr/image.ashx?id=2949541&use=l&cat=p&typeid=i","cat":284594},{"id":275618,"n":"Gel douche hydratant Ushuaïa Grenade - 280ml","p":2.67,"u":"9,54 €/L","img":"https://fd1-photos.leclercdrive.fr/image.ashx?id=2949550&use=l&cat=p&typeid=i","cat":284594},{"id":275619,"n":"Crème de douche Ushuaïa Lait de coco - 280ml","p":2.69,"u":"9,61 €/L","img":"https://fd1-photos.leclercdrive.fr/image.ashx?id=2949553&use=l&cat=p&typeid=i","cat":284594},{"id":275620,"n":"Gel douche tonifiant Ushuaïa Extrait de cèdre - 280ml","p":2.67,"u":"9,54 €/L","img":"https://fd1-photos.leclercdrive.fr/image.ashx?id=2949556&use=l&cat=p&typeid=i","cat":284594},{"id":275659,"n":"Soin visage Garnier BHA+ Niacinamide SPF50+ - 40ml","p":9.37,"u":"234,25 €/L","img":"https://fd1-photos.leclercdrive.fr/image.ashx?id=3000797&use=l&cat=p&typeid=i","cat":325345},{"id":275661,"n":"Soin visage Garnier Aloe vera Hyaluronique 250ml","p":5.14,"u":"20,56 €/L","img":"https://fd1-photos.leclercdrive.fr/image.ashx?id=2954244&use=l&cat=p&typeid=i","cat":325345},{"id":275665,"n":"Fluide Garnier hyaluronique Anti-uv quotidien SPF50+ 40ml","p":10.9,"u":"272,50 €/L","img":"https://fd1-photos.leclercdrive.fr/image.ashx?id=2954256&use=l&cat=p&typeid=i","cat":325345},{"id":275675,"n":"Spray désinfectant Clair Multi-surfaces - 500ml","p":1.53,"u":"3,06 €/L","img":"https://fd1-photos.leclercdrive.fr/image.ashx?id=2949251&use=l&cat=p&typeid=i","cat":325357},{"id":275681,"n":"Après-shampooing Dessange Nutri- extrême - 225ml","p":2.6,"u":"11,56 €/L","img":"https://fd1-photos.leclercdrive.fr/image.ashx?id=2954627&use=l&cat=p&typeid=i","cat":284607},{"id":275686,"n":"Shampooing Dessange Nutri-extrême - 280ml","p":2.6,"u":"9,29 €/L","img":"https://fd1-photos.leclercdrive.fr/image.ashx?id=2955411&use=l&cat=p&typeid=i","cat":284606},{"id":275816,"n":"Mini Caprice des Dieux Filet 6x50g","p":5.24,"u":"17,47 €/KG","img":"https://fd1-photos.leclercdrive.fr/image.ashx?id=2949916&use=l&cat=p&typeid=i","cat":314033},{"id":275964,"n":"Brioche tressée Harry's  Chocolat - 500g","p":2.39,"u":"4,78 €/KG","img":"https://fd1-photos.leclercdrive.fr/image.ashx?id=2936374&use=l&cat=p&typeid=i","cat":326550},{"id":276029,"n":"Spray nettoyant Cillit Bang  Expert Dégraissant Familial 1L","p":3.99,"u":"3,99 €/L","img":"https://fd1-photos.leclercdrive.fr/image.ashx?id=2950387&use=l&cat=p&typeid=i","cat":325357},{"id":276030,"n":"Spray nettoyant Cillit Bang  Expert Anti-moisissures - 1L","p":3.99,"u":"3,99 €/L","img":"https://fd1-photos.leclercdrive.fr/image.ashx?id=2950381&use=l&cat=p&typeid=i","cat":325357},{"id":276184,"n":"Ferrero Collection Arbre mixte  129g","p":7.8,"u":"60,47 €/KG","img":"https://fd1-photos.leclercdrive.fr/image.ashx?id=2952052&use=l&cat=p&typeid=i","cat":327595},{"id":276190,"n":"Chocolats Ferrero Prestige  319g","p":11.48,"u":"35,99 €/KG","img":"https://fd1-photos.leclercdrive.fr/image.ashx?id=2961287&use=l&cat=p&typeid=i","cat":284499},{"id":276203,"n":"Kinder mini friends  Eclats de biscuits cacao - 122g","p":3.88,"u":"31,80 €/KG","img":"https://fd1-photos.leclercdrive.fr/image.ashx?id=2969890&use=l&cat=p&typeid=i","cat":327592},{"id":276206,"n":"Kinder mini eggs  Lait - 182g","p":4.78,"u":"26,26 €/KG","img":"https://fd1-photos.leclercdrive.fr/image.ashx?id=2953980&use=l&cat=p&typeid=i","cat":327592},{"id":276207,"n":"Kinder Bueno et mini eggs 193g","p":6.98,"u":"36,17 €/KG","img":"https://fd1-photos.leclercdrive.fr/image.ashx?id=2952109&use=l&cat=p&typeid=i","cat":327592},{"id":276208,"n":"Kinder Balls  Eclats de Noisettes - 164g","p":5.98,"u":"36,46 €/KG","img":"https://fd1-photos.leclercdrive.fr/image.ashx?id=2952088&use=l&cat=p&typeid=i","cat":327592},{"id":276209,"n":"Kinder Balls  Eclats de Bsicuits cacao - 164g","p":5.79,"u":"35,30 €/KG","img":"https://fd1-photos.leclercdrive.fr/image.ashx?id=2952091&use=l&cat=p&typeid=i","cat":327592},{"id":276218,"n":"Papillotes Equador chocolat  au lait fourrage praliné - 350g","p":7.59,"u":"21,69 €/KG","img":"https://fd1-photos.leclercdrive.fr/image.ashx?id=2951155&use=l&cat=p&typeid=i","cat":327597},{"id":276220,"n":"Papillotes Equador chocolat  Blanc et au lait - 350g","p":7.59,"u":"21,69 €/KG","img":"https://fd1-photos.leclercdrive.fr/image.ashx?id=2951161&use=l&cat=p&typeid=i","cat":327597},{"id":276258,"n":"Jambon Le Bon Paris Herta Sel réduit sans nitrite 8T - 280g","p":5.01,"u":"17,89 €/KG","img":"https://fd1-photos.leclercdrive.fr/image.ashx?id=2951764&use=l&cat=p&typeid=i","cat":316009},{"id":276268,"n":"Fromage grec vache Islos 150g","p":2.35,"u":"15,67 €/KG","img":"https://fd1-photos.leclercdrive.fr/image.ashx?id=2952619&use=l&cat=p&typeid=i","cat":314027},{"id":276353,"n":"Cœur The Belgian Fourrage brownie - 65g","p":2.75,"u":"42,31 €/KG","img":"https://fd1-photos.leclercdrive.fr/image.ashx?id=2983480&use=l&cat=p&typeid=i","cat":284958},{"id":276360,"n":"Coffret Pralines Hamlet 200g","p":6.89,"pp":4.55,"u":"22,75 €/KG","img":"https://fd1-photos.leclercdrive.fr/image.ashx?id=2953112&use=l&cat=p&typeid=i","cat":284958},{"id":276378,"n":"Chocolat Rohan et boules   125g","p":3.02,"u":"24,16 €/KG","img":"https://fd1-photos.leclercdrive.fr/image.ashx?id=2952637&use=l&cat=p&typeid=i","cat":327592},{"id":276424,"n":"Calendrier de l'avent Chocobisc Stitch - 99g","p":6.75,"u":"68,18 €/KG","img":"https://fd1-photos.leclercdrive.fr/image.ashx?id=2980560&use=l&cat=p&typeid=i","cat":327590},{"id":276428,"n":"Coffret chocolats Caffarel Signature Noisettes - 200g","p":10.95,"pp":7.23,"u":"36,15 €/KG","img":"https://fd1-photos.leclercdrive.fr/image.ashx?id=2980749&use=l&cat=p&typeid=i","cat":327595},{"id":276432,"n":"Barre Toblerone  chocolat lait - 340g","p":8.48,"u":"24,94 €/KG","img":"https://fd1-photos.leclercdrive.fr/image.ashx?id=2958902&use=l&cat=p&typeid=i","cat":284499},{"id":276444,"n":"Terrys ball chocolat  Lait - 145g","p":3.69,"u":"25,45 €/KG","img":"https://fd1-photos.leclercdrive.fr/image.ashx?id=2952712&use=l&cat=p&typeid=i","cat":327592},{"id":276448,"n":"Lanvin Escargots Ballotin  Lait -164g","p":7.5,"u":"45,73 €/KG","img":"https://fd1-photos.leclercdrive.fr/image.ashx?id=2987014&use=l&cat=p&typeid=i","cat":327595},{"id":276451,"n":"Lanvin Escargots Ballotin  Lait caramel -164g","p":7.5,"u":"45,73 €/KG","img":"https://fd1-photos.leclercdrive.fr/image.ashx?id=2987011&use=l&cat=p&typeid=i","cat":327595},{"id":276550,"n":"Biscuit sésame GERBLE - 5x4 220g","p":1.57,"u":"7,14 €/KG","img":"https://fd1-photos.leclercdrive.fr/image.ashx?id=2953803&use=l&cat=p&typeid=i","cat":318651},{"id":276564,"n":"Mousse au chocolat coco Végé 100% végétal 4x55g","p":2.33,"u":"10,59 €/KG","img":"https://fd1-photos.leclercdrive.fr/image.ashx?id=2988942&use=l&cat=p&typeid=i","cat":316071},{"id":276946,"n":"Badoit bulles de fruits  Pamplemousse - 6x33cl","p":3.59,"u":"1,81 €/L","img":"https://fd1-photos.leclercdrive.fr/image.ashx?id=2954208&use=l&cat=p&typeid=i","cat":284537},{"id":276947,"n":"Badoit bulles de fruits  Fruits rouges - 6x33cl","p":3.59,"u":"1,81 €/L","img":"https://fd1-photos.leclercdrive.fr/image.ashx?id=2954205&use=l&cat=p&typeid=i","cat":284537},{"id":276948,"n":"Badoit bulles de fruits  Citron et citron vert - 6x33cl","p":3.59,"u":"1,81 €/L","img":"https://fd1-photos.leclercdrive.fr/image.ashx?id=2954202&use=l&cat=p&typeid=i","cat":284537},{"id":277059,"n":"Bonbons Lutti Arlequin cerise Halloween - 350g","p":2.08,"u":"5,94 €/KG","img":"https://fd1-photos.leclercdrive.fr/image.ashx?id=2985372&use=l&cat=p&typeid=i","cat":304250},{"id":277153,"n":"Skyr végétal Protéiné Alpro Nature - 400g","p":2.86,"u":"7,15 €/KG","img":"https://fd1-photos.leclercdrive.fr/image.ashx?id=2976092&use=l&cat=p&typeid=i","cat":316071},{"id":277369,"n":"AOC Jurançon Piou de Yura HVE - Blanc sec - 75cl","p":7.39,"u":"9,85 €/L","img":"https://fd1-photos.leclercdrive.fr/image.ashx?id=2955462&use=l&cat=p&typeid=i","cat":289557},{"id":277472,"n":"Yaourt Activia Fibre  Multi céréales 4x120g","p":2.22,"u":"4,63 €/KG","img":"https://fd1-photos.leclercdrive.fr/image.ashx?id=2972391&use=l&cat=p&typeid=i","cat":315000},{"id":277483,"n":"Skyr nature Danone 0% MG - 450g","p":1.98,"u":"4,40 €/KG","img":"https://fd1-photos.leclercdrive.fr/image.ashx?id=2966279&use=l&cat=p&typeid=i","cat":284409},{"id":277484,"n":"Danone Skyr fraise 4x100g","p":2.15,"u":"5,38 €/KG","img":"https://fd1-photos.leclercdrive.fr/image.ashx?id=2965903&use=l&cat=p&typeid=i","cat":315000},{"id":277485,"n":"Danone Skyr fruits jaunes 4x100g","p":2.15,"u":"5,38 €/KG","img":"https://fd1-photos.leclercdrive.fr/image.ashx?id=2965906&use=l&cat=p&typeid=i","cat":315000},{"id":277593,"n":"Shampooing bleu Dessange Blond californien - 280ml","p":4.98,"u":"17,79 €/L","img":"https://fd1-photos.leclercdrive.fr/image.ashx?id=2957938&use=l&cat=p&typeid=i","cat":284606},{"id":277625,"n":"Gel douche Ushuaïa Fleur d'oranger - 280ml","p":4.59,"u":"16,39 €/L","img":"https://fd1-photos.leclercdrive.fr/image.ashx?id=2957926&use=l&cat=p&typeid=i","cat":284594},{"id":277626,"n":"Gel douche Ushuaïa Sakura - 280ml","p":2.49,"u":"8,89 €/L","img":"https://fd1-photos.leclercdrive.fr/image.ashx?id=2974405&use=l&cat=p&typeid=i","cat":284594},{"id":277627,"n":"Gel douche Ushuaïa Coco - 280ml","p":3.72,"u":"13,29 €/L","img":"https://fd1-photos.leclercdrive.fr/image.ashx?id=3000264&use=l&cat=p&typeid=i","cat":284594},{"id":277629,"n":"Shampooing Dop Hair Lait végétal - 480ml","p":2.98,"u":"6,21 €/L","img":"https://fd1-photos.leclercdrive.fr/image.ashx?id=2957929&use=l&cat=p&typeid=i","cat":284606},{"id":277631,"n":"Shampooing régulateur Dessange Douce argile - 280ml","p":2.6,"u":"9,29 €/L","img":"https://fd1-photos.leclercdrive.fr/image.ashx?id=2957935&use=l&cat=p&typeid=i","cat":284606},{"id":277632,"n":"Huile de douche Ushuaïa Monoï & fleur de tiaré - 280ml","p":2.02,"u":"7,21 €/L","img":"https://fd1-photos.leclercdrive.fr/image.ashx?id=2958146&use=l&cat=p&typeid=i","cat":284594},{"id":277698,"n":"AOC Gewurztraminer Henri  Ehrhart L'Echappée Blanc - 75cl","p":9.91,"u":"13,21 €/L","img":"https://fd1-photos.leclercdrive.fr/image.ashx?id=2957068&use=l&cat=p&typeid=i","cat":289557},{"id":278267,"n":"Red Bull winter 2025 250ml","p":1.27,"u":"5,08 €/L","img":"https://fd1-photos.leclercdrive.fr/image.ashx?id=2960117&use=l&cat=p&typeid=i","cat":284533},{"id":278402,"n":"Cookies Fortwenger tout choco - 150g","p":3.12,"u":"20,80 €/KG","img":"https://fd1-photos.leclercdrive.fr/image.ashx?id=2960852&use=l&cat=p&typeid=i","cat":325066},{"id":278405,"n":"Nectar 4 agrumes Cidou sans sucres ajoutés - 1L","p":1.77,"u":"1,77 €/L","img":"https://fd1-photos.leclercdrive.fr/image.ashx?id=2961137&use=l&cat=p&typeid=i","cat":284915},{"id":278570,"n":"Lessive liquide Le Chat  L'expert Bicarbonate - 1,8L","p":10.39,"u":"5,77 €/L","img":"https://fd1-photos.leclercdrive.fr/image.ashx?id=2962290&use=l&cat=p&typeid=i","cat":284640},{"id":278571,"n":"Lessive liquide Le Chat  Sensitive x38 - 1,71L","p":10.0,"u":"5,85 €/L","img":"https://fd1-photos.leclercdrive.fr/image.ashx?id=2962293&use=l&cat=p&typeid=i","cat":284640},{"id":278573,"n":"Gel douche Ushuaïa Grenade - 490ml","p":4.27,"u":"8,71 €/L","img":"https://fd1-photos.leclercdrive.fr/image.ashx?id=3011566&use=l&cat=p&typeid=i","cat":284594},{"id":278575,"n":"Gel douche Ushuaïa Ylang - Relaxe - 490ml","p":4.27,"u":"8,71 €/L","img":"https://fd1-photos.leclercdrive.fr/image.ashx?id=3011560&use=l&cat=p&typeid=i","cat":284594},{"id":278577,"n":"Crème douche Ushuaïa Coco - 490ml","p":4.27,"u":"8,71 €/L","img":"https://fd1-photos.leclercdrive.fr/image.ashx?id=3011572&use=l&cat=p&typeid=i","cat":284594},{"id":278578,"n":"Gel douche Ushuaïa Minéraux marins - 490ml","p":4.27,"u":"8,71 €/L","img":"https://fd1-photos.leclercdrive.fr/image.ashx?id=3011563&use=l&cat=p&typeid=i","cat":284594},{"id":278586,"n":"Crème Le Petit Marseillais Lait végétal Multi-usage 360ml","p":5.58,"u":"15,50 €/L","img":"https://fd1-photos.leclercdrive.fr/image.ashx?id=2961026&use=l&cat=p&typeid=i","cat":325350},{"id":278682,"n":"Crème extra légère Bridélice Epaisse 7%MG Pot 40cl","p":1.39,"u":"3,48 €/L","img":"https://fd1-photos.leclercdrive.fr/image.ashx?id=3008170&use=l&cat=p&typeid=i","cat":284381},{"id":278726,"n":"Saucisses charcutières Herta L'Originale x4 - 280g","p":3.23,"u":"11,54 €/KG","img":"https://fd1-photos.leclercdrive.fr/image.ashx?id=2965010&use=l&cat=p&typeid=i","cat":316012},{"id":278728,"n":"Saucisses charcutières Herta La Provençale x4 - 280g","p":3.14,"u":"11,21 €/KG","img":"https://fd1-photos.leclercdrive.fr/image.ashx?id=2965007&use=l&cat=p&typeid=i","cat":316012},{"id":278729,"n":"Croque-Monsieur Herta Maxi Mozzarella x2 - 310g","p":2.59,"u":"8,35 €/KG","img":"https://fd1-photos.leclercdrive.fr/image.ashx?id=2965013&use=l&cat=p&typeid=i","cat":333671},{"id":278905,"n":"Tablette chocolat Poulain noir doux - 4x95g","p":5.97,"u":"15,71 €/KG","img":"https://fd1-photos.leclercdrive.fr/image.ashx?id=2975347&use=l&cat=p&typeid=i","cat":284497},{"id":278908,"n":"Barre de chocolat Balisto Miel Amande x10 - 185g","p":2.96,"u":"16,00 €/KG","img":"https://fd1-photos.leclercdrive.fr/image.ashx?id=2967382&use=l&cat=p&typeid=i","cat":284488},{"id":278929,"n":"Houmous Père Olive Nature - 175g","p":2.1,"u":"12,00 €/KG","img":"https://fd1-photos.leclercdrive.fr/image.ashx?id=2967397&use=l&cat=p&typeid=i","cat":315999},{"id":278930,"n":"Houmous Père Olive Piquant - 175g","p":2.25,"u":"12,86 €/KG","img":"https://fd1-photos.leclercdrive.fr/image.ashx?id=2967400&use=l&cat=p&typeid=i","cat":315999},{"id":278931,"n":"Houmous Père Olive Tomates séchées - 175g","p":2.24,"u":"12,80 €/KG","img":"https://fd1-photos.leclercdrive.fr/image.ashx?id=2967403&use=l&cat=p&typeid=i","cat":315999},{"id":278955,"n":"Petits gratins Tipiak aux  fruits de mer x2 - 250g","p":4.79,"u":"19,16 €/KG","img":"https://fd1-photos.leclercdrive.fr/image.ashx?id=2967148&use=l&cat=p&typeid=i","cat":284254},{"id":278956,"n":"Beaujolais Nouveau vin rouge Le Primeur des Canuts - 75cl","p":6.24,"u":"8,32 €/L","img":"https://fd1-photos.leclercdrive.fr/image.ashx?id=2967094&use=l&cat=p&typeid=i","cat":289556},{"id":278957,"n":"Beaujolais Nouveau vin rosé Le Primeur des Canuts - 75cl","p":6.24,"u":"8,32 €/L","img":"https://fd1-photos.leclercdrive.fr/image.ashx?id=2967097&use=l&cat=p&typeid=i","cat":289558},{"id":278966,"n":"Beaujolais Villages Nouveau L'Envolée - 75cl","p":6.08,"u":"8,11 €/L","img":"https://fd1-photos.leclercdrive.fr/image.ashx?id=2966707&use=l&cat=p&typeid=i","cat":289556},{"id":279003,"n":"Apéri'chaud Richesmonts 140g","p":2.33,"u":"16,64 €/KG","img":"https://fd1-photos.leclercdrive.fr/image.ashx?id=2990484&use=l&cat=p&typeid=i","cat":314027},{"id":279009,"n":"Fromage à tartiner Tartare  Ail & fines herbes 90g","p":1.4,"u":"15,56 €/KG","img":"https://fd1-photos.leclercdrive.fr/image.ashx?id=2967130&use=l&cat=p&typeid=i","cat":314029},{"id":279027,"n":"Cheddar râpé British Heritage Extra mature 12 mois - 150g","p":3.19,"u":"21,27 €/KG","img":"https://fd1-photos.leclercdrive.fr/image.ashx?id=2968418&use=l&cat=p&typeid=i","cat":314035},{"id":279028,"n":"Sauce fromagère Saint-Agur 150g","p":2.67,"u":"17,80 €/KG","img":"https://fd1-photos.leclercdrive.fr/image.ashx?id=2968556&use=l&cat=p&typeid=i","cat":284382},{"id":279035,"n":"Savon de Marseille Le Chat 1,7L","p":9.37,"u":"5,51 €/L","img":"https://fd1-photos.leclercdrive.fr/image.ashx?id=2966569&use=l&cat=p&typeid=i","cat":284640},{"id":279039,"n":"Crème douche Le Petit Marseillais Huile d'argan 400ml","p":3.01,"u":"7,53 €/L","img":"https://fd1-photos.leclercdrive.fr/image.ashx?id=2966578&use=l&cat=p&typeid=i","cat":284594},{"id":279046,"n":"Lait coprs Le Petit Marseillais L'Original - 250ml","p":3.92,"u":"15,68 €/L","img":"https://fd1-photos.leclercdrive.fr/image.ashx?id=2966581&use=l&cat=p&typeid=i","cat":325349},{"id":279202,"n":"Nouilles japonaises Nissin Hot Spicy Curry - 67g","p":1.92,"u":"28,66 €/KG","img":"https://fd1-photos.leclercdrive.fr/image.ashx?id=2966782&use=l&cat=p&typeid=i","cat":325094},{"id":279257,"n":"Macaroni tomate mozza Panzani - 400g","p":2.45,"u":"6,13 €/KG","img":"https://fd1-photos.leclercdrive.fr/image.ashx?id=2968211&use=l&cat=p&typeid=i","cat":284442},{"id":279402,"n":"Lessive souffle fraîcheur Le Chat  40 lavages - 1,8L","p":11.08,"u":"6,16 €/L","img":"https://fd1-photos.leclercdrive.fr/image.ashx?id=2967594&use=l&cat=p&typeid=i","cat":284640},{"id":279403,"n":"Macaroni cheese Panzani - 400g","p":2.46,"u":"6,15 €/KG","img":"https://fd1-photos.leclercdrive.fr/image.ashx?id=2967762&use=l&cat=p&typeid=i","cat":284442},{"id":279412,"n":"Spaghetti carbonara Panzani - 400g","p":2.47,"u":"6,18 €/KG","img":"https://fd1-photos.leclercdrive.fr/image.ashx?id=2967759&use=l&cat=p&typeid=i","cat":284442},{"id":279635,"n":"Mousse de canard Supérieure L'Atelier Charcuterie - 170g","p":1.9,"u":"11,18 €/KG","img":"https://fd1-photos.leclercdrive.fr/image.ashx?id=2769405&use=l&cat=p&typeid=i","cat":326550},{"id":279680,"n":"Spaghetti carbonara Panzani 800g","p":3.95,"u":"4,94 €/KG","img":"https://fd1-photos.leclercdrive.fr/image.ashx?id=2970957&use=l&cat=p&typeid=i","cat":284442},{"id":279682,"n":"Macaroni tomate Panzani 800g","p":3.94,"u":"4,93 €/KG","img":"https://fd1-photos.leclercdrive.fr/image.ashx?id=2970960&use=l&cat=p&typeid=i","cat":284442},{"id":279691,"n":"Skyr végétal Protéiné Alpro Fraise - 400g","p":2.88,"u":"7,20 €/KG","img":"https://fd1-photos.leclercdrive.fr/image.ashx?id=2976089&use=l&cat=p&typeid=i","cat":313736},{"id":279812,"n":"Sauce bolognaise Panzani Pure boeuf - 2x400g","p":4.42,"u":"5,53 €/KG","img":"https://fd1-photos.leclercdrive.fr/image.ashx?id=2970780&use=l&cat=p&typeid=i","cat":287599},{"id":279895,"n":"Nouilles japonaises Nissin Roasted - 65g","p":1.72,"u":"26,46 €/KG","img":"https://fd1-photos.leclercdrive.fr/image.ashx?id=2971353&use=l&cat=p&typeid=i","cat":287600},{"id":280019,"n":"Œuf Kinder Joy Mario - 3x20g","p":3.25,"u":"54,17 €/KG","img":"https://fd1-photos.leclercdrive.fr/image.ashx?id=2970753&use=l&cat=p&typeid=i","cat":284958},{"id":280025,"n":"Recharge gel lavant mains Le Petit Marseillais Olive 500ml","p":3.17,"u":"6,34 €/L","img":"https://fd1-photos.leclercdrive.fr/image.ashx?id=2985336&use=l&cat=p&typeid=i","cat":284597},{"id":280032,"n":"Gel lavant mains antibactérien Huile essentielle - 500ml","p":3.29,"u":"6,58 €/L","img":"https://fd1-photos.leclercdrive.fr/image.ashx?id=2971143&use=l&cat=p&typeid=i","cat":284597},{"id":280035,"n":"Nettoyant gel La Croix Multi-usage Citron - 750ml","p":1.94,"u":"2,59 €/L","img":"https://fd1-photos.leclercdrive.fr/image.ashx?id=2971455&use=l&cat=p&typeid=i","cat":325357},{"id":280146,"n":"Chewing-gum Hollywood 2Fresh Menthe verte 3x22g","p":3.5,"u":"26,52 €/KG","img":"https://fd1-photos.leclercdrive.fr/image.ashx?id=3011968&use=l&cat=p&typeid=i","cat":304251},{"id":280147,"n":"Chewing-gum Hollywood 2fresh Menthe forte 3x22g","p":3.68,"u":"27,88 €/KG","img":"https://fd1-photos.leclercdrive.fr/image.ashx?id=3011971&use=l&cat=p&typeid=i","cat":304251},{"id":280148,"n":"Chewing-gum Hollywood 2fruity Fraise citron vert x6 - 132g","p":3.5,"u":"26,52 €/KG","img":"https://fd1-photos.leclercdrive.fr/image.ashx?id=3011974&use=l&cat=p&typeid=i","cat":304251},{"id":280162,"n":"Lessive liquide Skip Touche de  Cajoline 2x37 - 3.108L","p":19.15,"u":"6,16 €/L","img":"https://fd1-photos.leclercdrive.fr/image.ashx?id=2972095&use=l&cat=p&typeid=i","cat":284640},{"id":280252,"n":"Filets de maquereaux Petit  Navire - Au vin blanc - 2x175g","p":4.1,"u":"11,71 €/KG","img":"https://fd1-photos.leclercdrive.fr/image.ashx?id=2972850&use=l&cat=p&typeid=i","cat":303868},{"id":280266,"n":"Pates perles BIO Baby Bio Epinard fromage de chèvre- 400g","p":3.18,"u":"7,95 €/KG","img":"https://fd1-photos.leclercdrive.fr/image.ashx?id=2973048&use=l&cat=p&typeid=i","cat":312234},{"id":280268,"n":"Cassolette de carotte Baby Bio 260g","p":2.35,"u":"9,04 €/KG","img":"https://fd1-photos.leclercdrive.fr/image.ashx?id=2973051&use=l&cat=p&typeid=i","cat":312239},{"id":280270,"n":"Dessert lacté Vanille Blédina dès 6 mois Mini Lactés - 6x55g","p":2.01,"u":"36,55 €/KG","img":"https://fd1-photos.leclercdrive.fr/image.ashx?id=2972862&use=l&cat=p&typeid=i","cat":312392},{"id":280276,"n":"Dessert lacté Fruits Blédina dès 6 mois Mini Lactés - 12x55g","p":4.08,"u":"6,18 €/KG","img":"https://fd1-photos.leclercdrive.fr/image.ashx?id=2972865&use=l&cat=p&typeid=i","cat":312392},{"id":280418,"n":"Dessert lacté Nature Blédina dès 6 mois - 4x95g","p":1.86,"u":"4,89 €/KG","img":"https://fd1-photos.leclercdrive.fr/image.ashx?id=2972868&use=l&cat=p&typeid=i","cat":312392},{"id":280419,"n":"Dessert lacté Fraise Blédina dès 6 mois - 4x95g","p":2.0,"u":"5,26 €/KG","img":"https://fd1-photos.leclercdrive.fr/image.ashx?id=2972871&use=l&cat=p&typeid=i","cat":312392},{"id":280420,"n":"Dessert lacté Blédina Vanille dès 6 mois - 4x95g","p":1.98,"u":"5,21 €/KG","img":"https://fd1-photos.leclercdrive.fr/image.ashx?id=2972874&use=l&cat=p&typeid=i","cat":312392},{"id":280425,"n":"Dessert lacté Blédina Mangue Pêche dès 6 mois - 4x95g","p":2.05,"u":"5,39 €/KG","img":"https://fd1-photos.leclercdrive.fr/image.ashx?id=2972877&use=l&cat=p&typeid=i","cat":312392},{"id":280474,"n":"Gnocchi à poêler Lustucru Extra moelleux 300g","p":1.94,"u":"6,47 €/KG","img":"https://fd1-photos.leclercdrive.fr/image.ashx?id=2973655&use=l&cat=p&typeid=i","cat":333682},{"id":280483,"n":"Gnocchi à poêler Lustucru Extra chorizo 280g","p":2.47,"u":"8,82 €/KG","img":"https://fd1-photos.leclercdrive.fr/image.ashx?id=2973646&use=l&cat=p&typeid=i","cat":333682},{"id":280487,"n":"Gnocchi à poêler Lustucru star 500g","p":2.98,"u":"5,96 €/KG","img":"https://fd1-photos.leclercdrive.fr/image.ashx?id=2973637&use=l&cat=p&typeid=i","cat":333682},{"id":280488,"n":"Girasoli Lustucru  Extra raclette 250g","p":2.99,"u":"11,96 €/KG","img":"https://fd1-photos.leclercdrive.fr/image.ashx?id=2973640&use=l&cat=p&typeid=i","cat":333682},{"id":280491,"n":"Girasoli Lustucru Extra fromage jambon 250g","p":2.88,"u":"11,52 €/KG","img":"https://fd1-photos.leclercdrive.fr/image.ashx?id=2973643&use=l&cat=p&typeid=i","cat":333682},{"id":280494,"n":"Mini ravioli Lustucru Fromage 280g","p":2.54,"u":"9,07 €/KG","img":"https://fd1-photos.leclercdrive.fr/image.ashx?id=2996650&use=l&cat=p&typeid=i","cat":333682},{"id":280511,"n":"Macaronis & légumes Baby Bio Carottes des landes - 200g","p":2.85,"u":"14,25 €/KG","img":"https://fd1-photos.leclercdrive.fr/image.ashx?id=2973700&use=l&cat=p&typeid=i","cat":312237},{"id":280676,"n":"Gourde Babybio Pomme fraise vanille - 360g","p":3.44,"u":"9,56 €/KG","img":"https://fd1-photos.leclercdrive.fr/image.ashx?id=2974375&use=l&cat=p&typeid=i","cat":312393},{"id":280679,"n":"Huile d'olive Jardin Bio 75cl","p":12.52,"u":"16,69 €/L","img":"https://fd1-photos.leclercdrive.fr/image.ashx?id=2974387&use=l&cat=p&typeid=i","cat":284453},{"id":280708,"n":"Biscuits cacaotes P'tit Déli Vanille - 220g","p":1.32,"u":"6,00 €/KG","img":"https://fd1-photos.leclercdrive.fr/image.ashx?id=2974149&use=l&cat=p&typeid=i","cat":284488},{"id":280717,"n":"Chocolat Lindt Excellence Fusion sel Noir 85% & Lait-100g","p":3.49,"u":"34,90 €/KG","img":"https://fd1-photos.leclercdrive.fr/image.ashx?id=2975810&use=l&cat=p&typeid=i","cat":284956},{"id":280746,"n":"Chocolat Lindt Excellence  Fusion Noir 70% & Lait - 100g","p":3.49,"u":"34,90 €/KG","img":"https://fd1-photos.leclercdrive.fr/image.ashx?id=2975819&use=l&cat=p&typeid=i","cat":284958},{"id":280750,"n":"Chocolat Lindt Excellence Fusion Noir 70% & Blanc - 100g","p":3.49,"u":"34,90 €/KG","img":"https://fd1-photos.leclercdrive.fr/image.ashx?id=2975822&use=l&cat=p&typeid=i","cat":284956},{"id":280777,"n":"Préparation Banana Bread Vahiné 300g","p":3.26,"u":"10,87 €/KG","img":"https://fd1-photos.leclercdrive.fr/image.ashx?id=2975873&use=l&cat=p&typeid=i","cat":284505},{"id":280778,"n":"Ketchup tomato Heinz cornichon - 250g","p":1.94,"u":"7,76 €/KG","img":"https://fd1-photos.leclercdrive.fr/image.ashx?id=2976176&use=l&cat=p&typeid=i","cat":284455},{"id":280782,"n":"Sauce sweet chili Heinz 260g","p":2.28,"u":"8,77 €/KG","img":"https://fd1-photos.leclercdrive.fr/image.ashx?id=2976101&use=l&cat=p&typeid=i","cat":318431},{"id":280783,"n":"Sauce korean barbecue Heinz 265g","p":2.06,"u":"7,77 €/KG","img":"https://fd1-photos.leclercdrive.fr/image.ashx?id=2976137&use=l&cat=p&typeid=i","cat":318431},{"id":280784,"n":"Mayonnaise  Heinz Srirachamix - 400g","p":3.28,"u":"8,20 €/KG","img":"https://fd1-photos.leclercdrive.fr/image.ashx?id=2976140&use=l&cat=p&typeid=i","cat":318431},{"id":280851,"n":"Yaourt à la Grecque Nature 9% MG - 150g","p":1.09,"u":"7,27 €/KG","img":"https://fd1-photos.leclercdrive.fr/image.ashx?id=2978883&use=l&cat=p&typeid=i","cat":284409},{"id":280852,"n":"Yaourt nature 3.5% MG facile à digérer - 400g","p":1.75,"u":"4,38 €/KG","img":"https://fd1-photos.leclercdrive.fr/image.ashx?id=2978880&use=l&cat=p&typeid=i","cat":284409},{"id":280853,"n":"Crème fraîche entière 30% MG sans lactose - 150g","p":1.75,"u":"11,67 €/KG","img":"https://fd1-photos.leclercdrive.fr/image.ashx?id=2978877&use=l&cat=p&typeid=i","cat":284381},{"id":280854,"n":"Crème fleurette entière 32% MG facile à digérer - 200g","p":1.86,"u":"9,30 €/KG","img":"https://fd1-photos.leclercdrive.fr/image.ashx?id=2980052&use=l&cat=p&typeid=i","cat":284381},{"id":280856,"n":"Fromage blanc 0% MG 250g","p":1.53,"u":"6,12 €/KG","img":"https://fd1-photos.leclercdrive.fr/image.ashx?id=2978886&use=l&cat=p&typeid=i","cat":284409},{"id":280861,"n":"Duo crevettes cabillaud Tipiak - 2x125g","p":4.85,"u":"19,40 €/KG","img":"https://fd1-photos.leclercdrive.fr/image.ashx?id=2975945&use=l&cat=p&typeid=i","cat":284254},{"id":280862,"n":"Crumble cabillaud Saint-Jacques Tipiak - 2x125g","p":4.8,"u":"19,20 €/KG","img":"https://fd1-photos.leclercdrive.fr/image.ashx?id=2975942&use=l&cat=p&typeid=i","cat":284254},{"id":280878,"n":"Bowl Bonduelle A la mexicaine - 250g","p":2.88,"u":"11,52 €/KG","img":"https://fd1-photos.leclercdrive.fr/image.ashx?id=2996533&use=l&cat=p&typeid=i","cat":328010},{"id":280904,"n":"Mini cônes Extrême Mix x6 - 234g","p":3.32,"u":"0,55 €/P","img":"https://fd1-photos.leclercdrive.fr/image.ashx?id=2975933&use=l&cat=p&typeid=i","cat":284264},{"id":280908,"n":"Pizza DR. Oetker Suprema 5 fromages - 424g","p":5.11,"u":"12,05 €/KG","img":"https://fd1-photos.leclercdrive.fr/image.ashx?id=2993095&use=l&cat=p&typeid=i","cat":284256},{"id":280909,"n":"Pizza DR. Oetker Suprema Salami à la romaine - 425g","p":4.81,"u":"11,32 €/KG","img":"https://fd1-photos.leclercdrive.fr/image.ashx?id=2993092&use=l&cat=p&typeid=i","cat":284256},{"id":280916,"n":"Salade de lentilles Cassegrain Vertes - Butternut roti 250g","p":2.6,"u":"10,40 €/KG","img":"https://fd1-photos.leclercdrive.fr/image.ashx?id=2975143&use=l&cat=p&typeid=i","cat":333657},{"id":280997,"n":"Bowl à l'orientale 250g","p":2.84,"u":"11,36 €/KG","img":"https://fd1-photos.leclercdrive.fr/image.ashx?id=2991921&use=l&cat=p&typeid=i","cat":325094},{"id":281037,"n":"Skyr Alpro Exotic- 400g","p":2.89,"u":"7,23 €/KG","img":"https://fd1-photos.leclercdrive.fr/image.ashx?id=2976098&use=l&cat=p&typeid=i","cat":316071},{"id":281108,"n":"Rillettes du Mans La Véritable Bordeau Chesnel - 220g","p":1.53,"u":"6,95 €/KG","img":"https://fd1-photos.leclercdrive.fr/image.ashx?id=2763100&use=l&cat=p&typeid=i","cat":326550},{"id":281326,"n":"Bonbons Spaghetti Pik Haribo 220g","p":1.73,"u":"7,86 €/KG","img":"https://fd1-photos.leclercdrive.fr/image.ashx?id=2978661&use=l&cat=p&typeid=i","cat":304250},{"id":281333,"n":"Bonbons Têtes Brûlées  Family Party 600g","p":4.55,"u":"7,58 €/KG","img":"https://fd1-photos.leclercdrive.fr/image.ashx?id=2978778&use=l&cat=p&typeid=i","cat":304250},{"id":281347,"n":"Bonbons Lutti  Papillot' Gummy 200g","p":2.4,"u":"12,00 €/KG","img":"https://fd1-photos.leclercdrive.fr/image.ashx?id=2978841&use=l&cat=p&typeid=i","cat":304250},{"id":281348,"n":"Bonbons Lutti  Bublizz Family Fizz Boîte 550g","p":4.99,"u":"9,07 €/KG","img":"https://fd1-photos.leclercdrive.fr/image.ashx?id=2978844&use=l&cat=p&typeid=i","cat":304250},{"id":281350,"n":"Bonbons Lutti  Papillot'Fizz Balls 200g","p":2.68,"u":"13,40 €/KG","img":"https://fd1-photos.leclercdrive.fr/image.ashx?id=2978847&use=l&cat=p&typeid=i","cat":304250},{"id":281361,"n":"Bonbons Werther' Original 3x50g","p":1.62,"u":"10,80 €/KG","img":"https://fd1-photos.leclercdrive.fr/image.ashx?id=2980040&use=l&cat=p&typeid=i","cat":304252},{"id":281364,"n":"Bonbons Werther's Original Saveur citrouille 180g","p":2.91,"u":"16,17 €/KG","img":"https://fd1-photos.leclercdrive.fr/image.ashx?id=2980046&use=l&cat=p&typeid=i","cat":304252},{"id":281412,"n":"Pep's recette Manhattan Burger Box - 380g","p":5.4,"u":"14,21 €/KG","img":"https://fd1-photos.leclercdrive.fr/image.ashx?id=2979397&use=l&cat=p&typeid=i","cat":333685},{"id":281422,"n":"Pep's recette Roma Pizza Box 380g","p":5.41,"u":"14,24 €/KG","img":"https://fd1-photos.leclercdrive.fr/image.ashx?id=2979403&use=l&cat=p&typeid=i","cat":333685},{"id":281522,"n":"Boisson végétale Alpro Barista Coco 750ml","p":1.98,"u":"2,64 €/L","img":"https://fd1-photos.leclercdrive.fr/image.ashx?id=2979430&use=l&cat=p&typeid=i","cat":316067},{"id":281524,"n":"Boisson végétale Alpro Avoine 500ml","p":1.58,"u":"3,16 €/L","img":"https://fd1-photos.leclercdrive.fr/image.ashx?id=2986855&use=l&cat=p&typeid=i","cat":316067},{"id":281732,"n":"Calendrier de l'avent  Masque Justice League 75g","p":3.95,"u":"52,67 €/KG","img":"https://fd1-photos.leclercdrive.fr/image.ashx?id=2981394&use=l&cat=p&typeid=i","cat":327590},{"id":281735,"n":"Calendrier masque PatPatrouille Chase - 75g","p":3.95,"u":"52,67 €/KG","img":"https://fd1-photos.leclercdrive.fr/image.ashx?id=2981397&use=l&cat=p&typeid=i","cat":327590},{"id":282381,"n":"Serviettes hygièniques Vania Maxi Nuit - x10","p":2.3,"u":"0,23 €/P","img":"https://fd1-photos.leclercdrive.fr/image.ashx?id=2985339&use=l&cat=p&typeid=i","cat":284624},{"id":282741,"n":"Lessive liquide Skip Cycle Court Peaux sensibles 1.48L","p":13.47,"u":"9,10 €/L","img":"https://fd1-photos.leclercdrive.fr/image.ashx?id=2985681&use=l&cat=p&typeid=i","cat":284640},{"id":282946,"n":"Lessive Xt-tra Total Marseille Aloe vera - 1.8L x40","p":7.02,"u":"3,90 €/L","img":"https://fd1-photos.leclercdrive.fr/image.ashx?id=2985030&use=l&cat=p&typeid=i","cat":284640},{"id":283254,"n":"Adoucissant dilué Soupline Grand Air - 2250ml","p":6.98,"u":"3,10 €/L","img":"https://fd1-photos.leclercdrive.fr/image.ashx?id=2993490&use=l&cat=p&typeid=i","cat":284650},{"id":283263,"n":"Adoucissant dilué Soupline Grand Air - 1500ml","p":4.98,"u":"3,32 €/L","img":"https://fd1-photos.leclercdrive.fr/image.ashx?id=3004450&use=l&cat=p&typeid=i","cat":284650},{"id":283524,"n":"Poivrons tricolores Panier du Primeur x3","p":2.49,"u":"0,83 €/P","img":"https://fd1-photos.leclercdrive.fr/image.ashx?id=2987653&use=l&cat=p&typeid=i","cat":284352},{"id":283525,"n":"Oranges Eco+ 1.5kg","p":1.99,"u":"1,33 €/KG","img":"https://fd1-photos.leclercdrive.fr/image.ashx?id=2987650&use=l&cat=p&typeid=i","cat":284356},{"id":283534,"n":"Les tranches Fleury Michon Lentilles Corail x6 - 180g","p":3.4,"u":"18,89 €/KG","img":"https://fd1-photos.leclercdrive.fr/image.ashx?id=2988454&use=l&cat=p&typeid=i","cat":316036},{"id":283535,"n":"Les tranches Fleury Michon Haricots rouges x4 - 120g","p":2.38,"u":"19,83 €/KG","img":"https://fd1-photos.leclercdrive.fr/image.ashx?id=3000075&use=l&cat=p&typeid=i","cat":316036},{"id":283536,"n":"Macaroni poulet Fleury Michon sauce moutarde - 280g","p":3.26,"u":"11,64 €/KG","img":"https://fd1-photos.leclercdrive.fr/image.ashx?id=2988451&use=l&cat=p&typeid=i","cat":333665},{"id":283542,"n":"Œuf Maxi Kinder surprise Playmobil - 100g","p":5.98,"u":"59,80 €/KG","img":"https://fd1-photos.leclercdrive.fr/image.ashx?id=2940516&use=l&cat=p&typeid=i","cat":284958},{"id":283554,"n":"Thon en morceaux Eco+ 280g","p":2.09,"u":"7,46 €/KG","img":"https://fd1-photos.leclercdrive.fr/image.ashx?id=2987656&use=l&cat=p&typeid=i","cat":303867},{"id":283635,"n":"Brioche Pitch Chocolat x12 - 450g","p":2.16,"u":"4,80 €/KG","img":"https://fd1-photos.leclercdrive.fr/image.ashx?id=2452110&use=l&cat=p&typeid=i","cat":326550},{"id":284082,"n":"Spray déodorant Nivea Men Derma control sensitive - 200ml","p":3.53,"u":"17,65 €/L","img":"https://fd1-photos.leclercdrive.fr/image.ashx?id=2990925&use=l&cat=p&typeid=i","cat":284618},{"id":284083,"n":"Spray déodorant Nivea Men Defend derma control - 200ml","p":3.4,"u":"17,00 €/L","img":"https://fd1-photos.leclercdrive.fr/image.ashx?id=2990907&use=l&cat=p&typeid=i","cat":284618},{"id":284084,"n":"Spray déodorant Nivea Men Derma control restore - 200ml","p":3.05,"u":"15,25 €/L","img":"https://fd1-photos.leclercdrive.fr/image.ashx?id=2990901&use=l&cat=p&typeid=i","cat":284618},{"id":284090,"n":"Déodorant bille Nivea men Derma control Sensitive - 50ml","p":3.45,"u":"69,00 €/L","img":"https://fd1-photos.leclercdrive.fr/image.ashx?id=2990916&use=l&cat=p&typeid=i","cat":284618},{"id":284095,"n":"Déodorant spray Nivea Men Derma control defend - 200ml","p":3.38,"u":"16,90 €/L","img":"https://fd1-photos.leclercdrive.fr/image.ashx?id=2990904&use=l&cat=p&typeid=i","cat":284618},{"id":284100,"n":"Déodorant bille Nivea Men Derma control - 50ml","p":3.24,"u":"64,80 €/L","img":"https://fd1-photos.leclercdrive.fr/image.ashx?id=2990922&use=l&cat=p&typeid=i","cat":284618},{"id":284105,"n":"Déodorant bille Nivea Men Derma control Defend - 50ml","p":3.07,"u":"61,40 €/MT","img":"https://fd1-photos.leclercdrive.fr/image.ashx?id=2990913&use=l&cat=p&typeid=i","cat":284618},{"id":284140,"n":"Gel douche Tahiti Coco et jasmin - 3x250ml","p":6.19,"u":"8,25 €/L","img":"https://fd1-photos.leclercdrive.fr/image.ashx?id=2993167&use=l&cat=p&typeid=i","cat":284594},{"id":284273,"n":"Crème fraîche Le Gall Fleurette 30%MG 1L","p":5.59,"u":"5,59 €/L","img":"https://fd1-photos.leclercdrive.fr/image.ashx?id=2991999&use=l&cat=p&typeid=i","cat":284381},{"id":284279,"n":"Sauce pesto Sacla aux pistaches - 190g","p":2.67,"u":"14,05 €/KG","img":"https://fd1-photos.leclercdrive.fr/image.ashx?id=2992335&use=l&cat=p&typeid=i","cat":299047},{"id":284618,"n":"Camembert Normand AOP Affiné - Gillot  250g","p":4.99,"u":"19,96 €/KG","img":"https://fd1-photos.leclercdrive.fr/image.ashx?id=2996821&use=l&cat=p&typeid=i","cat":314033},{"id":284642,"n":"Gel douche Derma Care Sanex Enfant - 700ml","p":5.98,"u":"8,54 €/L","img":"https://fd1-photos.leclercdrive.fr/image.ashx?id=2997379&use=l&cat=p&typeid=i","cat":284594},{"id":284745,"n":"Gel douche Sanex Derma Care Hydratant - 425ml","p":4.44,"u":"10,45 €/MT","img":"https://fd1-photos.leclercdrive.fr/image.ashx?id=2994590&use=l&cat=p&typeid=i","cat":284594},{"id":285245,"n":"Riz Comptoir du Grain 3 riz blanc rouge noir 500g","p":1.82,"u":"3,64 €/KG","img":"https://fd1-photos.leclercdrive.fr/image.ashx?id=2995820&use=l&cat=p&typeid=i","cat":284428},{"id":285313,"n":"Chataignes entières d'Ardèche Nos Régions ont du Talent 200g","p":4.5,"u":"22,50 €/KG","img":"https://fd1-photos.leclercdrive.fr/image.ashx?id=2995911&use=l&cat=p&typeid=i","cat":284356},{"id":285723,"n":"Soin sans rincer Elseve  Cheveux longs - 2x200ml","p":10.49,"u":"26,23 €/L","img":"https://fd1-photos.leclercdrive.fr/image.ashx?id=2997814&use=l&cat=p&typeid=i","cat":284608},{"id":286221,"n":"Dentifrice Colgate Max White Expert Original 2x75ml","p":8.32,"u":"55,47 €/L","img":"https://fd1-photos.leclercdrive.fr/image.ashx?id=2999598&use=l&cat=p&typeid=i","cat":284612},{"id":286244,"n":"Bûche glacée Pilpa Omelette norvégienne 336g","p":5.27,"u":"15,68 €/KG","img":"https://fd1-photos.leclercdrive.fr/image.ashx?id=3000024&use=l&cat=p&typeid=i","cat":284266},{"id":286245,"n":"Bûche glacée Pilpa Vanille caramel spéculoos 534g","p":5.27,"u":"9,87 €/KG","img":"https://fd1-photos.leclercdrive.fr/image.ashx?id=3000039&use=l&cat=p&typeid=i","cat":284266},{"id":286371,"n":"Jus d'orange Jafaden Pur jus sans pulpe - 6x1L","p":8.36,"u":"1,39 €/L","img":"https://fd1-photos.leclercdrive.fr/image.ashx?id=2842504&use=l&cat=p&typeid=i","cat":326550},{"id":286451,"n":"Bûche glacée Nestlé Signature façon Tiramisu - 472g","p":7.99,"u":"16,93 €/KG","img":"https://fd1-photos.leclercdrive.fr/image.ashx?id=3000716&use=l&cat=p&typeid=i","cat":284266},{"id":287558,"n":"Déodorant Axe Supreme black 48h fraîcheur 2x200ml","p":6.97,"u":"17,43 €/L","img":"https://fd1-photos.leclercdrive.fr/image.ashx?id=3006202&use=l&cat=p&typeid=i","cat":284618},{"id":287560,"n":"Déodorant Axe Supreme Dark Temptation 2x200ml","p":6.97,"u":"17,43 €/L","img":"https://fd1-photos.leclercdrive.fr/image.ashx?id=3006205&use=l&cat=p&typeid=i","cat":284618},{"id":287563,"n":"Déodorant Axe Supreme  Ice Cool 2x200ml","p":6.97,"u":"17,43 €/L","img":"https://fd1-photos.leclercdrive.fr/image.ashx?id=3006208&use=l&cat=p&typeid=i","cat":284618},{"id":287564,"n":"Déodorant Axe Supreme Provocation 2x200ml","p":6.97,"u":"17,43 €/L","img":"https://fd1-photos.leclercdrive.fr/image.ashx?id=3006211&use=l&cat=p&typeid=i","cat":284618},{"id":287566,"n":"Déodorant Axe Supreme  Apollo 2x200ml","p":6.97,"u":"17,43 €/L","img":"https://fd1-photos.leclercdrive.fr/image.ashx?id=3006214&use=l&cat=p&typeid=i","cat":284618},{"id":288255,"n":"Bretzels et Sticks d'Epeautre Bio Naturaline - 290g","p":2.33,"u":"8,03 €/KG","img":"https://fd1-photos.leclercdrive.fr/image.ashx?id=2316682&use=l&cat=p&typeid=i","cat":326550},{"id":288907,"n":"Saumon d'Ecosse Mowi x12 - 310g","p":12.49,"u":"40,29 €/KG","img":"https://fd1-photos.leclercdrive.fr/image.ashx?id=3011344&use=l&cat=p&typeid=i","cat":316029}]}