{"id":"048701-048701","dt":"2025-12-15","p":[{"id":2,"n":"Haricots verts Notre Jardin Extra fins - 345g","p":2.39,"u":"6,93 €/KG","img":"https://fd11-photos.leclercdrive.fr/image.ashx?id=2050624&use=l&cat=p&typeid=i","cat":312606},{"id":3,"n":"Haricots verts Notre Jardin Très fins - 220g","p":0.86,"u":"3,91 €/KG","img":"https://fd11-photos.leclercdrive.fr/image.ashx?id=1993164&use=l&cat=p&typeid=i","cat":312606},{"id":4,"n":"Haricots verts Notre Jardin Très fins - 440g","p":1.15,"u":"2,61 €/KG","img":"https://fd11-photos.leclercdrive.fr/image.ashx?id=2050615&use=l&cat=p&typeid=i","cat":312606},{"id":5,"n":"Haricots verts Notre Jardin Extra fins - 440g","p":1.2,"u":"2,73 €/KG","img":"https://fd11-photos.leclercdrive.fr/image.ashx?id=2291393&use=l&cat=p&typeid=i","cat":312606},{"id":6,"n":"Haricots verts Notre Jardin Extra fins - 220g","p":0.88,"u":"4,00 €/KG","img":"https://fd11-photos.leclercdrive.fr/image.ashx?id=2371548&use=l&cat=p&typeid=i","cat":312606},{"id":7,"n":"Haricots beurre Notre Jardin Très fins - 220g","p":1.11,"u":"5,05 €/KG","img":"https://fd11-photos.leclercdrive.fr/image.ashx?id=2988027&use=l&cat=p&typeid=i","cat":312606},{"id":8,"n":"Haricots beurre Notre Jardin Très fins - 440g","p":1.55,"u":"3,52 €/KG","img":"https://fd11-photos.leclercdrive.fr/image.ashx?id=2988030&use=l&cat=p&typeid=i","cat":312606},{"id":9,"n":"Petits pois Notre Jardin A l'étuvée - Extra fins - 280g","p":0.9,"u":"3,21 €/KG","img":"https://fd11-photos.leclercdrive.fr/image.ashx?id=2375947&use=l&cat=p&typeid=i","cat":312607},{"id":10,"n":"Petits pois Notre Jardin A l'étuvée - Très fins - 280g","p":0.89,"u":"3,18 €/KG","img":"https://fd11-photos.leclercdrive.fr/image.ashx?id=2375950&use=l&cat=p&typeid=i","cat":312607},{"id":11,"n":"Petits pois carottes  Notre Jardin -Extra fins - 530g","p":1.22,"u":"2,30 €/KG","img":"https://fd11-photos.leclercdrive.fr/image.ashx?id=2987961&use=l&cat=p&typeid=i","cat":312607},{"id":12,"n":"Petits pois carottes extra-fins Notre Jardin à l'étuvée 260g","p":0.99,"u":"3,74 €/KG","img":"https://fd11-photos.leclercdrive.fr/image.ashx?id=2987964&use=l&cat=p&typeid=i","cat":312607},{"id":13,"n":"Petits pois carottes Très fins Notre Jardin -A l'étuvée -530g","p":1.33,"u":"2,51 €/KG","img":"https://fd11-photos.leclercdrive.fr/image.ashx?id=2698156&use=l&cat=p&typeid=i","cat":312607},{"id":14,"n":"Carottes Notre Jardin Extra-fines - 265g","p":0.85,"u":"3,21 €/KG","img":"https://fd11-photos.leclercdrive.fr/image.ashx?id=2399150&use=l&cat=p&typeid=i","cat":312607},{"id":15,"n":"Champignons Paris Notre Jardin Entiers - 230g","p":1.47,"u":"6,39 €/KG","img":"https://fd11-photos.leclercdrive.fr/image.ashx?id=2553890&use=l&cat=p&typeid=i","cat":312610},{"id":16,"n":"Champignons Paris Notre Jardin Pieds et morceaux - 230g","p":1.49,"u":"6,48 €/KG","img":"https://fd11-photos.leclercdrive.fr/image.ashx?id=2553896&use=l&cat=p&typeid=i","cat":312610},{"id":17,"n":"Champignons Paris Notre Jardin Emincés - 230g","p":1.07,"u":"4,65 €/KG","img":"https://fd11-photos.leclercdrive.fr/image.ashx?id=2551960&use=l&cat=p&typeid=i","cat":312610},{"id":19,"n":"Flageolets verts Notre Jardin Extra fins - 265g","p":0.99,"u":"3,74 €/KG","img":"https://fd11-photos.leclercdrive.fr/image.ashx?id=1993161&use=l&cat=p&typeid=i","cat":312606},{"id":20,"n":"Macédoine légumes Notre Jardin 265g","p":0.71,"u":"2,68 €/KG","img":"https://fd11-photos.leclercdrive.fr/image.ashx?id=2050600&use=l&cat=p&typeid=i","cat":312612},{"id":21,"n":"Macédoine légumes Notre Jardin - 530g","p":1.23,"u":"2,32 €/KG","img":"https://fd11-photos.leclercdrive.fr/image.ashx?id=2526276&use=l&cat=p&typeid=i","cat":312612},{"id":22,"n":"Garniture de 4 légumes  Notre Jardin - 510g","p":1.74,"u":"3,41 €/KG","img":"https://fd11-photos.leclercdrive.fr/image.ashx?id=2526279&use=l&cat=p&typeid=i","cat":312612},{"id":26,"n":"Pois chiches Notre Jardin 265g","p":0.75,"u":"2,83 €/KG","img":"https://fd11-photos.leclercdrive.fr/image.ashx?id=2988009&use=l&cat=p&typeid=i","cat":312609},{"id":27,"n":"Lentilles préparées Notre  Jardin - 265g","p":0.67,"u":"2,53 €/KG","img":"https://fd11-photos.leclercdrive.fr/image.ashx?id=2987985&use=l&cat=p&typeid=i","cat":312609},{"id":28,"n":"Lentilles Préparées Notre  Jardin - 530g","p":1.15,"u":"2,17 €/KG","img":"https://fd11-photos.leclercdrive.fr/image.ashx?id=2987982&use=l&cat=p&typeid=i","cat":312609},{"id":29,"n":"Haricots rouges Notre Jardin 250g","p":0.84,"u":"3,36 €/KG","img":"https://fd11-photos.leclercdrive.fr/image.ashx?id=2988024&use=l&cat=p&typeid=i","cat":312606},{"id":30,"n":"Pommes de terre Notre Jardin 530g","p":1.29,"u":"2,43 €/KG","img":"https://fd11-photos.leclercdrive.fr/image.ashx?id=2696250&use=l&cat=p&typeid=i","cat":312612},{"id":34,"n":"Garniture de céleris Notre Jardin - 500g","p":1.89,"u":"3,78 €/KG","img":"https://fd11-photos.leclercdrive.fr/image.ashx?id=2526282&use=l&cat=p&typeid=i","cat":312612},{"id":36,"n":"Epinards hâchés Notre Jardin 795g","p":1.65,"u":"2,08 €/KG","img":"https://fd11-photos.leclercdrive.fr/image.ashx?id=2468807&use=l&cat=p&typeid=i","cat":312612},{"id":37,"n":"Epinards hâchés Notre Jardin 395g","p":1.09,"u":"2,76 €/KG","img":"https://fd11-photos.leclercdrive.fr/image.ashx?id=1993152&use=l&cat=p&typeid=i","cat":312612},{"id":39,"n":"Epinards branches Notre Jardin 530g","p":1.69,"u":"3,19 €/KG","img":"https://fd11-photos.leclercdrive.fr/image.ashx?id=2913651&use=l&cat=p&typeid=i","cat":312612},{"id":40,"n":"Coeurs de palmiers Notre Jardin Extra tendres - 500g","p":3.85,"u":"7,70 €/KG","img":"https://fd11-photos.leclercdrive.fr/image.ashx?id=2072698&use=l&cat=p&typeid=i","cat":312611},{"id":41,"n":"Choux Bruxelles Notre Jardin 530g","p":1.95,"u":"3,68 €/KG","img":"https://fd11-photos.leclercdrive.fr/image.ashx?id=2072428&use=l&cat=p&typeid=i","cat":312612},{"id":42,"n":"Haricots Mungo Notre Jardin 180g","p":1.0,"u":"5,56 €/KG","img":"https://fd11-photos.leclercdrive.fr/image.ashx?id=2072431&use=l&cat=p&typeid=i","cat":312611},{"id":43,"n":"Asperges blanches miniatures Notre Jardin - 110g","p":1.55,"u":"14,09 €/KG","img":"https://fd11-photos.leclercdrive.fr/image.ashx?id=2049019&use=l&cat=p&typeid=i","cat":312611},{"id":44,"n":"Maïs Notre Jardin Tendre - 285g","p":0.96,"u":"3,37 €/KG","img":"https://fd11-photos.leclercdrive.fr/image.ashx?id=3005658&use=l&cat=p&typeid=i","cat":312611},{"id":47,"n":"Filets de thon Saupiquet Huile d'olive - 115g","p":2.32,"u":"20,17 €/KG","img":"https://fd11-photos.leclercdrive.fr/image.ashx?id=2846373&use=l&cat=p&typeid=i","cat":303867},{"id":48,"n":"Thon Saupiquet A la Catalane - 252g","p":1.77,"u":"7,02 €/KG","img":"https://fd11-photos.leclercdrive.fr/image.ashx?id=2860892&use=l&cat=p&typeid=i","cat":303867},{"id":50,"n":"Miettes de thon Pêche Océan Huile de tournesol - 160g","p":1.7,"u":"10,63 €/KG","img":"https://fd11-photos.leclercdrive.fr/image.ashx?id=2053785&use=l&cat=p&typeid=i","cat":303867},{"id":51,"n":"Miettes de thon Pêche Océan Tomate - 160g","p":1.13,"u":"7,06 €/KG","img":"https://fd11-photos.leclercdrive.fr/image.ashx?id=2941378&use=l&cat=p&typeid=i","cat":303867},{"id":52,"n":"Miettes de thon Pêche Océan Tomate - 3x80g","p":1.56,"u":"6,50 €/KG","img":"https://fd11-photos.leclercdrive.fr/image.ashx?id=2941363&use=l&cat=p&typeid=i","cat":303867},{"id":58,"n":"Filets maquereaux Pêche Océan Arômates et Muscadet 176g","p":1.45,"u":"8,24 €/KG","img":"https://fd11-photos.leclercdrive.fr/image.ashx?id=2476948&use=l&cat=p&typeid=i","cat":303868},{"id":59,"n":"Maquereaux Pêche Océan Moutarde de Dijon - 169g","p":1.65,"u":"9,76 €/KG","img":"https://fd11-photos.leclercdrive.fr/image.ashx?id=2488350&use=l&cat=p&typeid=i","cat":303868},{"id":67,"n":"Terrine de canard Côté Table 180g","p":1.55,"u":"8,61 €/KG","img":"https://fd11-photos.leclercdrive.fr/image.ashx?id=2436645&use=l&cat=p&typeid=i","cat":305149},{"id":68,"n":"Cassoulet Côté Table Saucisses et saucissons - 420g","p":1.15,"u":"2,74 €/KG","img":"https://fd11-photos.leclercdrive.fr/image.ashx?id=2977099&use=l&cat=p&typeid=i","cat":284440},{"id":72,"n":"Lentilles cuisinées Raynal Et Roquelaure - 820g","p":1.91,"u":"2,33 €/KG","img":"https://fd11-photos.leclercdrive.fr/image.ashx?id=2928393&use=l&cat=p&typeid=i","cat":312609},{"id":74,"n":"Choucroute Côté Table garnie 800g","p":2.69,"u":"3,36 €/KG","img":"https://fd11-photos.leclercdrive.fr/image.ashx?id=2977111&use=l&cat=p&typeid=i","cat":284441},{"id":75,"n":"Choucroute Côté Table garnie 400g","p":1.75,"u":"4,38 €/KG","img":"https://fd11-photos.leclercdrive.fr/image.ashx?id=2977114&use=l&cat=p&typeid=i","cat":284441},{"id":78,"n":"Saucisses lentilles Côté Table 840g","p":1.99,"u":"2,37 €/KG","img":"https://fd11-photos.leclercdrive.fr/image.ashx?id=2977102&use=l&cat=p&typeid=i","cat":284441},{"id":79,"n":"Saucisses lentilles Côté Table 420g","p":1.13,"u":"2,69 €/KG","img":"https://fd11-photos.leclercdrive.fr/image.ashx?id=2977105&use=l&cat=p&typeid=i","cat":284441},{"id":92,"n":"Chips Pom'lisse Nature - 6x30g","p":1.37,"u":"7,61 €/KG","img":"https://fd11-photos.leclercdrive.fr/image.ashx?id=2917317&use=l&cat=p&typeid=i","cat":284447},{"id":97,"n":"Pétales salées Tokapi Soufflés - 75g","p":0.69,"u":"9,20 €/KG","img":"https://fd11-photos.leclercdrive.fr/image.ashx?id=2751874&use=l&cat=p&typeid=i","cat":284449},{"id":104,"n":"Mélange Grillé et salé Tokapi Cacahuètes et noisettes - 120g","p":1.46,"u":"12,17 €/KG","img":"https://fd11-photos.leclercdrive.fr/image.ashx?id=2794100&use=l&cat=p&typeid=i","cat":284448},{"id":105,"n":"Cacahuètes grillées Tokapi Salées - 250g","p":0.85,"u":"3,40 €/KG","img":"https://fd11-photos.leclercdrive.fr/image.ashx?id=2795529&use=l&cat=p&typeid=i","cat":284448},{"id":108,"n":"Noix de cajou grillées Tokapi Salées - 400g","p":4.75,"u":"11,88 €/KG","img":"https://fd11-photos.leclercdrive.fr/image.ashx?id=2998880&use=l&cat=p&typeid=i","cat":284448},{"id":113,"n":"Crackers Tuc Nature Original - 100g","p":0.54,"u":"5,40 €/KG","img":"https://fd11-photos.leclercdrive.fr/image.ashx?id=3002195&use=l&cat=p&typeid=i","cat":297000},{"id":117,"n":"Huile Isio 4 Lesieur 1L","p":3.4,"u":"3,40 €/L","img":"https://fd11-photos.leclercdrive.fr/image.ashx?id=2916018&use=l&cat=p&typeid=i","cat":284453},{"id":118,"n":"Huile d'olive Puget 1L","p":11.5,"u":"11,50 €/L","img":"https://fd11-photos.leclercdrive.fr/image.ashx?id=2917750&use=l&cat=p&typeid=i","cat":284453},{"id":121,"n":"Huile Fleur de colza Lesieur  1L","p":2.73,"u":"2,73 €/L","img":"https://fd11-photos.leclercdrive.fr/image.ashx?id=2916848&use=l&cat=p&typeid=i","cat":284453},{"id":122,"n":"Huile de friture Rustica Sans odeur - 2L","p":4.45,"u":"2,23 €/L","img":"https://fd11-photos.leclercdrive.fr/image.ashx?id=2916662&use=l&cat=p&typeid=i","cat":284453},{"id":123,"n":"Huile végétale  Rustica Mélange 4 huiles  - 1L","p":2.65,"u":"2,65 €/L","img":"https://fd11-photos.leclercdrive.fr/image.ashx?id=2538134&use=l&cat=p&typeid=i","cat":284453},{"id":124,"n":"Huile d'olive Rustica Vierge extra - 1L","p":8.99,"u":"8,99 €/L","img":"https://fd11-photos.leclercdrive.fr/image.ashx?id=2898011&use=l&cat=p&typeid=i","cat":284453},{"id":125,"n":"Huile de tournesol Rustica  1L","p":1.99,"u":"1,99 €/L","img":"https://fd11-photos.leclercdrive.fr/image.ashx?id=2900319&use=l&cat=p&typeid=i","cat":284453},{"id":126,"n":"Huile de tournesol Rustica 3L","p":5.89,"u":"1,96 €/L","img":"https://fd11-photos.leclercdrive.fr/image.ashx?id=2900322&use=l&cat=p&typeid=i","cat":284453},{"id":127,"n":"Huile de colza Rustica  1L","p":1.76,"u":"1,76 €/L","img":"https://fd11-photos.leclercdrive.fr/image.ashx?id=2500797&use=l&cat=p&typeid=i","cat":284453},{"id":128,"n":"Vinaigre de vin Rustica 75cl","p":0.99,"u":"1,32 €/L","img":"https://fd11-photos.leclercdrive.fr/image.ashx?id=1061150&use=l&cat=p&typeid=i","cat":298543},{"id":129,"n":"Vinaigre de cidre Rustica  75cl","p":0.87,"u":"1,16 €/L","img":"https://fd11-photos.leclercdrive.fr/image.ashx?id=2657190&use=l&cat=p&typeid=i","cat":298543},{"id":130,"n":"Vinaigrette Rustica  Moutarde - 50cl","p":0.89,"u":"1,78 €/L","img":"https://fd11-photos.leclercdrive.fr/image.ashx?id=1950144&use=l&cat=p&typeid=i","cat":284456},{"id":131,"n":"Jus de citron Rustica Sicile - 2x125ml - 250ml","p":1.08,"u":"4,32 €/L","img":"https://fd11-photos.leclercdrive.fr/image.ashx?id=2974786&use=l&cat=p&typeid=i","cat":288383},{"id":137,"n":"Gros sel de Camargue NRT Sachet -1kg","p":1.2,"u":"1,20 €/KG","img":"https://fd11-photos.leclercdrive.fr/image.ashx?id=2819956&use=l&cat=p&typeid=i","cat":284457},{"id":147,"n":"Olives vertes Rustica  Dénoyautées - 160g","p":0.92,"u":"5,75 €/KG","img":"https://fd11-photos.leclercdrive.fr/image.ashx?id=2499070&use=l&cat=p&typeid=i","cat":284458},{"id":156,"n":"Moutarde de Dijon Rustica  Fine et forte Verre whisky-280g","p":1.94,"u":"6,93 €/KG","img":"https://fd11-photos.leclercdrive.fr/image.ashx?id=2954337&use=l&cat=p&typeid=i","cat":288850},{"id":157,"n":"Moutarde de Dijon AMORA Fine & Forte - 265g","p":1.48,"u":"5,58 €/KG","img":"https://fd11-photos.leclercdrive.fr/image.ashx?id=3004870&use=l&cat=p&typeid=i","cat":288850},{"id":160,"n":"Mayonnaise Lesieur Huile de colza - 175g","p":0.76,"u":"4,34 €/KG","img":"https://fd11-photos.leclercdrive.fr/image.ashx?id=2917702&use=l&cat=p&typeid=i","cat":298295},{"id":169,"n":"Sauce Pesto Panzani Basilic - 200g","p":1.61,"u":"8,05 €/KG","img":"https://fd11-photos.leclercdrive.fr/image.ashx?id=2989093&use=l&cat=p&typeid=i","cat":287599},{"id":172,"n":"Purée de tomates Turini 720ml","p":1.26,"u":"1,75 €/L","img":"https://fd11-photos.leclercdrive.fr/image.ashx?id=2667583&use=l&cat=p&typeid=i","cat":288384},{"id":173,"n":"Pulpe de tomate Notre Jardin En dés - 3x383g","p":2.06,"u":"1,81 €/KG","img":"https://fd11-photos.leclercdrive.fr/image.ashx?id=2826918&use=l&cat=p&typeid=i","cat":288384},{"id":174,"n":"Tomates pelées Notre Jardin Entières - 476g","p":1.4,"u":"2,94 €/KG","img":"https://fd11-photos.leclercdrive.fr/image.ashx?id=2189999&use=l&cat=p&typeid=i","cat":312608},{"id":175,"n":"Sauce bolognaise Turini 420g","p":1.45,"u":"3,45 €/KG","img":"https://fd11-photos.leclercdrive.fr/image.ashx?id=2634860&use=l&cat=p&typeid=i","cat":287599},{"id":177,"n":"Sauce Tomate Turini 2x190g","p":1.39,"u":"3,66 €/KG","img":"https://fd11-photos.leclercdrive.fr/image.ashx?id=2668117&use=l&cat=p&typeid=i","cat":288384},{"id":178,"n":"Sauce Napolitaine Turini 420g","p":0.88,"u":"2,10 €/KG","img":"https://fd11-photos.leclercdrive.fr/image.ashx?id=2441893&use=l&cat=p&typeid=i","cat":287599},{"id":185,"n":"Pâtes Barilla Pipe Rigate - 500g","p":1.03,"u":"2,06 €/KG","img":"https://fd11-photos.leclercdrive.fr/image.ashx?id=2392209&use=l&cat=p&typeid=i","cat":284427},{"id":186,"n":"Pâtes Barilla Penne rigate - 500g","p":1.0,"u":"2,00 €/KG","img":"https://fd11-photos.leclercdrive.fr/image.ashx?id=2392203&use=l&cat=p&typeid=i","cat":284427},{"id":191,"n":"Pâtes Collezione Barilla Lasagne aux œufs - 500g","p":1.99,"u":"3,98 €/KG","img":"https://fd11-photos.leclercdrive.fr/image.ashx?id=2990997&use=l&cat=p&typeid=i","cat":284427},{"id":193,"n":"Pâtes vermicelles Panzani  500g","p":1.19,"u":"2,38 €/KG","img":"https://fd11-photos.leclercdrive.fr/image.ashx?id=2896072&use=l&cat=p&typeid=i","cat":284427},{"id":194,"n":"Pâtes Coquillettes Panzani 500g","p":0.9,"u":"1,80 €/KG","img":"https://fd11-photos.leclercdrive.fr/image.ashx?id=2870200&use=l&cat=p&typeid=i","cat":284427},{"id":195,"n":"Pâtes macaroni Panzani 500g","p":0.97,"u":"1,94 €/KG","img":"https://fd11-photos.leclercdrive.fr/image.ashx?id=2884297&use=l&cat=p&typeid=i","cat":284427},{"id":196,"n":"Pâtes nouilles fines Panzani 500g","p":1.08,"u":"2,16 €/KG","img":"https://fd11-photos.leclercdrive.fr/image.ashx?id=2876005&use=l&cat=p&typeid=i","cat":284427},{"id":199,"n":"Pâtes Tagliatelle Panzani Créatives - 500G","p":1.48,"u":"2,96 €/KG","img":"https://fd11-photos.leclercdrive.fr/image.ashx?id=2902936&use=l&cat=p&typeid=i","cat":284427},{"id":200,"n":"Pâtes lasagnes Turini  500g","p":1.29,"u":"2,58 €/KG","img":"https://fd11-photos.leclercdrive.fr/image.ashx?id=2980779&use=l&cat=p&typeid=i","cat":284427},{"id":202,"n":"Pâtes Nouilles Turini 500g","p":0.75,"u":"1,50 €/KG","img":"https://fd11-photos.leclercdrive.fr/image.ashx?id=2980770&use=l&cat=p&typeid=i","cat":284427},{"id":203,"n":"Pâtes Torsades Turini 500g","p":0.65,"u":"1,30 €/KG","img":"https://fd11-photos.leclercdrive.fr/image.ashx?id=2980420&use=l&cat=p&typeid=i","cat":284427},{"id":204,"n":"Pâtes Coquillettes Turini 500g","p":0.75,"u":"1,50 €/KG","img":"https://fd11-photos.leclercdrive.fr/image.ashx?id=2980402&use=l&cat=p&typeid=i","cat":284427},{"id":205,"n":"Pâtes Macaroni Turini 500g","p":0.75,"u":"1,50 €/KG","img":"https://fd11-photos.leclercdrive.fr/image.ashx?id=2980411&use=l&cat=p&typeid=i","cat":284427},{"id":206,"n":"Spaghetti Turini 500g","p":0.69,"u":"1,38 €/KG","img":"https://fd11-photos.leclercdrive.fr/image.ashx?id=2664328&use=l&cat=p&typeid=i","cat":284427},{"id":208,"n":"Pâtes gansettes Turini 500g","p":0.98,"u":"1,96 €/KG","img":"https://fd11-photos.leclercdrive.fr/image.ashx?id=2607422&use=l&cat=p&typeid=i","cat":284427},{"id":210,"n":"Pâtes cheveux d'anges Turini 500g","p":0.85,"u":"1,70 €/KG","img":"https://fd11-photos.leclercdrive.fr/image.ashx?id=2980782&use=l&cat=p&typeid=i","cat":284427},{"id":211,"n":"Pâtes Tagliatelles Turini 500g","p":1.29,"u":"2,58 €/KG","img":"https://fd11-photos.leclercdrive.fr/image.ashx?id=2669693&use=l&cat=p&typeid=i","cat":284427},{"id":217,"n":"Riz Thaï Comptoir du Grain Sélection Riz long - 1kg","p":2.2,"u":"2,20 €/KG","img":"https://fd11-photos.leclercdrive.fr/image.ashx?id=2657084&use=l&cat=p&typeid=i","cat":284428},{"id":218,"n":"Riz Basmati Comptoir du Grain Sélection Riz long - 1kg","p":2.55,"u":"2,55 €/KG","img":"https://fd11-photos.leclercdrive.fr/image.ashx?id=2549373&use=l&cat=p&typeid=i","cat":284428},{"id":219,"n":"Riz long Comptoir du Grain Sachet cuisson rapide x5 - 1kg","p":1.74,"u":"1,74 €/KG","img":"https://fd11-photos.leclercdrive.fr/image.ashx?id=1759876&use=l&cat=p&typeid=i","cat":284428},{"id":220,"n":"Couscous moyen Regia 1kg","p":2.21,"u":"2,21 €/KG","img":"https://fd11-photos.leclercdrive.fr/image.ashx?id=2874856&use=l&cat=p&typeid=i","cat":284429},{"id":224,"n":"Purée pomme de terre Pom'lisse Nature - 4x125g - 500g","p":1.85,"u":"3,70 €/KG","img":"https://fd11-photos.leclercdrive.fr/image.ashx?id=2949403&use=l&cat=p&typeid=i","cat":284431},{"id":225,"n":"Couscous Comptoir du Grain Grain moyen - 1kg","p":1.44,"u":"1,44 €/KG","img":"https://fd11-photos.leclercdrive.fr/image.ashx?id=3012797&use=l&cat=p&typeid=i","cat":284429},{"id":229,"n":"Blé précuit Comptoir du Grain Cuisson rapide 10 min - 500g","p":1.54,"u":"3,08 €/KG","img":"https://fd11-photos.leclercdrive.fr/image.ashx?id=3012818&use=l&cat=p&typeid=i","cat":284429},{"id":230,"n":"Pois cassés Notre Jardin 500g","p":1.05,"u":"2,10 €/KG","img":"https://fd11-photos.leclercdrive.fr/image.ashx?id=2983772&use=l&cat=p&typeid=i","cat":284430},{"id":231,"n":"Lentilles vertes Notre Jardin 500g","p":1.63,"u":"3,26 €/KG","img":"https://fd11-photos.leclercdrive.fr/image.ashx?id=2055651&use=l&cat=p&typeid=i","cat":284430},{"id":238,"n":"Soupe Velouté Régal Soupe Tomates - 1L","p":1.09,"u":"1,09 €/L","img":"https://fd11-photos.leclercdrive.fr/image.ashx?id=2800234&use=l&cat=p&typeid=i","cat":284462},{"id":239,"n":"Soupe Velouté Régal Soupe 10 légumes - 1L","p":1.19,"u":"1,19 €/L","img":"https://fd11-photos.leclercdrive.fr/image.ashx?id=2983781&use=l&cat=p&typeid=i","cat":284462},{"id":240,"n":"Soupe Régal Soupe Poireaux Pommes de terre - 1L","p":1.19,"u":"1,19 €/L","img":"https://fd11-photos.leclercdrive.fr/image.ashx?id=2607356&use=l&cat=p&typeid=i","cat":284462},{"id":241,"n":"Soupe Mouliné Régal Soupe 10 légumes variés - 1L","p":1.08,"u":"1,08 €/L","img":"https://fd11-photos.leclercdrive.fr/image.ashx?id=2607353&use=l&cat=p&typeid=i","cat":284462},{"id":242,"n":"Soupe Velouté Régal Soupe Potiron - 1L","p":1.35,"u":"1,35 €/L","img":"https://fd11-photos.leclercdrive.fr/image.ashx?id=2607446&use=l&cat=p&typeid=i","cat":284462},{"id":255,"n":"Arôme Saveur Maggi 250g","p":1.8,"u":"7,20 €/KG","img":"https://fd11-photos.leclercdrive.fr/image.ashx?id=2671960&use=l&cat=p&typeid=i","cat":288379},{"id":259,"n":"Assaisonnement Liquide KNORR Viandox - 160ml","p":1.46,"pp":1.02,"u":"6,38 €/L","img":"https://fd11-photos.leclercdrive.fr/image.ashx?id=2705215&use=l&cat=p&typeid=i","cat":288383},{"id":267,"n":"Biscuits Petit Ecolier LU Chocolat au lait - 120g","p":2.07,"u":"17,25 €/KG","img":"https://fd11-photos.leclercdrive.fr/image.ashx?id=3014404&use=l&cat=p&typeid=i","cat":284488},{"id":274,"n":"Biscuits Pocket Prince Chocolat - 400g","p":2.21,"u":"5,53 €/KG","img":"https://fd11-photos.leclercdrive.fr/image.ashx?id=3002207&use=l&cat=p&typeid=i","cat":284488},{"id":278,"n":"Biscuits La Barquette Lulu LU Chocolat noisettes - 2x120g","p":1.98,"u":"8,25 €/KG","img":"https://fd11-photos.leclercdrive.fr/image.ashx?id=2135740&use=l&cat=p&typeid=i","cat":284488},{"id":283,"n":"Biscuit Petit beurre P'tit Déli Chocolat au lait pocket - 250g","p":2.25,"u":"9,00 €/KG","img":"https://fd11-photos.leclercdrive.fr/image.ashx?id=2919589&use=l&cat=p&typeid=i","cat":284488},{"id":284,"n":"Biscuits P'tit Déli ronds Chocolat lait 200g","p":1.2,"u":"6,00 €/KG","img":"https://fd11-photos.leclercdrive.fr/image.ashx?id=2884210&use=l&cat=p&typeid=i","cat":284488},{"id":286,"n":"Biscuits barquette P'tit Déli Chocolat et noisette x18 - 120g","p":0.89,"u":"7,42 €/KG","img":"https://fd11-photos.leclercdrive.fr/image.ashx?id=2705065&use=l&cat=p&typeid=i","cat":284488},{"id":288,"n":"Gaufrettes P'tit Déli  Enrobées chocolat 150g","p":1.59,"u":"10,60 €/KG","img":"https://fd11-photos.leclercdrive.fr/image.ashx?id=2965416&use=l&cat=p&typeid=i","cat":284488},{"id":289,"n":"Mini goûters P'tit Déli Chocolat 168g","p":1.13,"u":"6,73 €/KG","img":"https://fd11-photos.leclercdrive.fr/image.ashx?id=2321941&use=l&cat=p&typeid=i","cat":284488},{"id":290,"n":"Biscuits P'tit Déli Bâtonnets Chocolat 150g","p":1.19,"u":"7,93 €/KG","img":"https://fd11-photos.leclercdrive.fr/image.ashx?id=2470189&use=l&cat=p&typeid=i","cat":284488},{"id":291,"n":"Goûter Moelleux P'tit Déli  Lait et cacao x10 420g","p":2.81,"u":"6,69 €/KG","img":"https://fd11-photos.leclercdrive.fr/image.ashx?id=2610684&use=l&cat=p&typeid=i","cat":284495},{"id":292,"n":"Biscuits fourrés P'tit Déli Coeur fondant chocolat - 225g","p":1.26,"u":"5,60 €/KG","img":"https://fd11-photos.leclercdrive.fr/image.ashx?id=2637634&use=l&cat=p&typeid=i","cat":284488},{"id":296,"n":"Biscuits La Barquette Lulu LU Fraise - 2x120g","p":1.98,"u":"8,25 €/KG","img":"https://fd11-photos.leclercdrive.fr/image.ashx?id=3001952&use=l&cat=p&typeid=i","cat":284489},{"id":298,"n":"Gâteaux moelleux Lulu LU Coqueline Fraise - 165g","p":1.33,"u":"8,06 €/KG","img":"https://fd11-photos.leclercdrive.fr/image.ashx?id=2977252&use=l&cat=p&typeid=i","cat":284495},{"id":304,"n":"Génoises fourrées P'tit Déli - 150g","p":1.39,"u":"9,27 €/KG","img":"https://fd11-photos.leclercdrive.fr/image.ashx?id=2470192&use=l&cat=p&typeid=i","cat":284489},{"id":310,"n":"Biscuits boudoirs P'tit Déli Aux oeufs - 175g","p":1.38,"u":"7,89 €/KG","img":"https://fd11-photos.leclercdrive.fr/image.ashx?id=1947342&use=l&cat=p&typeid=i","cat":284487},{"id":313,"n":"Biscuits palmiers P'tit Déli 100g","p":0.59,"u":"5,90 €/KG","img":"https://fd11-photos.leclercdrive.fr/image.ashx?id=2940896&use=l&cat=p&typeid=i","cat":284487},{"id":314,"n":"Biscuits langue chat P'tit Déli 200g","p":1.28,"u":"6,40 €/KG","img":"https://fd11-photos.leclercdrive.fr/image.ashx?id=1875827&use=l&cat=p&typeid=i","cat":284487},{"id":315,"n":"Biscuits cigarettes P'tit Déli Fines 180g","p":0.94,"u":"5,22 €/KG","img":"https://fd11-photos.leclercdrive.fr/image.ashx?id=2907039&use=l&cat=p&typeid=i","cat":284487},{"id":316,"n":"Palets bretons P'tit Déli 125g","p":0.97,"u":"7,76 €/KG","img":"https://fd11-photos.leclercdrive.fr/image.ashx?id=2809650&use=l&cat=p&typeid=i","cat":284487},{"id":323,"n":"Gâteaux Mini roulés Pépito Chocolat - 150g","p":1.7,"u":"11,33 €/KG","img":"https://fd11-photos.leclercdrive.fr/image.ashx?id=2331898&use=l&cat=p&typeid=i","cat":284495},{"id":325,"n":"Galettes Bretonnes P'tit Déli Pur beurre - 125g","p":0.73,"u":"5,84 €/KG","img":"https://fd11-photos.leclercdrive.fr/image.ashx?id=2847943&use=l&cat=p&typeid=i","cat":284487},{"id":327,"n":"Biscuits P'tit Déli Cookies Chocolat nougatine 200g","p":1.35,"u":"6,75 €/KG","img":"https://fd11-photos.leclercdrive.fr/image.ashx?id=2900022&use=l&cat=p&typeid=i","cat":325066},{"id":328,"n":"Biscuits Cookies P'tit Déli Chocolat pépite chocolat - 200g","p":1.35,"u":"6,75 €/KG","img":"https://fd11-photos.leclercdrive.fr/image.ashx?id=2900025&use=l&cat=p&typeid=i","cat":325066},{"id":349,"n":"Pain de mie nature Epi d'Or Classique - 500g","p":1.19,"u":"2,38 €/KG","img":"https://fd11-photos.leclercdrive.fr/image.ashx?id=2615582&use=l&cat=p&typeid=i","cat":284477},{"id":350,"n":"Pain de mie nature Epi d'Or Grandes tranches - 550g","p":1.09,"u":"1,98 €/KG","img":"https://fd11-photos.leclercdrive.fr/image.ashx?id=2860700&use=l&cat=p&typeid=i","cat":284477},{"id":352,"n":"Pain de mie nature Epi d'Or  Extra-moelleux - 500g","p":0.95,"u":"1,90 €/KG","img":"https://fd11-photos.leclercdrive.fr/image.ashx?id=2860697&use=l&cat=p&typeid=i","cat":284477},{"id":361,"n":"Brioche tranchée Epi d'Or Nature - 500g","p":1.65,"u":"3,30 €/KG","img":"https://fd11-photos.leclercdrive.fr/image.ashx?id=2860694&use=l&cat=p&typeid=i","cat":284478},{"id":362,"n":"Briochettes Epi d'Or Nature x12 - 480g","p":1.49,"u":"3,10 €/KG","img":"https://fd11-photos.leclercdrive.fr/image.ashx?id=2860709&use=l&cat=p&typeid=i","cat":284478},{"id":363,"n":"Pains au lait Epi d'Or x10 - 350g","p":1.19,"u":"3,40 €/KG","img":"https://fd11-photos.leclercdrive.fr/image.ashx?id=2860688&use=l&cat=p&typeid=i","cat":293505},{"id":364,"n":"Pains au chocolat Epi d'Or x8 - 360g","p":1.89,"u":"5,25 €/KG","img":"https://fd11-photos.leclercdrive.fr/image.ashx?id=2860691&use=l&cat=p&typeid=i","cat":296366},{"id":367,"n":"Barre patissière P'tit Déli 800g","p":2.2,"u":"2,75 €/KG","img":"https://fd11-photos.leclercdrive.fr/image.ashx?id=2074379&use=l&cat=p&typeid=i","cat":294776},{"id":368,"n":"Madeleine P'tit Déli coquilles Sachet 1kg","p":3.4,"u":"3,40 €/KG","img":"https://fd11-photos.leclercdrive.fr/image.ashx?id=2999493&use=l&cat=p&typeid=i","cat":284492},{"id":369,"n":"Marbré P'tit Déli 300g","p":1.89,"u":"6,30 €/KG","img":"https://fd11-photos.leclercdrive.fr/image.ashx?id=2562698&use=l&cat=p&typeid=i","cat":294776},{"id":376,"n":"Biscottes Cracotte LU  Froment - 250g","p":1.46,"u":"5,84 €/KG","img":"https://fd11-photos.leclercdrive.fr/image.ashx?id=3002006&use=l&cat=p&typeid=i","cat":284479},{"id":377,"n":"Biscottes Cracotte LU Gourmande - 250g","p":1.57,"u":"6,28 €/KG","img":"https://fd11-photos.leclercdrive.fr/image.ashx?id=3002009&use=l&cat=p&typeid=i","cat":284479},{"id":378,"n":"Biscottes Cracotte LU  Céréales complètes - 250g","p":1.61,"u":"6,44 €/KG","img":"https://fd11-photos.leclercdrive.fr/image.ashx?id=3002012&use=l&cat=p&typeid=i","cat":284479},{"id":379,"n":"Biscottes fourrées Cracotte Lu Chocolat - 200g","p":1.52,"u":"7,60 €/KG","img":"https://fd11-photos.leclercdrive.fr/image.ashx?id=2849704&use=l&cat=p&typeid=i","cat":284479},{"id":382,"n":"Biscottes Epi d'Or 6 céréales x36 - 300g","p":1.22,"u":"4,07 €/KG","img":"https://fd11-photos.leclercdrive.fr/image.ashx?id=2532832&use=l&cat=p&typeid=i","cat":284479},{"id":384,"n":"Biscottes Epi d'Or froment x36 - 300g","p":1.37,"u":"4,57 €/KG","img":"https://fd11-photos.leclercdrive.fr/image.ashx?id=2634854&use=l&cat=p&typeid=i","cat":284479},{"id":388,"n":"Tartines craquantes Epi d'Or  Froment - 250g","p":1.05,"u":"4,20 €/KG","img":"https://fd11-photos.leclercdrive.fr/image.ashx?id=2856121&use=l&cat=p&typeid=i","cat":284479},{"id":399,"n":"Café moulu Plantation Intense et aromatique - 2x250g","p":6.8,"u":"13,60 €/KG","img":"https://fd11-photos.leclercdrive.fr/image.ashx?id=2607398&use=l&cat=p&typeid=i","cat":284750},{"id":400,"n":"Café moulu Plantation  Intense et aromatique - 250g","p":3.5,"u":"14,00 €/KG","img":"https://fd11-photos.leclercdrive.fr/image.ashx?id=2555050&use=l&cat=p&typeid=i","cat":284750},{"id":402,"n":"Café moulu Plantation  Tradition - 4x250g","p":9.69,"u":"9,69 €/KG","img":"https://fd11-photos.leclercdrive.fr/image.ashx?id=2856408&use=l&cat=p&typeid=i","cat":284750},{"id":405,"n":"Café Soluble Nescafé Spécial Filtre Original - 200g","p":7.84,"u":"39,20 €/KG","img":"https://fd11-photos.leclercdrive.fr/image.ashx?id=2837154&use=l&cat=p&typeid=i","cat":284843},{"id":407,"n":"Café et Chicorée Soluble Ricoré Lait - 400g","p":6.1,"u":"15,25 €/KG","img":"https://fd11-photos.leclercdrive.fr/image.ashx?id=2979617&use=l&cat=p&typeid=i","cat":284843},{"id":444,"n":"Lait en poudre Régilait Demi écrémé - 300g","p":2.31,"u":"7,70 €/KG","img":"https://fd11-photos.leclercdrive.fr/image.ashx?id=2110077&use=l&cat=p&typeid=i","cat":299162},{"id":451,"n":"Confiture Bonne Maman Abricots - 370g","p":1.64,"u":"4,43 €/KG","img":"https://fd11-photos.leclercdrive.fr/image.ashx?id=3001275&use=l&cat=p&typeid=i","cat":284480},{"id":456,"n":"Céréales Golden Grahams Nestlé 375g","p":2.24,"u":"5,97 €/KG","img":"https://fd11-photos.leclercdrive.fr/image.ashx?id=2979830&use=l&cat=p&typeid=i","cat":309513},{"id":473,"n":"Céréales Lion Nestlé Caramel et Chocolat - 400g","p":2.59,"u":"6,48 €/KG","img":"https://fd11-photos.leclercdrive.fr/image.ashx?id=2927453&use=l&cat=p&typeid=i","cat":309513},{"id":474,"n":"Céréales Cookie Crisp Nestlé 375g","p":2.26,"u":"6,03 €/KG","img":"https://fd11-photos.leclercdrive.fr/image.ashx?id=2926443&use=l&cat=p&typeid=i","cat":309513},{"id":475,"n":"Céréales Chokella Nestlé Choco Noisette - 350g","p":2.25,"u":"6,43 €/KG","img":"https://fd11-photos.leclercdrive.fr/image.ashx?id=2844766&use=l&cat=p&typeid=i","cat":309513},{"id":491,"n":"Levure boulangère Francine 30g","p":1.07,"u":"35,67 €/KG","img":"https://fd11-photos.leclercdrive.fr/image.ashx?id=2210083&use=l&cat=p&typeid=i","cat":294686},{"id":492,"n":"Farine fluide Tablier Blanc Sans grumeaux - 1kg","p":0.85,"u":"0,85 €/KG","img":"https://fd11-photos.leclercdrive.fr/image.ashx?id=2832631&use=l&cat=p&typeid=i","cat":284503},{"id":494,"n":"Levure boulangère Alsa Briochin - x5 - 27.5g","p":0.83,"u":"29,64 €/KG","img":"https://fd11-photos.leclercdrive.fr/image.ashx?id=3007906&use=l&cat=p&typeid=i","cat":294686},{"id":495,"n":"Sucre vanilliné Tablier Blanc x10 - 75g","p":0.73,"u":"9,73 €/KG","img":"https://fd11-photos.leclercdrive.fr/image.ashx?id=2487434&use=l&cat=p&typeid=i","cat":284504},{"id":496,"n":"Sucre Vanillé des Isles Alsa x7 - 52.5g","p":2.31,"u":"44,42 €/KG","img":"https://fd11-photos.leclercdrive.fr/image.ashx?id=2965867&use=l&cat=p&typeid=i","cat":294686},{"id":497,"n":"Sucre Vanillé Alsa x12 - 90g","p":2.02,"u":"22,44 €/KG","img":"https://fd11-photos.leclercdrive.fr/image.ashx?id=3004459&use=l&cat=p&typeid=i","cat":294686},{"id":528,"n":"Bonbons Copains Copines Cola acide - 275 g","p":1.53,"u":"5,56 €/KG","img":"https://fd11-photos.leclercdrive.fr/image.ashx?id=2934658&use=l&cat=p&typeid=i","cat":304250},{"id":529,"n":"Bonbons Copains Copines Chocours 200g","p":1.25,"u":"6,25 €/KG","img":"https://fd11-photos.leclercdrive.fr/image.ashx?id=2934649&use=l&cat=p&typeid=i","cat":304250},{"id":546,"n":"Eau minérale naturelle Des Alpes - 6x50cl","p":1.98,"u":"0,66 €/L","img":"https://fd11-photos.leclercdrive.fr/image.ashx?id=552962&use=l&cat=p&typeid=i","cat":284535},{"id":547,"n":"Eau de source de Montagne 5L","p":0.87,"u":"0,17 €/L","img":"https://fd11-photos.leclercdrive.fr/image.ashx?id=2699420&use=l&cat=p&typeid=i","cat":284535},{"id":567,"n":"Eau gazeuse San Pellegrino Minérale naturelle - 6x50cl","p":2.87,"u":"0,96 €/L","img":"https://fd11-photos.leclercdrive.fr/image.ashx?id=2145871&use=l&cat=p&typeid=i","cat":284536},{"id":591,"n":"Sirop Frucci Citron - 75cl","p":1.69,"u":"2,25 €/L","img":"https://fd11-photos.leclercdrive.fr/image.ashx?id=2842214&use=l&cat=p&typeid=i","cat":295020},{"id":592,"n":"Sirop Frucci Grenadine - 75cl","p":1.99,"u":"2,65 €/L","img":"https://fd11-photos.leclercdrive.fr/image.ashx?id=2842220&use=l&cat=p&typeid=i","cat":295020},{"id":593,"n":"Sirop Frucci Pêche - 75cl","p":2.39,"u":"3,19 €/L","img":"https://fd11-photos.leclercdrive.fr/image.ashx?id=2842226&use=l&cat=p&typeid=i","cat":295020},{"id":594,"n":"Sirop Frucci Framboise - 75cl","p":3.52,"u":"4,69 €/L","img":"https://fd11-photos.leclercdrive.fr/image.ashx?id=2909867&use=l&cat=p&typeid=i","cat":295020},{"id":595,"n":"Sirop Frucci Fraise - 75cl","p":2.69,"u":"3,59 €/L","img":"https://fd11-photos.leclercdrive.fr/image.ashx?id=2842232&use=l&cat=p&typeid=i","cat":295020},{"id":596,"n":"Sirop Frucci Cassis - 75cl","p":2.94,"u":"3,92 €/L","img":"https://fd11-photos.leclercdrive.fr/image.ashx?id=2842238&use=l&cat=p&typeid=i","cat":295020},{"id":612,"n":"100% Pur jus d'orange Jafaden Sans pulpe - 1L","p":2.22,"u":"2,22 €/L","img":"https://fd11-photos.leclercdrive.fr/image.ashx?id=2955620&use=l&cat=p&typeid=i","cat":284521},{"id":613,"n":"Jus d'orange Jafaden A base de concentré - 6x20cl","p":1.99,"u":"1,66 €/L","img":"https://fd11-photos.leclercdrive.fr/image.ashx?id=2751871&use=l&cat=p&typeid=i","cat":284524},{"id":617,"n":"100% Pur jus d'orange Jafaden  Sans pulpe - 1,5L","p":2.65,"u":"1,77 €/L","img":"https://fd11-photos.leclercdrive.fr/image.ashx?id=2842468&use=l&cat=p&typeid=i","cat":284521},{"id":618,"n":"Nectar d'orange Jafaden Avec pulpe - 1L","p":1.69,"u":"1,69 €/L","img":"https://fd11-photos.leclercdrive.fr/image.ashx?id=2955638&use=l&cat=p&typeid=i","cat":284521},{"id":619,"n":"Nectar orange Jafaden 2L","p":2.52,"u":"1,26 €/L","img":"https://fd11-photos.leclercdrive.fr/image.ashx?id=2955641&use=l&cat=p&typeid=i","cat":284521},{"id":621,"n":"100% Pur jus d'orange Jafaden  Sans pulpe - 2L","p":3.49,"u":"1,75 €/L","img":"https://fd11-photos.leclercdrive.fr/image.ashx?id=2842456&use=l&cat=p&typeid=i","cat":284521},{"id":624,"n":"Pur Jus de pommes NRT De Bretagne - 1L","p":2.53,"u":"2,53 €/L","img":"https://fd11-photos.leclercdrive.fr/image.ashx?id=2590463&use=l&cat=p&typeid=i","cat":284522},{"id":625,"n":"Pur jus raisin Jafaden 1L","p":1.55,"u":"1,55 €/L","img":"https://fd11-photos.leclercdrive.fr/image.ashx?id=2955626&use=l&cat=p&typeid=i","cat":284915},{"id":627,"n":"Jus pamplemousse rose Jafaden A base de concentré - 1L","p":1.55,"u":"1,55 €/L","img":"https://fd11-photos.leclercdrive.fr/image.ashx?id=2520005&use=l&cat=p&typeid=i","cat":284914},{"id":632,"n":"Jus ananas Jafaden A base de concentré 1L","p":1.75,"u":"1,75 €/L","img":"https://fd11-photos.leclercdrive.fr/image.ashx?id=2919592&use=l&cat=p&typeid=i","cat":284916},{"id":633,"n":"Jus d'ananas Jafaden Briquettes - 6x20cl","p":2.7,"u":"2,25 €/L","img":"https://fd11-photos.leclercdrive.fr/image.ashx?id=2869775&use=l&cat=p&typeid=i","cat":284524},{"id":638,"n":"Jus multifruits Jafaden 1L","p":1.89,"u":"1,89 €/L","img":"https://fd11-photos.leclercdrive.fr/image.ashx?id=2916659&use=l&cat=p&typeid=i","cat":285435},{"id":655,"n":"Soda Jean's Cola Bouteille - 1,5L","p":1.09,"u":"0,73 €/L","img":"https://fd11-photos.leclercdrive.fr/image.ashx?id=2637826&use=l&cat=p&typeid=i","cat":284530},{"id":656,"n":"Soda Jean's Cola Canette - 6x33cl","p":2.26,"u":"1,14 €/L","img":"https://fd11-photos.leclercdrive.fr/image.ashx?id=2637829&use=l&cat=p&typeid=i","cat":284530},{"id":669,"n":"Limonade des Pyrénées NRT 6x33cl","p":3.35,"u":"1,69 €/L","img":"https://fd11-photos.leclercdrive.fr/image.ashx?id=2771055&use=l&cat=p&typeid=i","cat":284531},{"id":682,"n":"Soda Pulp'Orange Bouteille - 1,5L","p":1.47,"u":"0,98 €/L","img":"https://fd11-photos.leclercdrive.fr/image.ashx?id=2922382&use=l&cat=p&typeid=i","cat":284532},{"id":689,"n":"Thé glacé Fresh Tea Pêche - Canette -  6x33cl","p":2.49,"u":"1,26 €/L","img":"https://fd11-photos.leclercdrive.fr/image.ashx?id=2622239&use=l&cat=p&typeid=i","cat":295019},{"id":700,"n":"Bière blonde 1664 5,5° - 4x50cl canettes","p":4.65,"u":"2,33 €/L","img":"https://fd11-photos.leclercdrive.fr/image.ashx?id=2793536&use=l&cat=p&typeid=i","cat":334853},{"id":731,"n":"Bière blonde forte Falsbourg Canette - 8%vol. - 50cl","p":0.98,"u":"1,96 €/L","img":"https://fd11-photos.leclercdrive.fr/image.ashx?id=2637838&use=l&cat=p&typeid=i","cat":334853},{"id":737,"n":"Rhum blanc Lagoa 40%vol - 70cl","p":9.99,"u":"14,27 €/L","img":"https://fd11-photos.leclercdrive.fr/image.ashx?id=2966469&use=l&cat=p&typeid=i","cat":284550},{"id":741,"n":"IGP Pays d'Oc Chardonnay Blanc Vieux Carion 13% vol -75 cl","p":2.75,"u":"3,67 €/L","img":"https://fd11-photos.leclercdrive.fr/image.ashx?id=2677660&use=l&cat=p&typeid=i","cat":289557},{"id":742,"n":"AOP Cabernet d'Anjou vin rosé Les Caractères - BIB 3L - 11%","p":13.49,"u":"4,50 €/L","img":"https://fd11-photos.leclercdrive.fr/image.ashx?id=2940902&use=l&cat=p&typeid=i","cat":289560},{"id":744,"n":"Cidre bouché Les Goelleries Breton brut 5%vol. - 75cl","p":1.99,"u":"2,65 €/L","img":"https://fd11-photos.leclercdrive.fr/image.ashx?id=2842184&use=l&cat=p&typeid=i","cat":334880},{"id":749,"n":"Camembert Les Croisés 20%MG - 250g","p":1.53,"u":"6,12 €/KG","img":"https://fd11-photos.leclercdrive.fr/image.ashx?id=2974759&use=l&cat=p&typeid=i","cat":314033},{"id":750,"n":"Camembert de Pays Les Croisés 21% mg - 250 gr","p":1.75,"u":"7,00 €/KG","img":"https://fd11-photos.leclercdrive.fr/image.ashx?id=2974795&use=l&cat=p&typeid=i","cat":314033},{"id":751,"n":"Coulommiers Les Croisés Tendre/Onctueux - 24%mg - 350g","p":2.15,"u":"6,14 €/KG","img":"https://fd11-photos.leclercdrive.fr/image.ashx?id=2974765&use=l&cat=p&typeid=i","cat":314033},{"id":752,"n":"Petit Brie Les Croisés 32% matière grasse - 500g","p":4.31,"u":"8,62 €/KG","img":"https://fd11-photos.leclercdrive.fr/image.ashx?id=2974792&use=l&cat=p&typeid=i","cat":314033},{"id":753,"n":"Pointe de Brie Les Croisés 32% mg - 200g","p":1.45,"u":"7,25 €/KG","img":"https://fd11-photos.leclercdrive.fr/image.ashx?id=2974771&use=l&cat=p&typeid=i","cat":314033},{"id":754,"n":"Fromage Les Croisés Coeur Crème Lait pasteurisé 33%mg - 300g","p":2.29,"u":"7,63 €/KG","img":"https://fd11-photos.leclercdrive.fr/image.ashx?id=2625068&use=l&cat=p&typeid=i","cat":314033},{"id":757,"n":"Fromage Comté Entremont 32 %mg - 350g","p":5.2,"u":"14,86 €/KG","img":"https://fd11-photos.leclercdrive.fr/image.ashx?id=2983147&use=l&cat=p&typeid=i","cat":314034},{"id":760,"n":"Emmental fromage bloc Les Croisés - 250g","p":2.24,"u":"8,96 €/KG","img":"https://fd11-photos.leclercdrive.fr/image.ashx?id=2904550&use=l&cat=p&typeid=i","cat":314034},{"id":764,"n":"Fromage Bleu Les Croisés Lait pasteurisé 31% mg - 250g","p":2.29,"u":"9,16 €/KG","img":"https://fd11-photos.leclercdrive.fr/image.ashx?id=2642100&use=l&cat=p&typeid=i","cat":314032},{"id":765,"n":"Société Crème  Crème de fromage brebis - 100g","p":2.09,"u":"20,90 €/KG","img":"https://fd11-photos.leclercdrive.fr/image.ashx?id=2729317&use=l&cat=p&typeid=i","cat":314029},{"id":768,"n":"Fromage de chèvre Les Croisés Lait pasteurisé 22%mg - 180g","p":2.29,"u":"12,72 €/KG","img":"https://fd11-photos.leclercdrive.fr/image.ashx?id=2048615&use=l&cat=p&typeid=i","cat":314031},{"id":785,"n":"Rondelé ail et fines herbes 125g","p":1.62,"u":"12,96 €/KG","img":"https://fd11-photos.leclercdrive.fr/image.ashx?id=2967756&use=l&cat=p&typeid=i","cat":314029},{"id":786,"n":"Chaussée aux Moines 450g","p":3.99,"u":"8,87 €/KG","img":"https://fd11-photos.leclercdrive.fr/image.ashx?id=2771166&use=l&cat=p&typeid=i","cat":329184},{"id":787,"n":"Fromage L'Ortolan  Fromagerie Milleret - 250g","p":2.44,"u":"9,76 €/KG","img":"https://fd11-photos.leclercdrive.fr/image.ashx?id=2450913&use=l&cat=p&typeid=i","cat":314033},{"id":794,"n":"Rocamadour NRT AOP  Fromage de chèvre - 3x35g","p":2.69,"u":"25,62 €/KG","img":"https://fd11-photos.leclercdrive.fr/image.ashx?id=2954142&use=l&cat=p&typeid=i","cat":314031},{"id":795,"n":"Fromage Brique Les Croisés Lait pasteurisé 60%mg - 200g","p":1.74,"u":"8,70 €/KG","img":"https://fd11-photos.leclercdrive.fr/image.ashx?id=2615804&use=l&cat=p&typeid=i","cat":314033},{"id":796,"n":"Fromage raclette Les Croisés Tranchette lait pasteurisé 400g","p":3.89,"u":"9,73 €/KG","img":"https://fd11-photos.leclercdrive.fr/image.ashx?id=2791704&use=l&cat=p&typeid=i","cat":314037},{"id":800,"n":"Mozzarella Les Croisés - 125g","p":0.93,"u":"7,44 €/KG","img":"https://fd11-photos.leclercdrive.fr/image.ashx?id=2129990&use=l&cat=p&typeid=i","cat":314026},{"id":806,"n":"Emmental fromage rapé Les Croisés - 500g","p":3.99,"u":"7,98 €/KG","img":"https://fd11-photos.leclercdrive.fr/image.ashx?id=2832903&use=l&cat=p&typeid=i","cat":314035},{"id":807,"n":"Emmental fromage rapé Les Croisés - 200g","p":1.65,"u":"8,25 €/KG","img":"https://fd11-photos.leclercdrive.fr/image.ashx?id=2832897&use=l&cat=p&typeid=i","cat":314035},{"id":808,"n":"Emmental fromage rapé Les Croisés - 100g","p":1.1,"u":"11,00 €/KG","img":"https://fd11-photos.leclercdrive.fr/image.ashx?id=2842259&use=l&cat=p&typeid=i","cat":314035},{"id":809,"n":"Râpé Parmigiano Reggiano AOP Les Croisés - 60g","p":1.1,"u":"18,33 €/KG","img":"https://fd11-photos.leclercdrive.fr/image.ashx?id=2903947&use=l&cat=p&typeid=i","cat":314035},{"id":810,"n":"Râpé Grana Padano AOP Les Croisés - 100g","p":1.5,"u":"15,00 €/KG","img":"https://fd11-photos.leclercdrive.fr/image.ashx?id=2857985&use=l&cat=p&typeid=i","cat":314035},{"id":816,"n":"Yaourts Délisse Nature - 16x125g","p":2.25,"u":"1,13 €/KG","img":"https://fd11-photos.leclercdrive.fr/image.ashx?id=2974756&use=l&cat=p&typeid=i","cat":284409},{"id":817,"n":"Yaourts Délisse Nature - 12x125g","p":1.85,"u":"1,23 €/KG","img":"https://fd11-photos.leclercdrive.fr/image.ashx?id=2971867&use=l&cat=p&typeid=i","cat":284409},{"id":818,"n":"Yaourts brassés Délisse  Nature - 8x125g","p":1.65,"u":"1,65 €/KG","img":"https://fd11-photos.leclercdrive.fr/image.ashx?id=2742611&use=l&cat=p&typeid=i","cat":284409},{"id":819,"n":"Yaourts brassés Délisse Nature - 16x125g","p":2.99,"u":"1,50 €/KG","img":"https://fd11-photos.leclercdrive.fr/image.ashx?id=3003049&use=l&cat=p&typeid=i","cat":284409},{"id":821,"n":"Yaourts sucrés Délisse Nature - 16x125g","p":2.69,"u":"1,35 €/KG","img":"https://fd11-photos.leclercdrive.fr/image.ashx?id=2591485&use=l&cat=p&typeid=i","cat":284409},{"id":822,"n":"Yaourts à la Grecque Délisse Nature - 4x150g","p":1.29,"u":"2,15 €/KG","img":"https://fd11-photos.leclercdrive.fr/image.ashx?id=2699405&use=l&cat=p&typeid=i","cat":314999},{"id":834,"n":"Yaourts La Laitière Fruits pâtissiers - 12x125g","p":4.28,"u":"2,85 €/KG","img":"https://fd11-photos.leclercdrive.fr/image.ashx?id=2578684&use=l&cat=p&typeid=i","cat":314999},{"id":839,"n":"Yaourts crémeux Délisse Panaché de fruits - 16x125g","p":4.32,"u":"2,16 €/KG","img":"https://fd11-photos.leclercdrive.fr/image.ashx?id=2799236&use=l&cat=p&typeid=i","cat":284410},{"id":841,"n":"Yaourts brassés Délisse Panaché de fruits - 16x125g","p":3.26,"u":"1,63 €/KG","img":"https://fd11-photos.leclercdrive.fr/image.ashx?id=2494211&use=l&cat=p&typeid=i","cat":284410},{"id":842,"n":"Yaourts aux fruits Délisse Panaché de fruits - 16x125g","p":3.78,"u":"1,89 €/KG","img":"https://fd11-photos.leclercdrive.fr/image.ashx?id=2609544&use=l&cat=p&typeid=i","cat":284410},{"id":843,"n":"Yaourts Crème Délisse Stracciatella - 4x125g","p":2.04,"u":"4,08 €/KG","img":"https://fd11-photos.leclercdrive.fr/image.ashx?id=2117120&use=l&cat=p&typeid=i","cat":314999},{"id":855,"n":"Yaourts brassés Déli'light  Nature - 0% MG - 8x125g","p":2.13,"u":"2,13 €/KG","img":"https://fd11-photos.leclercdrive.fr/image.ashx?id=2865041&use=l&cat=p&typeid=i","cat":315000},{"id":871,"n":"Yaourts à boire DéliUp' Délisse Nature - 10x100g","p":2.85,"u":"2,85 €/KG","img":"https://fd11-photos.leclercdrive.fr/image.ashx?id=1713612&use=l&cat=p&typeid=i","cat":284415},{"id":872,"n":"Actifidus Delisse Nature - 12x125g","p":2.23,"u":"1,49 €/KG","img":"https://fd11-photos.leclercdrive.fr/image.ashx?id=2452666&use=l&cat=p&typeid=i","cat":315000},{"id":879,"n":"Fromage blanc sous mousse  Gervita nature - 4x100g","p":1.86,"u":"4,65 €/KG","img":"https://fd11-photos.leclercdrive.fr/image.ashx?id=2746157&use=l&cat=p&typeid=i","cat":284409},{"id":887,"n":"Fromage frais Délisse Fruits panachés 22%mg - 12x50g","p":1.51,"u":"2,52 €/KG","img":"https://fd11-photos.leclercdrive.fr/image.ashx?id=2922491&use=l&cat=p&typeid=i","cat":284414},{"id":890,"n":"Fromage frais Délisse Nature 3,8% MG - 12x60g","p":1.64,"u":"2,28 €/KG","img":"https://fd11-photos.leclercdrive.fr/image.ashx?id=1951840&use=l&cat=p&typeid=i","cat":284409},{"id":892,"n":"Fromage frais Duodélisse Nature - 8x100g","p":2.79,"u":"3,49 €/KG","img":"https://fd11-photos.leclercdrive.fr/image.ashx?id=2387316&use=l&cat=p&typeid=i","cat":284409},{"id":894,"n":"Fromage blanc Délisse Nature 0% MG - 8x100g","p":1.79,"u":"2,24 €/KG","img":"https://fd11-photos.leclercdrive.fr/image.ashx?id=2898817&use=l&cat=p&typeid=i","cat":315000},{"id":895,"n":"Fromage blanc Délisse Nature - 3,1% MG - 8x100g","p":1.79,"u":"2,24 €/KG","img":"https://fd11-photos.leclercdrive.fr/image.ashx?id=3012791&use=l&cat=p&typeid=i","cat":284409},{"id":897,"n":"Fromage blanc Délisse Nature 3.1% MG - 1kg","p":1.97,"u":"1,97 €/KG","img":"https://fd11-photos.leclercdrive.fr/image.ashx?id=3012788&use=l&cat=p&typeid=i","cat":284409},{"id":909,"n":"Crème dessert Danette Chocolat et lait - 6x70g","p":1.54,"u":"3,67 €/KG","img":"https://fd11-photos.leclercdrive.fr/image.ashx?id=1984855&use=l&cat=p&typeid=i","cat":285041},{"id":918,"n":"Crème dessert Délisse Café - 4x125g","p":0.89,"u":"1,78 €/KG","img":"https://fd11-photos.leclercdrive.fr/image.ashx?id=2441048&use=l&cat=p&typeid=i","cat":285041},{"id":919,"n":"Crème dessert Délisse Caramel - 4x125g","p":0.91,"u":"1,82 €/KG","img":"https://fd11-photos.leclercdrive.fr/image.ashx?id=2854204&use=l&cat=p&typeid=i","cat":285041},{"id":920,"n":"Crème dessert Délisse Chocolat - 4x125g","p":0.95,"u":"1,90 €/KG","img":"https://fd11-photos.leclercdrive.fr/image.ashx?id=2854207&use=l&cat=p&typeid=i","cat":285041},{"id":921,"n":"Crème dessert Délisse Vanille - 4x125g","p":0.89,"u":"1,78 €/KG","img":"https://fd11-photos.leclercdrive.fr/image.ashx?id=2854210&use=l&cat=p&typeid=i","cat":285041},{"id":922,"n":"Crème dessert Délisse Praliné - 4x125g","p":0.95,"u":"1,90 €/KG","img":"https://fd11-photos.leclercdrive.fr/image.ashx?id=2441066&use=l&cat=p&typeid=i","cat":285041},{"id":923,"n":"Crème dessert Délisse Panaché - 12x125g","p":2.83,"u":"1,89 €/KG","img":"https://fd11-photos.leclercdrive.fr/image.ashx?id=2465211&use=l&cat=p&typeid=i","cat":285041},{"id":924,"n":"Petit pot de crème Délisse Chocolat - 4x100g","p":1.88,"u":"4,70 €/KG","img":"https://fd11-photos.leclercdrive.fr/image.ashx?id=2544967&use=l&cat=p&typeid=i","cat":285041},{"id":925,"n":"Petit pot de crème Délisse Vanille - 4x100g","p":1.74,"u":"4,35 €/KG","img":"https://fd11-photos.leclercdrive.fr/image.ashx?id=2556508&use=l&cat=p&typeid=i","cat":285041},{"id":931,"n":"Dessert Liégeois Délisse Café - 4x100g","p":0.99,"u":"2,48 €/KG","img":"https://fd11-photos.leclercdrive.fr/image.ashx?id=2630881&use=l&cat=p&typeid=i","cat":285042},{"id":932,"n":"Dessert Liégeois Délisse Chocolat - 4x100g","p":1.1,"u":"2,75 €/KG","img":"https://fd11-photos.leclercdrive.fr/image.ashx?id=2636233&use=l&cat=p&typeid=i","cat":285042},{"id":933,"n":"Dessert Liégeois Délisse Chocolat Café - 8x100g","p":2.19,"u":"2,74 €/KG","img":"https://fd11-photos.leclercdrive.fr/image.ashx?id=2630884&use=l&cat=p&typeid=i","cat":285042},{"id":934,"n":"Dessert Liégeois Délisse Chocolat - 12x100g","p":3.14,"u":"2,62 €/KG","img":"https://fd11-photos.leclercdrive.fr/image.ashx?id=2630878&use=l&cat=p&typeid=i","cat":285042},{"id":935,"n":"Dessert Liégeois Délisse Vanille Caramel - 8x100g","p":1.98,"u":"2,48 €/KG","img":"https://fd11-photos.leclercdrive.fr/image.ashx?id=2636236&use=l&cat=p&typeid=i","cat":285042},{"id":936,"n":"Riz au lait Délisse  Vanille - 4x115g","p":1.35,"u":"2,93 €/KG","img":"https://fd11-photos.leclercdrive.fr/image.ashx?id=2489107&use=l&cat=p&typeid=i","cat":284418},{"id":939,"n":"Semoule au lait Délisse Vanille - 4x115g","p":1.09,"u":"2,37 €/KG","img":"https://fd11-photos.leclercdrive.fr/image.ashx?id=2558377&use=l&cat=p&typeid=i","cat":284418},{"id":941,"n":"Mousse liégeoise Viennois  Chocolat - 8x90g","p":3.05,"u":"4,24 €/KG","img":"https://fd11-photos.leclercdrive.fr/image.ashx?id=2855043&use=l&cat=p&typeid=i","cat":284417},{"id":942,"n":"Mousse à la liégeoise Délisse Vanille - 8x80g","p":2.62,"u":"4,09 €/KG","img":"https://fd11-photos.leclercdrive.fr/image.ashx?id=3009487&use=l&cat=p&typeid=i","cat":284417},{"id":943,"n":"Mousse Délisse Chocolat noir - 4x60g","p":1.15,"u":"4,79 €/KG","img":"https://fd11-photos.leclercdrive.fr/image.ashx?id=3009493&use=l&cat=p&typeid=i","cat":284417},{"id":944,"n":"Mousse au chocolat Délisse Chocolat au lait - 4x60g","p":1.15,"u":"4,79 €/KG","img":"https://fd11-photos.leclercdrive.fr/image.ashx?id=3009496&use=l&cat=p&typeid=i","cat":284417},{"id":945,"n":"Mousse chocolat Délisse Noir et lait coulis - 8x60g","p":2.25,"u":"4,69 €/KG","img":"https://fd11-photos.leclercdrive.fr/image.ashx?id=3009499&use=l&cat=p&typeid=i","cat":284417},{"id":955,"n":"Ile flottante Délisse Crème anglaise - 4x100g","p":1.89,"u":"4,73 €/KG","img":"https://fd11-photos.leclercdrive.fr/image.ashx?id=2860706&use=l&cat=p&typeid=i","cat":284419},{"id":960,"n":"Flan Délisse Vanille Caramel - 16x100g","p":2.52,"u":"1,58 €/KG","img":"https://fd11-photos.leclercdrive.fr/image.ashx?id=2858977&use=l&cat=p&typeid=i","cat":284420},{"id":964,"n":"Lait demi-écrémé Délisse UHT Bouteille -  1L","p":1.05,"u":"1,05 €/L","img":"https://fd11-photos.leclercdrive.fr/image.ashx?id=2981828&use=l&cat=p&typeid=i","cat":284377},{"id":965,"n":"Lait demi-écrémé Délisse UHT Bouteille -  50cl","p":0.79,"u":"1,58 €/L","img":"https://fd11-photos.leclercdrive.fr/image.ashx?id=2981852&use=l&cat=p&typeid=i","cat":284377},{"id":966,"n":"Lait entier Délisse UHT - Bouteille : 1L","p":1.29,"u":"1,29 €/L","img":"https://fd11-photos.leclercdrive.fr/image.ashx?id=2981867&use=l&cat=p&typeid=i","cat":285610},{"id":970,"n":"Boisson lactée au cacao Cacolac Bouteilles - 8x20cl","p":5.08,"u":"3,18 €/L","img":"https://fd11-photos.leclercdrive.fr/image.ashx?id=2762085&use=l&cat=p&typeid=i","cat":295246},{"id":973,"n":"Lait chèvre demi-écrémé Lactel UHT Bouteille - 1L","p":2.51,"u":"2,51 €/L","img":"https://fd11-photos.leclercdrive.fr/image.ashx?id=3005035&use=l&cat=p&typeid=i","cat":295251},{"id":979,"n":"Beurre Mini Elle&Vire  Doux - 82% MG - 16P - 200g","p":2.79,"u":"13,95 €/KG","img":"https://fd11-photos.leclercdrive.fr/image.ashx?id=2528397&use=l&cat=p&typeid=i","cat":284379},{"id":981,"n":"Beurre Montfleuri Doux - 60% MG - 250g","p":1.93,"u":"7,72 €/KG","img":"https://fd11-photos.leclercdrive.fr/image.ashx?id=2988569&use=l&cat=p&typeid=i","cat":284379},{"id":983,"n":"Beurre Tendre Les Croisés Doux - 82% MG - 250g","p":2.59,"u":"10,36 €/KG","img":"https://fd11-photos.leclercdrive.fr/image.ashx?id=2778018&use=l&cat=p&typeid=i","cat":284379},{"id":985,"n":"Beurre de Bretagne Les Croisés Doux - 82% MG - 500g","p":4.89,"u":"9,78 €/KG","img":"https://fd11-photos.leclercdrive.fr/image.ashx?id=2943605&use=l&cat=p&typeid=i","cat":284379},{"id":989,"n":"Beurre Tendre Les Croisés Demi-sel - 80% MG - 250g","p":2.62,"u":"10,48 €/KG","img":"https://fd11-photos.leclercdrive.fr/image.ashx?id=2778006&use=l&cat=p&typeid=i","cat":284379},{"id":990,"n":"Beurre Tendre Les Croisés Doux - 82% MG - 250g","p":2.29,"u":"9,16 €/KG","img":"https://fd11-photos.leclercdrive.fr/image.ashx?id=2839890&use=l&cat=p&typeid=i","cat":284379},{"id":991,"n":"Beurre de Bretagne Les Croisés Demi-sel - 80% MG - 500g","p":4.89,"u":"9,78 €/KG","img":"https://fd11-photos.leclercdrive.fr/image.ashx?id=2943602&use=l&cat=p&typeid=i","cat":284379},{"id":1003,"n":"Crème UHT Elle & Vire Fluide Entière - 30% MG - 1L","p":5.15,"u":"5,15 €/L","img":"https://fd11-photos.leclercdrive.fr/image.ashx?id=3008554&use=l&cat=p&typeid=i","cat":284381},{"id":1004,"n":"Crème UHT Elle&Vire Semi-Ep. Si Légère - 4% MG - 3x20cl","p":2.54,"u":"4,23 €/L","img":"https://fd11-photos.leclercdrive.fr/image.ashx?id=2985282&use=l&cat=p&typeid=i","cat":284381},{"id":1005,"n":"Crème Chantilly sucrée Délisse Entière sous pression - 250g","p":1.95,"u":"7,80 €/KG","img":"https://fd11-photos.leclercdrive.fr/image.ashx?id=3002512&use=l&cat=p&typeid=i","cat":284382},{"id":1006,"n":"Crème Chantilly sucrée Délisse Allégée sous pression - 250g","p":1.85,"u":"7,40 €/KG","img":"https://fd11-photos.leclercdrive.fr/image.ashx?id=3002515&use=l&cat=p&typeid=i","cat":284382},{"id":1008,"n":"Crème entière fluide Délisse 30%mg - 3x20cl","p":2.65,"u":"4,42 €/L","img":"https://fd11-photos.leclercdrive.fr/image.ashx?id=2509977&use=l&cat=p&typeid=i","cat":284381},{"id":1009,"n":"Crème légère semi-épaisse   Délisse 18%mg - 3x20cl","p":2.09,"u":"3,48 €/L","img":"https://fd11-photos.leclercdrive.fr/image.ashx?id=3002557&use=l&cat=p&typeid=i","cat":284381},{"id":1010,"n":"Crème entière d'Isigny AOP NRT 40cl","p":2.99,"u":"7,48 €/L","img":"https://fd11-photos.leclercdrive.fr/image.ashx?id=2771022&use=l&cat=p&typeid=i","cat":284381},{"id":1011,"n":"Crème fraîche légère Délisse Epaisse - 15% MG - 20cl","p":0.7,"u":"3,50 €/L","img":"https://fd11-photos.leclercdrive.fr/image.ashx?id=1974248&use=l&cat=p&typeid=i","cat":284381},{"id":1012,"n":"Crème fraîche légère Délisse Epaisse - 15% MG  - 50cl","p":1.55,"u":"3,10 €/L","img":"https://fd11-photos.leclercdrive.fr/image.ashx?id=3002539&use=l&cat=p&typeid=i","cat":284381},{"id":1013,"n":"Crème fraîche entière Délisse Epaisse - 30% MG - 20cl","p":0.84,"u":"4,20 €/L","img":"https://fd11-photos.leclercdrive.fr/image.ashx?id=2013155&use=l&cat=p&typeid=i","cat":284381},{"id":1014,"n":"Crème fraîche entière Délisse Epaisse - 30% MG- 50cl","p":1.95,"u":"3,90 €/L","img":"https://fd11-photos.leclercdrive.fr/image.ashx?id=3002524&use=l&cat=p&typeid=i","cat":284381},{"id":1019,"n":"Jambon Italien Saint Azay x6 - 100g","p":1.75,"u":"17,50 €/KG","img":"https://fd11-photos.leclercdrive.fr/image.ashx?id=2466871&use=l&cat=p&typeid=i","cat":316007},{"id":1022,"n":"Bacon Saint Azay x15 - 150g","p":1.79,"u":"11,93 €/KG","img":"https://fd11-photos.leclercdrive.fr/image.ashx?id=2974957&use=l&cat=p&typeid=i","cat":316007},{"id":1027,"n":"Plateau charcuteries Alsace NRT 200g","p":2.04,"u":"10,20 €/KG","img":"https://fd11-photos.leclercdrive.fr/image.ashx?id=2991479&use=l&cat=p&typeid=i","cat":316012},{"id":1029,"n":"Mini saucissons secs Saint Azay Nature - 75g","p":1.29,"u":"17,20 €/KG","img":"https://fd11-photos.leclercdrive.fr/image.ashx?id=2943617&use=l&cat=p&typeid=i","cat":316006},{"id":1030,"n":"Mini Saucissons secs Saint Azay Aux noix - 75g","p":1.35,"u":"18,00 €/KG","img":"https://fd11-photos.leclercdrive.fr/image.ashx?id=2943620&use=l&cat=p&typeid=i","cat":316006},{"id":1032,"n":"Saucisse sèche Saint Azay Qualité supérieure - 300g","p":3.46,"u":"11,53 €/KG","img":"https://fd11-photos.leclercdrive.fr/image.ashx?id=2859152&use=l&cat=p&typeid=i","cat":316006},{"id":1033,"n":"Chorizo Doux Saint Azay 225g","p":1.89,"u":"8,40 €/KG","img":"https://fd11-photos.leclercdrive.fr/image.ashx?id=2293375&use=l&cat=p&typeid=i","cat":316006},{"id":1034,"n":"Chorizo Fort Saint Azay 225g","p":1.89,"u":"8,40 €/KG","img":"https://fd11-photos.leclercdrive.fr/image.ashx?id=2293378&use=l&cat=p&typeid=i","cat":316006},{"id":1035,"n":"Chorizo Extra Fort Saint Azay 225g","p":1.89,"u":"8,40 €/KG","img":"https://fd11-photos.leclercdrive.fr/image.ashx?id=2753466&use=l&cat=p&typeid=i","cat":316006},{"id":1058,"n":"Jambon serrano IGP Saint Azay 6 tranches - 100g","p":1.69,"u":"16,90 €/KG","img":"https://fd11-photos.leclercdrive.fr/image.ashx?id=2850422&use=l&cat=p&typeid=i","cat":316007},{"id":1069,"n":"Saucisses de Montbéliard IGP NRT - 250g","p":3.19,"u":"12,76 €/KG","img":"https://fd11-photos.leclercdrive.fr/image.ashx?id=2991470&use=l&cat=p&typeid=i","cat":316012},{"id":1070,"n":"Saucisse de Morteau NRT IGP - 350g","p":5.41,"u":"15,46 €/KG","img":"https://fd11-photos.leclercdrive.fr/image.ashx?id=2991464&use=l&cat=p&typeid=i","cat":316012},{"id":1071,"n":"Coppa italienne Saint Azay 10 tranches 100 g","p":1.98,"u":"19,80 €/KG","img":"https://fd11-photos.leclercdrive.fr/image.ashx?id=2665844&use=l&cat=p&typeid=i","cat":316007},{"id":1081,"n":"Véritables Knacks d'Alsace NRT X4 - 260g","p":2.79,"u":"10,73 €/KG","img":"https://fd11-photos.leclercdrive.fr/image.ashx?id=2991488&use=l&cat=p&typeid=i","cat":316012},{"id":1087,"n":"Pâté en croûte St Azay 450g","p":2.65,"u":"5,89 €/KG","img":"https://fd11-photos.leclercdrive.fr/image.ashx?id=2932396&use=l&cat=p&typeid=i","cat":316003},{"id":1104,"n":"Foie gras canard IGP Périgord Entier NRT - 300g","p":23.9,"u":"79,67 €/KG","img":"https://fd11-photos.leclercdrive.fr/image.ashx?id=2995661&use=l&cat=p&typeid=i","cat":316008},{"id":1105,"n":"Carottes râpées Menu Fraîcheur  Assaisonnées - 500g","p":0.99,"u":"1,98 €/KG","img":"https://fd11-photos.leclercdrive.fr/image.ashx?id=2850811&use=l&cat=p&typeid=i","cat":333657},{"id":1106,"n":"Céleri Menu Fraîcheur  Rémoulade - 300g","p":0.99,"u":"3,30 €/KG","img":"https://fd11-photos.leclercdrive.fr/image.ashx?id=2819929&use=l&cat=p&typeid=i","cat":333657},{"id":1107,"n":"Taboulé Menu Fraîcheur A l'orientale - 300g","p":0.99,"u":"3,30 €/KG","img":"https://fd11-photos.leclercdrive.fr/image.ashx?id=2816546&use=l&cat=p&typeid=i","cat":333657},{"id":1108,"n":"Taboulé Menu Fraîcheur A l'orientale - 500g","p":1.39,"u":"2,78 €/KG","img":"https://fd11-photos.leclercdrive.fr/image.ashx?id=2816549&use=l&cat=p&typeid=i","cat":333657},{"id":1109,"n":"Taboule Menu Fraîcheur Au poulet - 300g","p":1.39,"u":"4,63 €/KG","img":"https://fd11-photos.leclercdrive.fr/image.ashx?id=2901431&use=l&cat=p&typeid=i","cat":333657},{"id":1117,"n":"Manchons de poulet Côté Croc 250g","p":2.49,"u":"9,96 €/KG","img":"https://fd11-photos.leclercdrive.fr/image.ashx?id=2560467&use=l&cat=p&typeid=i","cat":333685},{"id":1118,"n":"Manchons de poulet Côté Croc Méxicaine - 250g","p":2.49,"u":"9,96 €/KG","img":"https://fd11-photos.leclercdrive.fr/image.ashx?id=2570031&use=l&cat=p&typeid=i","cat":333685},{"id":1125,"n":"Cordons bleus Côté Croc Dinde - 200g","p":1.95,"u":"9,75 €/KG","img":"https://fd11-photos.leclercdrive.fr/image.ashx?id=2915113&use=l&cat=p&typeid=i","cat":333683},{"id":1126,"n":"Nuggets de poulet Côté Croc x10 - 200g","p":1.52,"u":"7,60 €/KG","img":"https://fd11-photos.leclercdrive.fr/image.ashx?id=2883312&use=l&cat=p&typeid=i","cat":333684},{"id":1127,"n":"Croque Fromage Père Dodu  x2 - 200g","p":1.84,"u":"9,20 €/KG","img":"https://fd11-photos.leclercdrive.fr/image.ashx?id=2956981&use=l&cat=p&typeid=i","cat":333683},{"id":1133,"n":"Nuggets de Poulet Père Dodu  x10 - 200g","p":2.11,"u":"10,55 €/KG","img":"https://fd11-photos.leclercdrive.fr/image.ashx?id=2956972&use=l&cat=p&typeid=i","cat":333684},{"id":1135,"n":"Pizza fraîche Turini Jambon fromage - 450g","p":2.39,"u":"5,31 €/KG","img":"https://fd11-photos.leclercdrive.fr/image.ashx?id=2709719&use=l&cat=p&typeid=i","cat":333679},{"id":1136,"n":"Pizza fraîche Turini 4 fromages - 450g","p":2.49,"u":"5,53 €/KG","img":"https://fd11-photos.leclercdrive.fr/image.ashx?id=2967639&use=l&cat=p&typeid=i","cat":333679},{"id":1137,"n":"Pizza Turini Chèvre lardons - 450g","p":2.58,"u":"5,73 €/KG","img":"https://fd11-photos.leclercdrive.fr/image.ashx?id=2727611&use=l&cat=p&typeid=i","cat":333679},{"id":1142,"n":"Ravioli Lustucru Selection  Boeuf - 300g","p":1.75,"u":"5,83 €/KG","img":"https://fd11-photos.leclercdrive.fr/image.ashx?id=2938659&use=l&cat=p&typeid=i","cat":333682},{"id":1144,"n":"Ravioli jambon Turini 300g","p":2.06,"u":"6,87 €/KG","img":"https://fd11-photos.leclercdrive.fr/image.ashx?id=2777997&use=l&cat=p&typeid=i","cat":333682},{"id":1145,"n":"Ravioli 4 fromages Turini 300g","p":1.49,"u":"4,97 €/KG","img":"https://fd11-photos.leclercdrive.fr/image.ashx?id=2989643&use=l&cat=p&typeid=i","cat":333682},{"id":1147,"n":"Kit Pâte à pizza Croustipate 600g","p":3.18,"u":"5,30 €/KG","img":"https://fd11-photos.leclercdrive.fr/image.ashx?id=2161651&use=l&cat=p&typeid=i","cat":333681},{"id":1149,"n":"Pâte à pizza Tablier Blanc 260g","p":1.05,"u":"4,04 €/KG","img":"https://fd11-photos.leclercdrive.fr/image.ashx?id=2041773&use=l&cat=p&typeid=i","cat":333681},{"id":1150,"n":"Pâte sablée Tablier Blanc 230g","p":1.09,"u":"4,74 €/KG","img":"https://fd11-photos.leclercdrive.fr/image.ashx?id=2635898&use=l&cat=p&typeid=i","cat":333681},{"id":1151,"n":"Pâte feuilletée Tablier Blanc Au beurre - 230g","p":1.15,"u":"5,00 €/KG","img":"https://fd11-photos.leclercdrive.fr/image.ashx?id=2942780&use=l&cat=p&typeid=i","cat":333681},{"id":1152,"n":"Pâte feuilletée Tablier Blanc Prête à dérouler - 230g","p":0.74,"u":"3,22 €/KG","img":"https://fd11-photos.leclercdrive.fr/image.ashx?id=2922388&use=l&cat=p&typeid=i","cat":333681},{"id":1154,"n":"Lardons de saumon fumé Ronde des Mers - 90g","p":3.6,"u":"40,00 €/KG","img":"https://fd11-photos.leclercdrive.fr/image.ashx?id=2966240&use=l&cat=p&typeid=i","cat":285188},{"id":1163,"n":"Mini blinis Ronde des Mers x16 - 135g","p":0.99,"u":"7,33 €/KG","img":"https://fd11-photos.leclercdrive.fr/image.ashx?id=2981849&use=l&cat=p&typeid=i","cat":285191},{"id":1164,"n":"Bâtonnets surimi Pêche Océan MSC - 400g","p":2.19,"u":"5,48 €/KG","img":"https://fd11-photos.leclercdrive.fr/image.ashx?id=2981840&use=l&cat=p&typeid=i","cat":285189},{"id":1165,"n":"Bâtonnets Surimi Pêche Océan MSC - x30 - 500g","p":2.74,"u":"5,48 €/KG","img":"https://fd11-photos.leclercdrive.fr/image.ashx?id=2953227&use=l&cat=p&typeid=i","cat":285189},{"id":1166,"n":"Miettes de surimi Pêche Océan MSC - 180g","p":1.64,"u":"9,11 €/KG","img":"https://fd11-photos.leclercdrive.fr/image.ashx?id=2981861&use=l&cat=p&typeid=i","cat":285189},{"id":1167,"n":"Oeufs de lompe Ronde des mers Noir - MSC - 100g","p":2.6,"u":"26,00 €/KG","img":"https://fd11-photos.leclercdrive.fr/image.ashx?id=2981843&use=l&cat=p&typeid=i","cat":285191},{"id":1169,"n":"Filets d'anchois Pêche Océan À l'huile d'olive - 105g","p":2.45,"u":"23,33 €/KG","img":"https://fd11-photos.leclercdrive.fr/image.ashx?id=2992504&use=l&cat=p&typeid=i","cat":285190},{"id":1175,"n":"Pizza Cuite sur pierre Turini Saumon crevettes - 400g","p":2.25,"u":"5,63 €/KG","img":"https://fd11-photos.leclercdrive.fr/image.ashx?id=2815217&use=l&cat=p&typeid=i","cat":284256},{"id":1178,"n":"Pizza Cuite sur pierre Volpone  Bolognaise - 400g","p":2.0,"u":"5,00 €/KG","img":"https://fd11-photos.leclercdrive.fr/image.ashx?id=2815208&use=l&cat=p&typeid=i","cat":284256},{"id":1179,"n":"Pizza Royale Turini Cuite au feu de bois - 440g","p":2.15,"u":"4,89 €/KG","img":"https://fd11-photos.leclercdrive.fr/image.ashx?id=2815199&use=l&cat=p&typeid=i","cat":284256},{"id":1180,"n":"Quiche Lorraine Côté Table 400g","p":2.49,"u":"6,23 €/KG","img":"https://fd11-photos.leclercdrive.fr/image.ashx?id=2898017&use=l&cat=p&typeid=i","cat":284257},{"id":1181,"n":"Tarte aux poireaux Côté Table - 400g","p":2.55,"u":"6,38 €/KG","img":"https://fd11-photos.leclercdrive.fr/image.ashx?id=2791710&use=l&cat=p&typeid=i","cat":284257},{"id":1182,"n":"Crêpes Côté Table Jambon fromage x6 - 300g","p":1.99,"u":"6,63 €/KG","img":"https://fd11-photos.leclercdrive.fr/image.ashx?id=2932402&use=l&cat=p&typeid=i","cat":319776},{"id":1183,"n":"Crêpes Côté Table Jambon fromage x20 1kg","p":3.89,"u":"3,89 €/KG","img":"https://fd11-photos.leclercdrive.fr/image.ashx?id=2932405&use=l&cat=p&typeid=i","cat":319776},{"id":1185,"n":"Steaks hachés Charal Pur Bœuf 15% MG 10x100g - 1kg","p":13.7,"u":"13,70 €/KG","img":"https://fd11-photos.leclercdrive.fr/image.ashx?id=2659300&use=l&cat=p&typeid=i","cat":319778},{"id":1186,"n":"Haché Extra Moelleux Charal 10x100g - 1kg","p":11.46,"u":"11,46 €/KG","img":"https://fd11-photos.leclercdrive.fr/image.ashx?id=2731735&use=l&cat=p&typeid=i","cat":319778},{"id":1187,"n":"Haché à l'oignon Charal 10x100g - 1kg","p":8.53,"u":"8,53 €/KG","img":"https://fd11-photos.leclercdrive.fr/image.ashx?id=2741940&use=l&cat=p&typeid=i","cat":319778},{"id":1191,"n":"Poisson Bordelaise Pêche Océan MSC - 400g","p":2.99,"u":"7,48 €/KG","img":"https://fd11-photos.leclercdrive.fr/image.ashx?id=2930081&use=l&cat=p&typeid=i","cat":319788},{"id":1192,"n":"Colin d'Alaska MSC Pêche Océan À l'oseille x2 - 400g","p":3.15,"u":"7,88 €/KG","img":"https://fd11-photos.leclercdrive.fr/image.ashx?id=2930099&use=l&cat=p&typeid=i","cat":319786},{"id":1193,"n":"Pané colin d'Alaska Pêche Océan x15 bâtonnets - MSC - 450g","p":2.27,"u":"5,04 €/KG","img":"https://fd11-photos.leclercdrive.fr/image.ashx?id=2558368&use=l&cat=p&typeid=i","cat":319788},{"id":1194,"n":"Calamars Pêche Océan A la romaine 40/60 - 500g","p":4.45,"u":"8,90 €/KG","img":"https://fd11-photos.leclercdrive.fr/image.ashx?id=2216298&use=l&cat=p&typeid=i","cat":319788},{"id":1196,"n":"Coquilles Saint-Jacques Coté Table - 4x90g","p":4.79,"u":"13,31 €/KG","img":"https://fd11-photos.leclercdrive.fr/image.ashx?id=2625071&use=l&cat=p&typeid=i","cat":319775},{"id":1197,"n":"Paëlla royale Côté Table Fruits de mer poulet 1kg","p":4.07,"u":"4,07 €/KG","img":"https://fd11-photos.leclercdrive.fr/image.ashx?id=2663353&use=l&cat=p&typeid=i","cat":284254},{"id":1200,"n":"Poêlée paysanne Côté Table 900g","p":4.3,"u":"4,78 €/KG","img":"https://fd11-photos.leclercdrive.fr/image.ashx?id=2471670&use=l&cat=p&typeid=i","cat":319823},{"id":1201,"n":"Poêlée campagnarde Côté Table 900g","p":4.64,"u":"5,16 €/KG","img":"https://fd11-photos.leclercdrive.fr/image.ashx?id=2647414&use=l&cat=p&typeid=i","cat":319823},{"id":1202,"n":"Pâtes Carbonara Côté Table 900g","p":4.18,"u":"4,64 €/KG","img":"https://fd11-photos.leclercdrive.fr/image.ashx?id=2900064&use=l&cat=p&typeid=i","cat":284254},{"id":1211,"n":"Choux fleurs Notre Jardin Fleurettes 1kg","p":1.69,"u":"1,69 €/KG","img":"https://fd11-photos.leclercdrive.fr/image.ashx?id=2873021&use=l&cat=p&typeid=i","cat":319805},{"id":1212,"n":"Choux de Bruxelles Notre Jardin 1kg","p":1.95,"u":"1,95 €/KG","img":"https://fd11-photos.leclercdrive.fr/image.ashx?id=2873012&use=l&cat=p&typeid=i","cat":319805},{"id":1214,"n":"Haricots verts Notre jardin Très fins 1kg","p":1.82,"u":"1,82 €/KG","img":"https://fd11-photos.leclercdrive.fr/image.ashx?id=2900040&use=l&cat=p&typeid=i","cat":319805},{"id":1215,"n":"Haricots verts Notre Jardin Extra fins 1kg","p":1.85,"u":"1,85 €/KG","img":"https://fd11-photos.leclercdrive.fr/image.ashx?id=2900049&use=l&cat=p&typeid=i","cat":319805},{"id":1216,"n":"Courgettes Notre Jardin Rondelles 1kg","p":1.29,"u":"1,29 €/KG","img":"https://fd11-photos.leclercdrive.fr/image.ashx?id=2873099&use=l&cat=p&typeid=i","cat":319805},{"id":1217,"n":"Epinards Notre Jardin Branches - 1kg","p":1.3,"u":"1,30 €/KG","img":"https://fd11-photos.leclercdrive.fr/image.ashx?id=2909873&use=l&cat=p&typeid=i","cat":319805},{"id":1218,"n":"Epinards Notre Jardin Hâchés - 1kg","p":1.34,"u":"1,34 €/KG","img":"https://fd11-photos.leclercdrive.fr/image.ashx?id=2900037&use=l&cat=p&typeid=i","cat":319805},{"id":1219,"n":"Epinards Notre Jardin Hachés A la crème fraîche - 1kg","p":1.67,"u":"1,67 €/KG","img":"https://fd11-photos.leclercdrive.fr/image.ashx?id=2916656&use=l&cat=p&typeid=i","cat":319805},{"id":1220,"n":"Carottes Notre Jardin En rondelles 1kg","p":1.09,"u":"1,09 €/KG","img":"https://fd11-photos.leclercdrive.fr/image.ashx?id=2900070&use=l&cat=p&typeid=i","cat":319805},{"id":1221,"n":"Petits pois carottes Notre Jardin 1kg","p":2.25,"u":"2,25 €/KG","img":"https://fd11-photos.leclercdrive.fr/image.ashx?id=2873057&use=l&cat=p&typeid=i","cat":319805},{"id":1222,"n":"Petits pois Notre Jardin Extra fins 1kg","p":1.89,"u":"1,89 €/KG","img":"https://fd11-photos.leclercdrive.fr/image.ashx?id=2873066&use=l&cat=p&typeid=i","cat":319805},{"id":1223,"n":"Champignons Paris Notre jardin Emincés 1kg","p":1.95,"u":"1,95 €/KG","img":"https://fd11-photos.leclercdrive.fr/image.ashx?id=2873027&use=l&cat=p&typeid=i","cat":319805},{"id":1225,"n":"Légumes Notre Jardin Pour ratatouille 1kg","p":2.35,"u":"2,35 €/KG","img":"https://fd11-photos.leclercdrive.fr/image.ashx?id=2900058&use=l&cat=p&typeid=i","cat":319823},{"id":1226,"n":"Légumes potage Notre Jardin 1kg","p":1.28,"u":"1,28 €/KG","img":"https://fd11-photos.leclercdrive.fr/image.ashx?id=2916653&use=l&cat=p&typeid=i","cat":319805},{"id":1227,"n":"Poêlée de légumes Notre Jardin Méridionale - 1kg","p":2.95,"u":"2,95 €/KG","img":"https://fd11-photos.leclercdrive.fr/image.ashx?id=2803948&use=l&cat=p&typeid=i","cat":319823},{"id":1228,"n":"Poêlée de légumes Notre jardin Champêtre - 1kg","p":2.99,"u":"2,99 €/KG","img":"https://fd11-photos.leclercdrive.fr/image.ashx?id=2832867&use=l&cat=p&typeid=i","cat":319823},{"id":1229,"n":"Poêlée de légumes Notre Jardin Bretonne - 1kg","p":2.61,"u":"2,61 €/KG","img":"https://fd11-photos.leclercdrive.fr/image.ashx?id=2803951&use=l&cat=p&typeid=i","cat":319823},{"id":1238,"n":"Pommes rissolées Pom'lisse 1kg","p":1.56,"u":"1,56 €/KG","img":"https://fd11-photos.leclercdrive.fr/image.ashx?id=2704597&use=l&cat=p&typeid=i","cat":319792},{"id":1239,"n":"Frites allumettes Pom'lisse 1kg","p":1.85,"u":"1,85 €/KG","img":"https://fd11-photos.leclercdrive.fr/image.ashx?id=2699378&use=l&cat=p&typeid=i","cat":319791},{"id":1240,"n":"Frites Pom'lisse 2.5 kg","p":4.55,"u":"1,82 €/KG","img":"https://fd11-photos.leclercdrive.fr/image.ashx?id=2699390&use=l&cat=p&typeid=i","cat":319791},{"id":1242,"n":"Pom'Steak rustique Pom'Lisse Sachet - 1kg","p":2.29,"u":"2,29 €/KG","img":"https://fd11-photos.leclercdrive.fr/image.ashx?id=2704606&use=l&cat=p&typeid=i","cat":319791},{"id":1243,"n":"Frites Pom'lisse Au four - 600g","p":1.15,"u":"1,92 €/KG","img":"https://fd11-photos.leclercdrive.fr/image.ashx?id=2770678&use=l&cat=p&typeid=i","cat":319791},{"id":1244,"n":"Potatoes Pom'lisse Finement épicées - 600g","p":1.16,"u":"1,93 €/KG","img":"https://fd11-photos.leclercdrive.fr/image.ashx?id=2699663&use=l&cat=p&typeid=i","cat":319791},{"id":1245,"n":"Pommes noisettes Pom'lisse 1kg","p":1.88,"u":"1,88 €/KG","img":"https://fd11-photos.leclercdrive.fr/image.ashx?id=3015027&use=l&cat=p&typeid=i","cat":319792},{"id":1246,"n":"Pommes dauphine Pom'lisse 500g","p":1.49,"u":"2,98 €/KG","img":"https://fd11-photos.leclercdrive.fr/image.ashx?id=2958320&use=l&cat=p&typeid=i","cat":319792},{"id":1247,"n":"Pom'rustic Pom'Lisse Sachet 750 gr","p":2.55,"u":"3,40 €/KG","img":"https://fd11-photos.leclercdrive.fr/image.ashx?id=2851574&use=l&cat=p&typeid=i","cat":319792},{"id":1248,"n":"Frites Pom'lisse 1kg","p":1.87,"u":"1,87 €/KG","img":"https://fd11-photos.leclercdrive.fr/image.ashx?id=2699651&use=l&cat=p&typeid=i","cat":319791},{"id":1251,"n":"Crème glacée Eskiss Vanille de Madagascar - 494g","p":1.65,"u":"3,34 €/KG","img":"https://fd11-photos.leclercdrive.fr/image.ashx?id=2982592&use=l&cat=p&typeid=i","cat":284263},{"id":1335,"n":"Liquide vaisselle Visior Citron - 750ml","p":1.2,"u":"1,60 €/L","img":"https://fd11-photos.leclercdrive.fr/image.ashx?id=2930849&use=l&cat=p&typeid=i","cat":284655},{"id":1336,"n":"Liquide vaisselle Visior Ultra Peaux sensibles 500ml","p":0.64,"u":"1,28 €/L","img":"https://fd11-photos.leclercdrive.fr/image.ashx?id=2951116&use=l&cat=p&typeid=i","cat":284655},{"id":1345,"n":"Gants jetables Mamison latex T8 x10","p":1.33,"img":"https://fd11-photos.leclercdrive.fr/image.ashx?id=2742691&use=l&cat=p&typeid=i","cat":284668},{"id":1346,"n":"Eponges Mamison végétales Super absorbantes x3","p":1.17,"u":"0,39 €/P","img":"https://fd11-photos.leclercdrive.fr/image.ashx?id=2458052&use=l&cat=p&typeid=i","cat":284667},{"id":1359,"n":"Pastilles javel Clair x48 - 150g","p":1.65,"u":"11,00 €/KG","img":"https://fd11-photos.leclercdrive.fr/image.ashx?id=2631426&use=l&cat=p&typeid=i","cat":284661},{"id":1360,"n":"Eau de Javel Clair Parfum Eucalyptus - 2L","p":0.72,"u":"0,36 €/L","img":"https://fd11-photos.leclercdrive.fr/image.ashx?id=2949173&use=l&cat=p&typeid=i","cat":284661},{"id":1376,"n":"Lingettes nettoyantes Clair Sols muguet larges x15","p":1.14,"img":"https://fd11-photos.leclercdrive.fr/image.ashx?id=2593815&use=l&cat=p&typeid=i","cat":325364},{"id":1392,"n":"Blocs wc eau bleue Syphon x2 80g","p":1.12,"u":"14,00 €/KG","img":"https://fd11-photos.leclercdrive.fr/image.ashx?id=2302537&use=l&cat=p&typeid=i","cat":284662},{"id":1401,"n":"Barquettes aluminium Elembal x10 0.5L","p":2.56,"img":"https://fd11-photos.leclercdrive.fr/image.ashx?id=1733306&use=l&cat=p&typeid=i","cat":334134},{"id":1407,"n":"Film étirable Elembal 30m","p":1.2,"img":"https://fd11-photos.leclercdrive.fr/image.ashx?id=2431191&use=l&cat=p&typeid=i","cat":334134},{"id":1412,"n":"Sacs congélation Elembal Grand modèle x25","p":1.08,"img":"https://fd11-photos.leclercdrive.fr/image.ashx?id=2169147&use=l&cat=p&typeid=i","cat":334134},{"id":1413,"n":"Sacs congélation Elembal Petit modèle x50","p":1.1,"img":"https://fd11-photos.leclercdrive.fr/image.ashx?id=2158155&use=l&cat=p&typeid=i","cat":334134},{"id":1414,"n":"Sacs poubelle 30L Elembal à liens classiques - x25","p":1.26,"u":"0,05 €/P","img":"https://fd11-photos.leclercdrive.fr/image.ashx?id=2958699&use=l&cat=p&typeid=i","cat":285168},{"id":1416,"n":"Sacs poubelle 100L Elembal Poignées coulissantes - x10","p":1.62,"u":"0,16 €/P","img":"https://fd11-photos.leclercdrive.fr/image.ashx?id=2791731&use=l&cat=p&typeid=i","cat":285168},{"id":1419,"n":"Sacs poubelle Elembal 20L x20","p":1.2,"u":"0,06 €/P","img":"https://fd11-photos.leclercdrive.fr/image.ashx?id=2791728&use=l&cat=p&typeid=i","cat":285168},{"id":1421,"n":"Sacs poubelle Elembal 30L A poignées - x20","p":2.49,"u":"0,12 €/P","img":"https://fd11-photos.leclercdrive.fr/image.ashx?id=2791677&use=l&cat=p&typeid=i","cat":285168},{"id":1423,"n":"Sacs poubelle 50L Elembal Poignées coulissantes - x15","p":2.31,"u":"0,15 €/P","img":"https://fd11-photos.leclercdrive.fr/image.ashx?id=2958696&use=l&cat=p&typeid=i","cat":285168},{"id":1427,"n":"Gel douche Manava Pétales d'Orient - 250ml","p":1.15,"u":"4,60 €/L","img":"https://fd11-photos.leclercdrive.fr/image.ashx?id=2494214&use=l&cat=p&typeid=i","cat":284594},{"id":1428,"n":"Lait de douche Manava Coeur de vanille - 250ml","p":0.94,"u":"3,76 €/L","img":"https://fd11-photos.leclercdrive.fr/image.ashx?id=2456141&use=l&cat=p&typeid=i","cat":284594},{"id":1429,"n":"Gel douche Manava Boisé - 250ml","p":1.15,"u":"4,60 €/L","img":"https://fd11-photos.leclercdrive.fr/image.ashx?id=2809653&use=l&cat=p&typeid=i","cat":284594},{"id":1433,"n":"Recharge savon mains Manava Crème perles d'oranger - 250ml","p":0.68,"u":"2,72 €/L","img":"https://fd11-photos.leclercdrive.fr/image.ashx?id=2935483&use=l&cat=p&typeid=i","cat":284597},{"id":1435,"n":"Recharge savon mains Manava Crème Amande - 250ml","p":0.57,"u":"2,28 €/L","img":"https://fd11-photos.leclercdrive.fr/image.ashx?id=2935474&use=l&cat=p&typeid=i","cat":284597},{"id":1437,"n":"Lait de douche Manava Lait de coco - 250ml","p":0.94,"u":"3,76 €/L","img":"https://fd11-photos.leclercdrive.fr/image.ashx?id=2443176&use=l&cat=p&typeid=i","cat":284594},{"id":1449,"n":"Déodorant Manava fraîcheur Vanille glacée spray 200ml","p":1.39,"u":"6,95 €/L","img":"https://fd11-photos.leclercdrive.fr/image.ashx?id=2656445&use=l&cat=p&typeid=i","cat":284595},{"id":1464,"n":"Rasoirs jetables Bic 1 Sensitive - x10","p":1.3,"u":"0,13 €/P","img":"https://fd11-photos.leclercdrive.fr/image.ashx?id=2218035&use=l&cat=p&typeid=i","cat":284616},{"id":1465,"n":"Rasoirs jetables Comfort 2 Bic x10","p":3.02,"u":"0,30 €/P","img":"https://fd11-photos.leclercdrive.fr/image.ashx?id=2984862&use=l&cat=p&typeid=i","cat":284616},{"id":1473,"n":"Gel à raser Carré Homme Hydratant 200ml","p":1.69,"u":"8,45 €/L","img":"https://fd11-photos.leclercdrive.fr/image.ashx?id=2771582&use=l&cat=p&typeid=i","cat":284617},{"id":1474,"n":"Rasoirs jetables Carré Homme 2 lames - x10","p":1.5,"u":"0,15 €/P","img":"https://fd11-photos.leclercdrive.fr/image.ashx?id=2873543&use=l&cat=p&typeid=i","cat":284616},{"id":1482,"n":"Dentifrice enfant Dentamyl Fraise - 3-6 ans - 50ml","p":0.89,"u":"17,80 €/L","img":"https://fd11-photos.leclercdrive.fr/image.ashx?id=2075188&use=l&cat=p&typeid=i","cat":288898},{"id":1484,"n":"Brosse à dents junior Dentamyl 1 pièce","p":0.49,"img":"https://fd11-photos.leclercdrive.fr/image.ashx?id=2790901&use=l&cat=p&typeid=i","cat":288897},{"id":1486,"n":"Brosse à dents enfant Dentamyl 2-6 ans x1","p":0.51,"img":"https://fd11-photos.leclercdrive.fr/image.ashx?id=1980485&use=l&cat=p&typeid=i","cat":288897},{"id":1488,"n":"Mouchoirs blancs 4 plis Caresse Mouchoirs papier Lotion x12","p":2.28,"u":"0,19 €/P","img":"https://fd11-photos.leclercdrive.fr/image.ashx?id=2572993&use=l&cat=p&typeid=i","cat":284638},{"id":1627,"n":"Lingettes bébé Mots d'Enfants Ultra-douces - x72","p":1.75,"u":"0,02 €/P","img":"https://fd11-photos.leclercdrive.fr/image.ashx?id=2856447&use=l&cat=p&typeid=i","cat":284738},{"id":1653,"n":"Enveloppes adhésives Esquisse 11.4x16.2cm 80g - x50","p":1.39,"u":"0,03 €/P","img":"https://fd11-photos.leclercdrive.fr/image.ashx?id=1701963&use=l&cat=p&typeid=i","cat":284697},{"id":1654,"n":"Enveloppes adhésives Esquisse x50 11x22cm 80g","p":1.69,"u":"21,13 €/KG","img":"https://fd11-photos.leclercdrive.fr/image.ashx?id=2943181&use=l&cat=p&typeid=i","cat":284697},{"id":1655,"n":"Enveloppes adhésives Esquisse x100 11x22cm 80g","p":2.69,"img":"https://fd11-photos.leclercdrive.fr/image.ashx?id=2943184&use=l&cat=p&typeid=i","cat":284697},{"id":1656,"n":"Pochettes kraft Esquisse Adhésives 22.9x32.4cm x25","p":2.3,"img":"https://fd11-photos.leclercdrive.fr/image.ashx?id=1699690&use=l&cat=p&typeid=i","cat":284697},{"id":1657,"n":"Pochettes kraft Esquisse Adhésives 16.2x22.9cm x25","p":1.99,"img":"https://fd11-photos.leclercdrive.fr/image.ashx?id=1698655&use=l&cat=p&typeid=i","cat":284697},{"id":1658,"n":"Ruban adhésif Esquisse invisible + dévidoir - 25m","p":1.09,"u":"0,04 €/MT","img":"https://fd11-photos.leclercdrive.fr/image.ashx?id=2943199&use=l&cat=p&typeid=i","cat":334133},{"id":1660,"n":"Tube de colle Esquisse 2x10g","p":0.9,"u":"45,00 €/KG","img":"https://fd11-photos.leclercdrive.fr/image.ashx?id=1699684&use=l&cat=p&typeid=i","cat":334133},{"id":1661,"n":"Bâton de colle Esquisse 20g","p":0.88,"u":"44,00 €/KG","img":"https://fd11-photos.leclercdrive.fr/image.ashx?id=1699687&use=l&cat=p&typeid=i","cat":334133},{"id":1665,"n":"Feuilles blanches Esquisse A4 90g - 500 feuilles","p":5.9,"img":"https://fd11-photos.leclercdrive.fr/image.ashx?id=2943193&use=l&cat=p&typeid=i","cat":284697},{"id":1666,"n":"Feuilles blanches Esquisse A4 80g - 500 feuilles","p":4.69,"img":"https://fd11-photos.leclercdrive.fr/image.ashx?id=2943196&use=l&cat=p&typeid=i","cat":284697},{"id":1683,"n":"Piles alcalines Foxter AAA/LR3 1,5V - x4","p":0.98,"img":"https://fd11-photos.leclercdrive.fr/image.ashx?id=2162150&use=l&cat=p&typeid=i","cat":300572},{"id":1684,"n":"Piles Foxter C/LR14 1.5V - x2","p":1.69,"img":"https://fd11-photos.leclercdrive.fr/image.ashx?id=2162168&use=l&cat=p&typeid=i","cat":300572},{"id":1685,"n":"Piles alcalines Foxter D/LR20 - x2","p":1.96,"img":"https://fd11-photos.leclercdrive.fr/image.ashx?id=2162171&use=l&cat=p&typeid=i","cat":300572},{"id":1686,"n":"Pile Foxter 9V/6LR61 - x1","p":1.99,"img":"https://fd11-photos.leclercdrive.fr/image.ashx?id=2162159&use=l&cat=p&typeid=i","cat":300572},{"id":1735,"n":"Croquettes chiens Tous Mes Amis Spécial Forme - 10kg","p":12.25,"u":"1,23 €/KG","img":"https://fd11-photos.leclercdrive.fr/image.ashx?id=1972608&use=l&cat=p&typeid=i","cat":284672},{"id":1751,"n":"Croquettes chat Purina One Adulte - Saumon/Céréales - 450g","p":2.42,"u":"5,38 €/KG","img":"https://fd11-photos.leclercdrive.fr/image.ashx?id=2683220&use=l&cat=p&typeid=i","cat":284680},{"id":1753,"n":"Croquettes chat Purina One Adulte - Saumon/Céréales -1.5kg","p":6.5,"u":"4,33 €/KG","img":"https://fd11-photos.leclercdrive.fr/image.ashx?id=2902268&use=l&cat=p&typeid=i","cat":284680},{"id":1754,"n":"Croquettes chat Purina One Adulte - Poulet/Céréales - 3kg","p":11.61,"u":"3,87 €/KG","img":"https://fd11-photos.leclercdrive.fr/image.ashx?id=2432007&use=l&cat=p&typeid=i","cat":284680},{"id":1755,"n":"Bouchées chiens Lydog Adulte - Boeuf - 4kg","p":7.49,"u":"1,87 €/KG","img":"https://fd11-photos.leclercdrive.fr/image.ashx?id=2907162&use=l&cat=p&typeid=i","cat":284672},{"id":1762,"n":"Croquettes chat Tous mes amis Poulet légumes - 4kg","p":5.76,"u":"1,44 €/KG","img":"https://fd11-photos.leclercdrive.fr/image.ashx?id=2301406&use=l&cat=p&typeid=i","cat":284680},{"id":1763,"n":"Croquettes chat Tous mes amis Boeuf Poulet Légumes - 2kg","p":2.79,"u":"1,40 €/KG","img":"https://fd11-photos.leclercdrive.fr/image.ashx?id=2739724&use=l&cat=p&typeid=i","cat":284680},{"id":1764,"n":"Croquettes chat Tous mes amis Poulet dinde canard olive - 2kg","p":3.62,"u":"1,81 €/KG","img":"https://fd11-photos.leclercdrive.fr/image.ashx?id=2301400&use=l&cat=p&typeid=i","cat":284680},{"id":1765,"n":"Croquettes chat Tous mes amis Saumon & Légumes - 2kg","p":2.79,"u":"1,40 €/KG","img":"https://fd11-photos.leclercdrive.fr/image.ashx?id=2301394&use=l&cat=p&typeid=i","cat":284680},{"id":1769,"n":"Barquette chats Lycat au Foie et Volaille - 100g","p":0.59,"u":"5,90 €/KG","img":"https://fd11-photos.leclercdrive.fr/image.ashx?id=2042415&use=l&cat=p&typeid=i","cat":285286},{"id":1771,"n":"Terrines chats Tous mes amis Délices Multi-viandes - 3x400g","p":2.97,"u":"2,48 €/KG","img":"https://fd11-photos.leclercdrive.fr/image.ashx?id=1671538&use=l&cat=p&typeid=i","cat":285601},{"id":1772,"n":"Sachet repas chat Tous mes amis Poissons en gelée - 12x100g","p":3.65,"u":"3,04 €/KG","img":"https://fd11-photos.leclercdrive.fr/image.ashx?id=2027592&use=l&cat=p&typeid=i","cat":285286},{"id":1775,"n":"Litière minérale Catsan Hygiène plus pour chat - 10L","p":5.16,"u":"0,52 €/L","img":"https://fd11-photos.leclercdrive.fr/image.ashx?id=2692677&use=l&cat=p&typeid=i","cat":284683},{"id":1776,"n":"Litière chats Eco+ 7L","p":1.2,"u":"0,17 €/L","img":"https://fd11-photos.leclercdrive.fr/image.ashx?id=2757509&use=l&cat=p&typeid=i","cat":284683},{"id":1786,"n":"Blocs WC Syphon Activ' effect Fraîcheur marine x3","p":1.22,"u":"0,41 €/P","img":"https://fd11-photos.leclercdrive.fr/image.ashx?id=2317294&use=l&cat=p&typeid=i","cat":284662},{"id":1795,"n":"Lingettes nettoyantes Clair Multi-surfaces citron x50","p":1.38,"u":"0,03 €/P","img":"https://fd11-photos.leclercdrive.fr/image.ashx?id=2835193&use=l&cat=p&typeid=i","cat":325358},{"id":1798,"n":"Eponges Multi-usages Mamison grattantes - x3","p":0.89,"u":"0,30 €/P","img":"https://fd11-photos.leclercdrive.fr/image.ashx?id=2202341&use=l&cat=p&typeid=i","cat":284667},{"id":1799,"n":"Haricots verts Notre Jardin Très fins - 3x110g","p":1.83,"u":"5,55 €/KG","img":"https://fd11-photos.leclercdrive.fr/image.ashx?id=2987994&use=l&cat=p&typeid=i","cat":312606},{"id":1800,"n":"Lingettes nettoyantes Clair Muguet x50","p":1.72,"u":"0,03 €/P","img":"https://fd11-photos.leclercdrive.fr/image.ashx?id=2835196&use=l&cat=p&typeid=i","cat":325358},{"id":1801,"n":"Boules inox Mamison x2","p":0.44,"img":"https://fd11-photos.leclercdrive.fr/image.ashx?id=555602&use=l&cat=p&typeid=i","cat":284667},{"id":1802,"n":"Insecticide Insectivor cafards Fourmis araignées 400ml","p":2.49,"u":"6,23 €/L","img":"https://fd11-photos.leclercdrive.fr/image.ashx?id=2843039&use=l&cat=p&typeid=i","cat":298368},{"id":1804,"n":"Asperges vertes miniatures  Notre Jardin - 100g","p":1.49,"u":"14,90 €/KG","img":"https://fd11-photos.leclercdrive.fr/image.ashx?id=2591515&use=l&cat=p&typeid=i","cat":312611},{"id":1806,"n":"Insecticide Insectivor guêpes Mouches moustiques - 400ml","p":2.22,"u":"5,55 €/L","img":"https://fd11-photos.leclercdrive.fr/image.ashx?id=2835008&use=l&cat=p&typeid=i","cat":298368},{"id":1810,"n":"Gel nettoyant wc Syphon 750ml","p":1.03,"u":"1,37 €/L","img":"https://fd11-photos.leclercdrive.fr/image.ashx?id=2558775&use=l&cat=p&typeid=i","cat":284662},{"id":1812,"n":"Gel nettoyant wc Syphon 750ml","p":0.66,"u":"0,88 €/L","img":"https://fd11-photos.leclercdrive.fr/image.ashx?id=2067935&use=l&cat=p&typeid=i","cat":284662},{"id":1816,"n":"Déboucheur canalisations Syphon Gel 1L","p":1.39,"u":"1,39 €/L","img":"https://fd11-photos.leclercdrive.fr/image.ashx?id=2202347&use=l&cat=p&typeid=i","cat":284908},{"id":1821,"n":"Confiture Bonne Maman Figues violettes - 370g","p":1.91,"u":"5,16 €/KG","img":"https://fd11-photos.leclercdrive.fr/image.ashx?id=2547477&use=l&cat=p&typeid=i","cat":284480},{"id":1822,"n":"Confiture Bonne Maman Myrtilles - 370g","p":3.0,"u":"8,11 €/KG","img":"https://fd11-photos.leclercdrive.fr/image.ashx?id=2132361&use=l&cat=p&typeid=i","cat":284480},{"id":1825,"n":"Confiture Bonne Maman Cerises griottes - 370g","p":2.23,"u":"6,03 €/KG","img":"https://fd11-photos.leclercdrive.fr/image.ashx?id=2474981&use=l&cat=p&typeid=i","cat":284480},{"id":1826,"n":"Confiture Douceur du Verger Abricots - Allégée - 340g","p":1.05,"u":"3,09 €/KG","img":"https://fd11-photos.leclercdrive.fr/image.ashx?id=2965440&use=l&cat=p&typeid=i","cat":284480},{"id":1828,"n":"Confiture Bonne Maman Framboises - 370g","p":2.34,"u":"6,32 €/KG","img":"https://fd11-photos.leclercdrive.fr/image.ashx?id=2544807&use=l&cat=p&typeid=i","cat":284480},{"id":1833,"n":"Confiture Douceur du Verger Fraises - 340g","p":1.05,"u":"3,09 €/KG","img":"https://fd11-photos.leclercdrive.fr/image.ashx?id=2965431&use=l&cat=p&typeid=i","cat":284480},{"id":1845,"n":"Barres de céréales Frosties Kellogg's - 6x25g","p":1.89,"u":"12,60 €/KG","img":"https://fd11-photos.leclercdrive.fr/image.ashx?id=2300062&use=l&cat=p&typeid=i","cat":285869},{"id":1846,"n":"Compote Douceur du Verger Gourdes Pomme Fraise - 4x90g","p":1.39,"u":"3,86 €/KG","img":"https://fd11-photos.leclercdrive.fr/image.ashx?id=2837024&use=l&cat=p&typeid=i","cat":284508},{"id":1847,"n":"Barres céréales Fitness Nestlé Chocolat - 6x23.5g","p":1.95,"u":"13,83 €/KG","img":"https://fd11-photos.leclercdrive.fr/image.ashx?id=2947009&use=l&cat=p&typeid=i","cat":285869},{"id":1850,"n":"Chocolat au lait Tablette d'Or Céréales croustillantes 2x100g","p":2.01,"u":"10,05 €/KG","img":"https://fd11-photos.leclercdrive.fr/image.ashx?id=2555952&use=l&cat=p&typeid=i","cat":284497},{"id":1851,"n":"Chocolat au lait Tablette d'Or 3x100g","p":3.13,"u":"10,43 €/KG","img":"https://fd11-photos.leclercdrive.fr/image.ashx?id=2771508&use=l&cat=p&typeid=i","cat":284497},{"id":1861,"n":"Levure chimique Tablier Blanc x6 sachets","p":0.26,"u":"3,94 €/KG","img":"https://fd11-photos.leclercdrive.fr/image.ashx?id=2867892&use=l&cat=p&typeid=i","cat":294686},{"id":1864,"n":"Chocolat Tablette d'Or Noir amandes entières 200g","p":1.84,"u":"9,20 €/KG","img":"https://fd11-photos.leclercdrive.fr/image.ashx?id=2982886&use=l&cat=p&typeid=i","cat":284956},{"id":1867,"n":"Chocolat au lait Tablette d'Or Noisettes entières - 200g","p":2.31,"u":"11,55 €/KG","img":"https://fd11-photos.leclercdrive.fr/image.ashx?id=2580889&use=l&cat=p&typeid=i","cat":284497},{"id":1870,"n":"Tablette de chocolat Equador Noir 85% cacao - 100g","p":1.53,"u":"15,30 €/KG","img":"https://fd11-photos.leclercdrive.fr/image.ashx?id=2840734&use=l&cat=p&typeid=i","cat":284956},{"id":1871,"n":"Céréales mini-pack Kellogg's Multi-variétés - 215g","p":2.75,"u":"12,79 €/KG","img":"https://fd11-photos.leclercdrive.fr/image.ashx?id=3014467&use=l&cat=p&typeid=i","cat":309513},{"id":1872,"n":"Pâte à tartiner Nustikao Gressins 3x60g","p":1.8,"u":"10,00 €/KG","img":"https://fd11-photos.leclercdrive.fr/image.ashx?id=2440703&use=l&cat=p&typeid=i","cat":284488},{"id":1873,"n":"Petits pains grillés Epi d'Or Complet - 225g","p":0.89,"u":"3,96 €/KG","img":"https://fd11-photos.leclercdrive.fr/image.ashx?id=2726491&use=l&cat=p&typeid=i","cat":284479},{"id":1878,"n":"Compote Douceur du Verger Coupelle pomme pêche - 4x100g","p":1.19,"u":"2,98 €/KG","img":"https://fd11-photos.leclercdrive.fr/image.ashx?id=2663464&use=l&cat=p&typeid=i","cat":284508},{"id":1879,"n":"Compote Douceur du Verger Coupelle pomme poire - 4x100g","p":1.17,"u":"2,93 €/KG","img":"https://fd11-photos.leclercdrive.fr/image.ashx?id=2663470&use=l&cat=p&typeid=i","cat":284508},{"id":1883,"n":"Compote Douceur du Verger Gourdes Pomme Banane - 4x90g","p":1.59,"u":"4,42 €/KG","img":"https://fd11-photos.leclercdrive.fr/image.ashx?id=2837027&use=l&cat=p&typeid=i","cat":284508},{"id":1884,"n":"Compote Douceur du Verger Gourdes Pomme - 4x90g","p":0.99,"u":"2,75 €/KG","img":"https://fd11-photos.leclercdrive.fr/image.ashx?id=2837018&use=l&cat=p&typeid=i","cat":284508},{"id":1885,"n":"Haricots verts Notre Jardin Extra fins - 440g","p":2.58,"u":"5,86 €/KG","img":"https://fd11-photos.leclercdrive.fr/image.ashx?id=2050618&use=l&cat=p&typeid=i","cat":312606},{"id":1886,"n":"Petits pois Notre Jardin A l'étuvée - Extra fins - 560g","p":1.29,"u":"2,30 €/KG","img":"https://fd11-photos.leclercdrive.fr/image.ashx?id=2526267&use=l&cat=p&typeid=i","cat":312607},{"id":1887,"n":"Champignons Paris Notre Jardin Pieds et morceaux - 3x115g","p":1.99,"u":"5,77 €/KG","img":"https://fd11-photos.leclercdrive.fr/image.ashx?id=2991115&use=l&cat=p&typeid=i","cat":312610},{"id":1888,"n":"Flageolets verts Notre Jardin Extra fins - 530g","p":1.29,"u":"2,43 €/KG","img":"https://fd11-photos.leclercdrive.fr/image.ashx?id=2468819&use=l&cat=p&typeid=i","cat":312606},{"id":1889,"n":"Macédoine légumes Notre Jardin 3x130g","p":1.75,"u":"4,49 €/KG","img":"https://fd11-photos.leclercdrive.fr/image.ashx?id=2537349&use=l&cat=p&typeid=i","cat":312612},{"id":1890,"n":"Choux Bruxelles Notre Jardin 265g","p":1.29,"u":"4,87 €/KG","img":"https://fd11-photos.leclercdrive.fr/image.ashx?id=2913654&use=l&cat=p&typeid=i","cat":312612},{"id":1893,"n":"Sardines Pêche Océan Huile d'olive - 135g","p":1.25,"u":"9,26 €/KG","img":"https://fd11-photos.leclercdrive.fr/image.ashx?id=2550375&use=l&cat=p&typeid=i","cat":305146},{"id":1895,"n":"Foie de morue Connétable MSC - Fumé - 121g","p":1.94,"u":"16,03 €/KG","img":"https://fd11-photos.leclercdrive.fr/image.ashx?id=2804454&use=l&cat=p&typeid=i","cat":305147},{"id":1897,"n":"Pâté NRT Campagne porc breton - 200g","p":1.91,"u":"9,55 €/KG","img":"https://fd11-photos.leclercdrive.fr/image.ashx?id=2560494&use=l&cat=p&typeid=i","cat":305149},{"id":1898,"n":"Cassoulet Côté Table 840g","p":2.19,"u":"2,61 €/KG","img":"https://fd11-photos.leclercdrive.fr/image.ashx?id=2977096&use=l&cat=p&typeid=i","cat":284440},{"id":1901,"n":"Taboulé Côté Table Etui 730g","p":1.87,"u":"2,56 €/KG","img":"https://fd11-photos.leclercdrive.fr/image.ashx?id=2977093&use=l&cat=p&typeid=i","cat":325094},{"id":1902,"n":"Chips à l'ancienne Pom'Lisse Nature - 150g","p":1.04,"u":"6,93 €/KG","img":"https://fd11-photos.leclercdrive.fr/image.ashx?id=2724829&use=l&cat=p&typeid=i","cat":284447},{"id":1903,"n":"Saucisses cocktail Tokapi  240g","p":1.95,"u":"8,13 €/KG","img":"https://fd11-photos.leclercdrive.fr/image.ashx?id=2943614&use=l&cat=p&typeid=i","cat":284450},{"id":1906,"n":"Huile de tournesol Lesieur  1L","p":2.6,"u":"2,60 €/L","img":"https://fd11-photos.leclercdrive.fr/image.ashx?id=2916839&use=l&cat=p&typeid=i","cat":284453},{"id":1913,"n":"Pâtes Barilla Coquillettes - 500g","p":0.97,"u":"1,94 €/KG","img":"https://fd11-photos.leclercdrive.fr/image.ashx?id=2392218&use=l&cat=p&typeid=i","cat":284427},{"id":1925,"n":"Petits beurre P'tit Déli x24 - 200g","p":0.95,"u":"4,75 €/KG","img":"https://fd11-photos.leclercdrive.fr/image.ashx?id=1898886&use=l&cat=p&typeid=i","cat":284487},{"id":1928,"n":"Brioche vendéenne IGP NRT Tressée - 650g","p":4.06,"u":"6,25 €/KG","img":"https://fd11-photos.leclercdrive.fr/image.ashx?id=2679789&use=l&cat=p&typeid=i","cat":284478},{"id":1935,"n":"Café Soluble Nescafé Sélection - 200g","p":6.04,"u":"30,20 €/KG","img":"https://fd11-photos.leclercdrive.fr/image.ashx?id=2968847&use=l&cat=p&typeid=i","cat":284843},{"id":1939,"n":"Infusion Tiséa verveine menthe x25","p":0.92,"u":"23,00 €/KG","img":"https://fd11-photos.leclercdrive.fr/image.ashx?id=2441102&use=l&cat=p&typeid=i","cat":293234},{"id":1943,"n":"Confiture Bonne Maman Fraises - 750g","p":3.51,"u":"4,68 €/KG","img":"https://fd11-photos.leclercdrive.fr/image.ashx?id=2906073&use=l&cat=p&typeid=i","cat":284480},{"id":1944,"n":"Miel Nid d'Abeille A tartiner - 250 g","p":1.91,"u":"7,64 €/KG","img":"https://fd11-photos.leclercdrive.fr/image.ashx?id=2696805&use=l&cat=p&typeid=i","cat":287643},{"id":1955,"n":"Farine de blé T45 Tablier Blanc 1kg","p":0.69,"u":"0,69 €/KG","img":"https://fd11-photos.leclercdrive.fr/image.ashx?id=2832625&use=l&cat=p&typeid=i","cat":284503},{"id":1956,"n":"Compote Douceur du Verger Coupelle pomme banane - 4x100g","p":1.3,"u":"3,25 €/KG","img":"https://fd11-photos.leclercdrive.fr/image.ashx?id=2663461&use=l&cat=p&typeid=i","cat":284508},{"id":1961,"n":"Tablette de chocolat Equador Noir 72% cacao 100g","p":1.39,"u":"13,90 €/KG","img":"https://fd11-photos.leclercdrive.fr/image.ashx?id=2822920&use=l&cat=p&typeid=i","cat":284956},{"id":1962,"n":"Tablette de Chocolat Blanc Galak - 2x100g","p":2.89,"u":"14,45 €/KG","img":"https://fd11-photos.leclercdrive.fr/image.ashx?id=2769618&use=l&cat=p&typeid=i","cat":284957},{"id":1975,"n":"Sirop Frucci Menthe - 75cl","p":1.85,"u":"2,47 €/L","img":"https://fd11-photos.leclercdrive.fr/image.ashx?id=2842208&use=l&cat=p&typeid=i","cat":295020},{"id":1980,"n":"Pur Jus d'ananas Jafaden Brique élopack 1L","p":2.09,"u":"2,09 €/L","img":"https://fd11-photos.leclercdrive.fr/image.ashx?id=2955683&use=l&cat=p&typeid=i","cat":284916},{"id":1984,"n":"Thé glacé Fresh Tea Pêche - 2L","p":1.64,"u":"0,82 €/L","img":"https://fd11-photos.leclercdrive.fr/image.ashx?id=2715281&use=l&cat=p&typeid=i","cat":295019},{"id":1990,"n":"Scotch Whisky Label 5 40%vol - 70cl","p":12.83,"u":"18,33 €/L","img":"https://fd11-photos.leclercdrive.fr/image.ashx?id=2639468&use=l&cat=p&typeid=i","cat":284547},{"id":1994,"n":"Whisky J&B Rare 40%vol - 70cl","p":14.9,"u":"21,29 €/L","img":"https://fd11-photos.leclercdrive.fr/image.ashx?id=2301028&use=l&cat=p&typeid=i","cat":284547},{"id":1995,"n":"Whisky Ballantine's Finest Blended Scotch 40% vol - 70cl","p":15.4,"pp":14.4,"u":"20,57 €/L","img":"https://fd11-photos.leclercdrive.fr/image.ashx?id=2981298&use=l&cat=p&typeid=i","cat":284547},{"id":1997,"n":"Whisky Clan Campbell Blended Scotch 40% vol - 70cl","p":14.62,"u":"20,89 €/L","img":"https://fd11-photos.leclercdrive.fr/image.ashx?id=2868365&use=l&cat=p&typeid=i","cat":284547},{"id":1998,"n":"Whiskey Irlandais Jameson  40% vol - 70cl","p":20.6,"pp":17.6,"u":"25,14 €/L","img":"https://fd11-photos.leclercdrive.fr/image.ashx?id=2866025&use=l&cat=p&typeid=i","cat":284547},{"id":2001,"n":"Pastis Ricard Anisé 45% vol - 1L","p":19.87,"pp":18.87,"u":"18,87 €/L","img":"https://fd11-photos.leclercdrive.fr/image.ashx?id=2947820&use=l&cat=p&typeid=i","cat":284548},{"id":2002,"n":"Pastis de Marseille Vivalis 45%vol - 1L","p":17.02,"u":"17,02 €/L","img":"https://fd11-photos.leclercdrive.fr/image.ashx?id=2699639&use=l&cat=p&typeid=i","cat":284548},{"id":2003,"n":"Vodka premium Eristoff Original 37,5° - 70cl","p":12.59,"u":"17,99 €/L","img":"https://fd11-photos.leclercdrive.fr/image.ashx?id=2850734&use=l&cat=p&typeid=i","cat":284550},{"id":2006,"n":"Vodka Novotna  Pure grain 37.5%vol - 70cl","p":10.59,"u":"15,13 €/L","img":"https://fd11-photos.leclercdrive.fr/image.ashx?id=1654441&use=l&cat=p&typeid=i","cat":284550},{"id":2007,"n":"Rhum blanc Bacardi Carta Blanca 37,5° - 70cl","p":14.77,"u":"21,10 €/L","img":"https://fd11-photos.leclercdrive.fr/image.ashx?id=2833933&use=l&cat=p&typeid=i","cat":284550},{"id":2010,"n":"Rhum blanc Old Nick  40%vol - 70cl","p":10.27,"u":"14,67 €/L","img":"https://fd11-photos.leclercdrive.fr/image.ashx?id=2483747&use=l&cat=p&typeid=i","cat":284550},{"id":2012,"n":"Rhum ambré Negrita 40%vol - 1L","p":13.56,"u":"13,56 €/L","img":"https://fd11-photos.leclercdrive.fr/image.ashx?id=2519633&use=l&cat=p&typeid=i","cat":284550},{"id":2019,"n":"Sucre de canne Lagoa 70cl","p":1.65,"u":"2,36 €/L","img":"https://fd11-photos.leclercdrive.fr/image.ashx?id=2966475&use=l&cat=p&typeid=i","cat":284551},{"id":2021,"n":"Apéritif Suze L'Originale 15% vol - 1L","p":9.79,"pp":8.79,"u":"8,79 €/L","img":"https://fd11-photos.leclercdrive.fr/image.ashx?id=2914462&use=l&cat=p&typeid=i","cat":284913},{"id":2025,"n":"Muscat de Rivesaltes G. d'Arria 15.5%vol - 75cl","p":4.99,"u":"6,65 €/L","img":"https://fd11-photos.leclercdrive.fr/image.ashx?id=2974744&use=l&cat=p&typeid=i","cat":284913},{"id":2028,"n":"AOP Bordeaux rouge Baron de Lestac - 75cl","p":3.87,"u":"5,16 €/L","img":"https://fd11-photos.leclercdrive.fr/image.ashx?id=2471148&use=l&cat=p&typeid=i","cat":289556},{"id":2029,"n":"AOP Bordeaux rouge Malesan - 75 cl","p":4.21,"u":"5,61 €/L","img":"https://fd11-photos.leclercdrive.fr/image.ashx?id=2917432&use=l&cat=p&typeid=i","cat":289556},{"id":2044,"n":"IGP Pays d'Oc Merlot vin rouge Vieux Carion 13% vol -75 cl","p":2.25,"u":"3,00 €/L","img":"https://fd11-photos.leclercdrive.fr/image.ashx?id=2949412&use=l&cat=p&typeid=i","cat":289556},{"id":2045,"n":"IGP Pays d'Oc vin rouge Vieux Carion 12.5% vol -75 cl","p":2.25,"u":"3,00 €/L","img":"https://fd11-photos.leclercdrive.fr/image.ashx?id=2800267&use=l&cat=p&typeid=i","cat":289556},{"id":2049,"n":"IGP Pays d'Oc Gris vin rosé Rives & Terrasses - 75cl -12,5%","p":2.89,"u":"3,85 €/L","img":"https://fd11-photos.leclercdrive.fr/image.ashx?id=2920918&use=l&cat=p&typeid=i","cat":289558},{"id":2051,"n":"IGP Pays d'Oc Syrah vin rosé Vieux Carion 12.5% vol -75 cl","p":2.25,"u":"3,00 €/L","img":"https://fd11-photos.leclercdrive.fr/image.ashx?id=2892340&use=l&cat=p&typeid=i","cat":289558},{"id":2058,"n":"IGP Pays d'Oc Sauvignon Blanc Vieux Carion 12% vol -75 cl","p":2.25,"u":"3,00 €/L","img":"https://fd11-photos.leclercdrive.fr/image.ashx?id=2879937&use=l&cat=p&typeid=i","cat":289557},{"id":2072,"n":"AOP Champagne Mumm Cordon Rouge Brut 12% vol - 75cl","p":28.9,"pp":27.9,"u":"37,20 €/L","img":"https://fd11-photos.leclercdrive.fr/image.ashx?id=3011005&use=l&cat=p&typeid=i","cat":284542},{"id":2073,"n":"AOC Champagne brut rosé Pol Carson - 75cl","p":19.95,"u":"26,60 €/L","img":"https://fd11-photos.leclercdrive.fr/image.ashx?id=1703881&use=l&cat=p&typeid=i","cat":284542},{"id":2074,"n":"AOP Champagne demi-sec blanc Pol Carson - 75cl","p":17.99,"u":"23,99 €/L","img":"https://fd11-photos.leclercdrive.fr/image.ashx?id=2909846&use=l&cat=p&typeid=i","cat":284542},{"id":2075,"n":"AOP Champagne brut Pol Carson - 75cl","p":17.99,"u":"23,99 €/L","img":"https://fd11-photos.leclercdrive.fr/image.ashx?id=2909843&use=l&cat=p&typeid=i","cat":284542},{"id":2079,"n":"Cidre bouché Les Goelleries Breton doux 2%vol. - 75cl","p":2.12,"u":"2,83 €/L","img":"https://fd11-photos.leclercdrive.fr/image.ashx?id=2842190&use=l&cat=p&typeid=i","cat":334880},{"id":2082,"n":"AOP Crémant d'Alsace brut Rebmann - 75 cl","p":5.95,"u":"7,93 €/L","img":"https://fd11-photos.leclercdrive.fr/image.ashx?id=2888935&use=l&cat=p&typeid=i","cat":284545},{"id":2087,"n":"Jus de pomme pétillant Champomy L'Original Pomme - 75cl","p":2.67,"u":"3,56 €/L","img":"https://fd11-photos.leclercdrive.fr/image.ashx?id=2688683&use=l&cat=p&typeid=i","cat":289460},{"id":2090,"n":"Emmental fromage bloc Les Croisés - 500g","p":4.19,"u":"8,38 €/KG","img":"https://fd11-photos.leclercdrive.fr/image.ashx?id=2897775&use=l&cat=p&typeid=i","cat":314034},{"id":2092,"n":"Bûche de chèvre Saint-Maure LEs Croisés 25% MG - 200g","p":2.06,"u":"10,30 €/KG","img":"https://fd11-photos.leclercdrive.fr/image.ashx?id=2894719&use=l&cat=p&typeid=i","cat":314031},{"id":2095,"n":"Emmental Fromage râpé Les Croisés - 3x70g","p":1.89,"u":"9,00 €/KG","img":"https://fd11-photos.leclercdrive.fr/image.ashx?id=2949406&use=l&cat=p&typeid=i","cat":314035},{"id":2104,"n":"Mousse à la liégeoise Délisse Chocolat - 8x80g","p":2.35,"u":"3,67 €/KG","img":"https://fd11-photos.leclercdrive.fr/image.ashx?id=3009490&use=l&cat=p&typeid=i","cat":284417},{"id":2107,"n":"Lait demi-écrémé Délisse Brique UHT -  1L","p":0.99,"u":"0,99 €/L","img":"https://fd11-photos.leclercdrive.fr/image.ashx?id=2981804&use=l&cat=p&typeid=i","cat":284377},{"id":2108,"n":"Lait entier Délisse UHT - Brique : 1L","p":1.08,"u":"1,08 €/L","img":"https://fd11-photos.leclercdrive.fr/image.ashx?id=2981822&use=l&cat=p&typeid=i","cat":285610},{"id":2111,"n":"Beurre Extra fin Les Croisés Doux - 82% MG - 250g","p":2.35,"u":"9,40 €/KG","img":"https://fd11-photos.leclercdrive.fr/image.ashx?id=2791224&use=l&cat=p&typeid=i","cat":284379},{"id":2112,"n":"Sauce Béchamel Bridélice 3x20cl","p":2.89,"u":"4,82 €/L","img":"https://fd11-photos.leclercdrive.fr/image.ashx?id=2888458&use=l&cat=p&typeid=i","cat":284382},{"id":2114,"n":"Saucisse sèche Saint Azay Qualité supérieure - 250g","p":2.99,"u":"11,96 €/KG","img":"https://fd11-photos.leclercdrive.fr/image.ashx?id=2859149&use=l&cat=p&typeid=i","cat":316006},{"id":2121,"n":"Carottes râpées Menu Fraîcheur  Assaisonnées - 300g","p":0.69,"u":"2,30 €/KG","img":"https://fd11-photos.leclercdrive.fr/image.ashx?id=2816552&use=l&cat=p&typeid=i","cat":333657},{"id":2125,"n":"Tagliatelle fraîche Turini 350g","p":1.19,"u":"3,40 €/KG","img":"https://fd11-photos.leclercdrive.fr/image.ashx?id=2846514&use=l&cat=p&typeid=i","cat":333682},{"id":2126,"n":"Pâte brisée Tablier Blanc Prête à dérouler - 230g","p":0.65,"u":"2,83 €/KG","img":"https://fd11-photos.leclercdrive.fr/image.ashx?id=2922385&use=l&cat=p&typeid=i","cat":333681},{"id":2128,"n":"Bâtonnets Surimi Pêche Océan MSC - x12 - 200g","p":1.38,"u":"6,90 €/KG","img":"https://fd11-photos.leclercdrive.fr/image.ashx?id=2981837&use=l&cat=p&typeid=i","cat":285189},{"id":2129,"n":"Tarama Ronde des mers  Aux oeufs de cabillaud - 100g","p":0.99,"u":"9,90 €/KG","img":"https://fd11-photos.leclercdrive.fr/image.ashx?id=2824600&use=l&cat=p&typeid=i","cat":315999},{"id":2130,"n":"Filets d'anchois Pêche Océan Huile d'olive - 50g","p":1.36,"u":"27,20 €/KG","img":"https://fd11-photos.leclercdrive.fr/image.ashx?id=2992498&use=l&cat=p&typeid=i","cat":285190},{"id":2139,"n":"Gants jetables Mamison latex T7 x10","p":1.33,"img":"https://fd11-photos.leclercdrive.fr/image.ashx?id=2742688&use=l&cat=p&typeid=i","cat":284668},{"id":2164,"n":"Enveloppes Esquisse adhésives C6 100x80g","p":2.39,"img":"https://fd11-photos.leclercdrive.fr/image.ashx?id=1928740&use=l&cat=p&typeid=i","cat":284697},{"id":2166,"n":"Piles Foxter AA/LR6 1,5V - x4","p":0.99,"u":"0,25 €/P","img":"https://fd11-photos.leclercdrive.fr/image.ashx?id=2162156&use=l&cat=p&typeid=i","cat":300572},{"id":2187,"n":"Mascarpone Les Croisés - 250g","p":1.78,"u":"7,12 €/KG","img":"https://fd11-photos.leclercdrive.fr/image.ashx?id=2992507&use=l&cat=p&typeid=i","cat":314026},{"id":2194,"n":"Sacs congélation Elembal Moyen modèle x50","p":1.08,"img":"https://fd11-photos.leclercdrive.fr/image.ashx?id=2257205&use=l&cat=p&typeid=i","cat":334134},{"id":2195,"n":"Sacs poubelle 30L Elembal Poignées coulissantes - x20","p":2.11,"u":"0,11 €/P","img":"https://fd11-photos.leclercdrive.fr/image.ashx?id=2791740&use=l&cat=p&typeid=i","cat":285168},{"id":2200,"n":"Muffins nature Epi d'Or x4 - 250g","p":1.51,"u":"6,04 €/KG","img":"https://fd11-photos.leclercdrive.fr/image.ashx?id=2939052&use=l&cat=p&typeid=i","cat":284985},{"id":2201,"n":"Pastis 51 Anisé 45% vol - 1L","p":18.88,"u":"18,88 €/L","img":"https://fd11-photos.leclercdrive.fr/image.ashx?id=2998916&use=l&cat=p&typeid=i","cat":284548},{"id":2224,"n":"Boisson lactée Candy'UP Chocolat - 6x20cl","p":2.66,"u":"2,22 €/L","img":"https://fd11-photos.leclercdrive.fr/image.ashx?id=2485635&use=l&cat=p&typeid=i","cat":295246},{"id":2236,"n":"Sucre vanillé Vahiné 10 sachets - 75g","p":1.47,"u":"19,60 €/KG","img":"https://fd11-photos.leclercdrive.fr/image.ashx?id=2490536&use=l&cat=p&typeid=i","cat":294686},{"id":2237,"n":"Arôme Fleur d'oranger Vahiné 200ml","p":1.4,"u":"7,00 €/L","img":"https://fd11-photos.leclercdrive.fr/image.ashx?id=2983231&use=l&cat=p&typeid=i","cat":284504},{"id":2238,"n":"Arôme vanille Vahiné 200ml","p":2.52,"u":"12,60 €/L","img":"https://fd11-photos.leclercdrive.fr/image.ashx?id=2490551&use=l&cat=p&typeid=i","cat":284504},{"id":2239,"n":"Gélatine alimentaire Vahiné 9 feuilles - 17g","p":1.21,"u":"71,18 €/KG","img":"https://fd11-photos.leclercdrive.fr/image.ashx?id=2876305&use=l&cat=p&typeid=i","cat":284504},{"id":2257,"n":"Crème Hydratante Soft Nivea Visage Corps Mains - 75ml","p":1.62,"u":"23,14 €/L","img":"https://fd11-photos.leclercdrive.fr/image.ashx?id=3005215&use=l&cat=p&typeid=i","cat":325350},{"id":2259,"n":"Crème Hydratante Soft Nivea Visage Corps Mains - 200ml","p":3.11,"u":"15,55 €/L","img":"https://fd11-photos.leclercdrive.fr/image.ashx?id=3014608&use=l&cat=p&typeid=i","cat":325350},{"id":2277,"n":"Gel lubrifiant Intimy Classic - 70ml","p":4.05,"u":"57,86 €/L","img":"https://fd11-photos.leclercdrive.fr/image.ashx?id=2927330&use=l&cat=p&typeid=i","cat":285160},{"id":2281,"n":"Pansements Mercurochrome Famille x50","p":3.75,"u":"0,08 €/P","img":"https://fd11-photos.leclercdrive.fr/image.ashx?id=2731471&use=l&cat=p&typeid=i","cat":284630},{"id":2317,"n":"Mousse Coiffante Franck Provost Cheveux Bouclés - 200ml","p":4.29,"u":"21,45 €/L","img":"https://fd11-photos.leclercdrive.fr/image.ashx?id=2575606&use=l&cat=p&typeid=i","cat":284609},{"id":2336,"n":"Baume soin Après-Rasage Mennen Peaux Sensibles - 100ml","p":3.77,"u":"37,70 €/L","img":"https://fd11-photos.leclercdrive.fr/image.ashx?id=2517905&use=l&cat=p&typeid=i","cat":288147},{"id":2373,"n":"Activateur biologique Eparcyl  Liquide fosse septique - 500 ml","p":6.5,"u":"13,00 €/L","img":"https://fd11-photos.leclercdrive.fr/image.ashx?id=2144059&use=l&cat=p&typeid=i","cat":284908},{"id":2438,"n":"Eponges Spontex grattantes Stop-graisse x2","p":1.18,"u":"0,59 €/P","img":"https://fd11-photos.leclercdrive.fr/image.ashx?id=2973078&use=l&cat=p&typeid=i","cat":284667},{"id":2484,"n":"Dentifrice Signal Haleine Pure 75ml","p":1.27,"u":"16,93 €/L","img":"https://fd11-photos.leclercdrive.fr/image.ashx?id=1984459&use=l&cat=p&typeid=i","cat":284612},{"id":2504,"n":"Levure de bière Gerblé à saupoudrer - 150g","p":2.3,"u":"15,33 €/KG","img":"https://fd11-photos.leclercdrive.fr/image.ashx?id=2575036&use=l&cat=p&typeid=i","cat":288382},{"id":2505,"n":"Crème au chocolat GERLINEA   Repas minceur - 3x210g","p":4.45,"u":"7,06 €/KG","img":"https://fd11-photos.leclercdrive.fr/image.ashx?id=2653450&use=l&cat=p&typeid=i","cat":318652},{"id":2510,"n":"Biscuits soja figue GERBLE   - 4x4, 270g","p":1.87,"u":"6,93 €/KG","img":"https://fd11-photos.leclercdrive.fr/image.ashx?id=2812720&use=l&cat=p&typeid=i","cat":318651},{"id":2511,"n":"Biscuits diététiques Gerblé Soja Orange - 280g","p":1.4,"u":"5,00 €/KG","img":"https://fd11-photos.leclercdrive.fr/image.ashx?id=2623166&use=l&cat=p&typeid=i","cat":318651},{"id":2523,"n":"Amandes effilées Couleurs Vives 125g","p":1.99,"u":"15,92 €/KG","img":"https://fd11-photos.leclercdrive.fr/image.ashx?id=2896874&use=l&cat=p&typeid=i","cat":284504},{"id":2524,"n":"Amandes Couleurs Vives En poudre - 125g","p":1.97,"u":"15,76 €/KG","img":"https://fd11-photos.leclercdrive.fr/image.ashx?id=2896871&use=l&cat=p&typeid=i","cat":284504},{"id":2525,"n":"Cerneaux noix Couleurs Vives 125g","p":1.78,"u":"14,83 €/KG","img":"https://fd11-photos.leclercdrive.fr/image.ashx?id=2886436&use=l&cat=p&typeid=i","cat":284357},{"id":2529,"n":"Salade composée Notre Jardin 400g","p":1.24,"u":"3,10 €/KG","img":"https://fd11-photos.leclercdrive.fr/image.ashx?id=2663269&use=l&cat=p&typeid=i","cat":284353},{"id":2530,"n":"Salade Notre Jardin Mâche - 125g","p":0.95,"u":"7,60 €/KG","img":"https://fd11-photos.leclercdrive.fr/image.ashx?id=2739514&use=l&cat=p&typeid=i","cat":284353},{"id":2531,"n":"Salade Notre Jardin Coeurs de laitue - 200g","p":0.99,"u":"4,95 €/KG","img":"https://fd11-photos.leclercdrive.fr/image.ashx?id=2686323&use=l&cat=p&typeid=i","cat":284353},{"id":2532,"n":"Laitue Iceberg Notre Jardin 300g","p":0.89,"u":"2,97 €/KG","img":"https://fd11-photos.leclercdrive.fr/image.ashx?id=2718796&use=l&cat=p&typeid=i","cat":284353},{"id":2568,"n":"Laque Cheveux L'Oréal Paris Fixation forte - 150ml","p":3.89,"u":"25,93 €/L","img":"https://fd11-photos.leclercdrive.fr/image.ashx?id=2576157&use=l&cat=p&typeid=i","cat":284609},{"id":2571,"n":"Gel Coiffant L'Oréal Paris Ultra Fixant 24H - 150ml","p":3.44,"u":"22,93 €/L","img":"https://fd11-photos.leclercdrive.fr/image.ashx?id=2576163&use=l&cat=p&typeid=i","cat":284609},{"id":2576,"n":"Soin anti-âge L'Oréal Paris Age Perfect - 50ml","p":7.95,"u":"159,00 €/L","img":"https://fd11-photos.leclercdrive.fr/image.ashx?id=2867356&use=l&cat=p&typeid=i","cat":325345},{"id":2588,"n":"Eau minérale Thonon 6x1.5L","p":2.45,"u":"0,27 €/L","img":"https://fd11-photos.leclercdrive.fr/image.ashx?id=2915557&use=l&cat=p&typeid=i","cat":284535},{"id":2612,"n":"Lait demi-écrémé UHT Délisse  Brique - 6x1L","p":5.94,"u":"0,99 €/L","img":"https://fd11-photos.leclercdrive.fr/image.ashx?id=2970542&use=l&cat=p&typeid=i","cat":284377},{"id":2613,"n":"Lait demi-écrémé UHT Délisse Bouteille - 6x1L","p":6.3,"u":"1,05 €/L","img":"https://fd11-photos.leclercdrive.fr/image.ashx?id=2970530&use=l&cat=p&typeid=i","cat":284377},{"id":2614,"n":"Lait demi-écrémé Délisse UHT Bouteille -  6x50cl","p":4.74,"u":"1,58 €/L","img":"https://fd11-photos.leclercdrive.fr/image.ashx?id=2970557&use=l&cat=p&typeid=i","cat":284377},{"id":2615,"n":"Lait écrémé Délisse Brique : 6x1L","p":5.52,"u":"0,92 €/L","img":"https://fd11-photos.leclercdrive.fr/image.ashx?id=2976279&use=l&cat=p&typeid=i","cat":284949},{"id":2616,"n":"Lait entier Délisse UHT - Brique : 6x1L","p":6.48,"u":"1,08 €/L","img":"https://fd11-photos.leclercdrive.fr/image.ashx?id=2970551&use=l&cat=p&typeid=i","cat":285610},{"id":2617,"n":"Lait Bio demi-écrémé Lactel UHT Bouteille - 6x50cl","p":6.36,"u":"2,12 €/L","img":"https://fd11-photos.leclercdrive.fr/image.ashx?id=2892766&use=l&cat=p&typeid=i","cat":284377},{"id":2618,"n":"Lait chèvre demi-écrémé Lactel UHT Bouteille - 6x1L","p":15.06,"u":"2,51 €/L","img":"https://fd11-photos.leclercdrive.fr/image.ashx?id=2873961&use=l&cat=p&typeid=i","cat":295251},{"id":2619,"n":"Lait bio Bio Village Bouteille  Demi-écrémé UHT -  6x1L","p":6.48,"u":"1,08 €/L","img":"https://fd11-photos.leclercdrive.fr/image.ashx?id=2971509&use=l&cat=p&typeid=i","cat":284377},{"id":2638,"n":"Eau minérale Courmayeur 6x1.5L","p":2.52,"u":"0,28 €/L","img":"https://fd11-photos.leclercdrive.fr/image.ashx?id=2964105&use=l&cat=p&typeid=i","cat":284535},{"id":2649,"n":"Eau de source de Montagne 6x1.5L","p":1.68,"u":"0,19 €/L","img":"https://fd11-photos.leclercdrive.fr/image.ashx?id=2727617&use=l&cat=p&typeid=i","cat":284535},{"id":2650,"n":"Whisky William Lawson's Finest Blend 40° - 100cl","p":17.88,"u":"17,88 €/L","img":"https://fd11-photos.leclercdrive.fr/image.ashx?id=2966134&use=l&cat=p&typeid=i","cat":284547},{"id":2652,"n":"Apéritif à base de vin Martini Rosso 14,4° - 1L","p":10.03,"u":"10,03 €/L","img":"https://fd11-photos.leclercdrive.fr/image.ashx?id=2842531&use=l&cat=p&typeid=i","cat":284913},{"id":2722,"n":"Yaourts aromatisés Délisse Vanille - 8x125g","p":2.58,"u":"2,58 €/KG","img":"https://fd11-photos.leclercdrive.fr/image.ashx?id=2758707&use=l&cat=p&typeid=i","cat":286006},{"id":2729,"n":"Pistaches grillées à sec Tokapi 300g","p":3.86,"u":"12,87 €/KG","img":"https://fd11-photos.leclercdrive.fr/image.ashx?id=2795541&use=l&cat=p&typeid=i","cat":284448},{"id":2734,"n":"Eau de source Eco+ 6x 1.5L","p":1.14,"u":"0,13 €/L","img":"https://fd11-photos.leclercdrive.fr/image.ashx?id=2959572&use=l&cat=p&typeid=i","cat":284535},{"id":2737,"n":"Eau minérale Des Alpes  6x1.5L","p":2.1,"u":"0,23 €/L","img":"https://fd11-photos.leclercdrive.fr/image.ashx?id=2768667&use=l&cat=p&typeid=i","cat":284535},{"id":2742,"n":"Eau gazeuse San Pellegrino Minérale naturelle - 6x1L","p":3.77,"u":"0,63 €/L","img":"https://fd11-photos.leclercdrive.fr/image.ashx?id=2740316&use=l&cat=p&typeid=i","cat":284536},{"id":2743,"n":"Eau gazeuse  Badoit verte finement pétillante - 6x50cl","p":2.83,"u":"0,94 €/L","img":"https://fd11-photos.leclercdrive.fr/image.ashx?id=2983081&use=l&cat=p&typeid=i","cat":284536},{"id":2749,"n":"Lait entier Délisse UHT - Bouteille : 6x1L","p":7.74,"u":"1,29 €/L","img":"https://fd11-photos.leclercdrive.fr/image.ashx?id=2970566&use=l&cat=p&typeid=i","cat":285610},{"id":2750,"n":"Lait écrémé Délisse UHT - Bouteille : 6x1L","p":5.94,"u":"0,99 €/L","img":"https://fd11-photos.leclercdrive.fr/image.ashx?id=2970575&use=l&cat=p&typeid=i","cat":284949},{"id":2755,"n":"Lait demi-écrémé Lactel Vitamine D Bouteille - 6x1l","p":7.56,"u":"1,26 €/L","img":"https://fd11-photos.leclercdrive.fr/image.ashx?id=2889424&use=l&cat=p&typeid=i","cat":284377},{"id":2757,"n":"Lait Bio demi-écrémé Lactel  UHT Bouteille - 6x1l","p":9.11,"u":"1,52 €/L","img":"https://fd11-photos.leclercdrive.fr/image.ashx?id=2886918&use=l&cat=p&typeid=i","cat":284377},{"id":2758,"n":"Lait Matin Léger de Lactel Sans lactose 1.2% mg - 6x50cl","p":6.88,"u":"2,29 €/L","img":"https://fd11-photos.leclercdrive.fr/image.ashx?id=2883564&use=l&cat=p&typeid=i","cat":317169},{"id":2759,"n":"Lait Matin Léger de Lactel Sans lactose 1.2% mg - 6x1L","p":10.24,"u":"1,71 €/L","img":"https://fd11-photos.leclercdrive.fr/image.ashx?id=2883125&use=l&cat=p&typeid=i","cat":317169},{"id":2760,"n":"Lait vitaminé Viva Candia  1%MG Brique - 6x1L","p":6.46,"u":"1,08 €/L","img":"https://fd11-photos.leclercdrive.fr/image.ashx?id=2891511&use=l&cat=p&typeid=i","cat":317169},{"id":2776,"n":"Crème Mains Réparatrice Mixa Mains abîmées - 100ml","p":2.16,"u":"21,60 €/L","img":"https://fd11-photos.leclercdrive.fr/image.ashx?id=2276024&use=l&cat=p&typeid=i","cat":325354},{"id":2777,"n":"Crème mains protectrice Mixa Anti-dessèchement - 100ml","p":2.19,"u":"21,90 €/L","img":"https://fd11-photos.leclercdrive.fr/image.ashx?id=2299873&use=l&cat=p&typeid=i","cat":325354},{"id":2799,"n":"Fromage frais Délisse Fruits panachés - 24x50g","p":2.88,"u":"2,40 €/KG","img":"https://fd11-photos.leclercdrive.fr/image.ashx?id=2922494&use=l&cat=p&typeid=i","cat":284414},{"id":2802,"n":"Flûte pain  400g","p":0.6,"u":"1,50 €/KG","img":"https://fd11-photos.leclercdrive.fr/image.ashx?id=557801&use=l&cat=p&typeid=i","cat":284359},{"id":2814,"n":"Pizza 4 fromages Turini Cuite au feu de bois - 420g","p":2.23,"u":"5,31 €/KG","img":"https://fd11-photos.leclercdrive.fr/image.ashx?id=2815211&use=l&cat=p&typeid=i","cat":284256},{"id":2822,"n":"Pomme de terre de consommation Lunor entières précuites 500g","p":1.26,"u":"2,52 €/KG","img":"https://fd11-photos.leclercdrive.fr/image.ashx?id=2276768&use=l&cat=p&typeid=i","cat":284352},{"id":2872,"n":"Poireau Botte 1kg","p":1.95,"u":"1,95 €/KG","img":"https://fd11-photos.leclercdrive.fr/image.ashx?id=1633169&use=l&cat=p&typeid=i","cat":284352},{"id":2878,"n":"Saint honoré 6/8 parts  1 p","p":11.5,"img":"https://fd11-photos.leclercdrive.fr/image.ashx?id=557981&use=l&cat=p&typeid=i","cat":284360},{"id":2880,"n":"Assortiment gâteaux  4 p","p":2.99,"u":"0,75 €/P","img":"https://fd11-photos.leclercdrive.fr/image.ashx?id=557983&use=l&cat=p&typeid=i","cat":284360},{"id":2882,"n":"Tarte aux pommes 6/8 parts 1p","p":6.99,"img":"https://fd11-photos.leclercdrive.fr/image.ashx?id=557985&use=l&cat=p&typeid=i","cat":284360},{"id":2883,"n":"Tarte aux fraises 6 parts 1p","p":9.99,"img":"https://fd11-photos.leclercdrive.fr/image.ashx?id=557986&use=l&cat=p&typeid=i","cat":284360},{"id":2885,"n":"Tartelettes aux framboises  200g","p":3.2,"u":"16,00 €/KG","img":"https://fd11-photos.leclercdrive.fr/image.ashx?id=557990&use=l&cat=p&typeid=i","cat":284360},{"id":2888,"n":"Eclairs saveur chocolat 2x1p","p":2.2,"u":"1,10 €/P","img":"https://fd11-photos.leclercdrive.fr/image.ashx?id=557993&use=l&cat=p&typeid=i","cat":284360},{"id":2889,"n":"Eclairs saveur café  2x1p","p":2.2,"u":"1,10 €/P","img":"https://fd11-photos.leclercdrive.fr/image.ashx?id=557994&use=l&cat=p&typeid=i","cat":284360},{"id":2896,"n":"Endive Sachet 1kg","p":2.79,"u":"2,79 €/KG","img":"https://fd11-photos.leclercdrive.fr/image.ashx?id=558004&use=l&cat=p&typeid=i","cat":284352},{"id":2929,"n":"Biscuits raisins GERBLE   - 4x4, 270g","p":1.8,"u":"6,67 €/KG","img":"https://fd11-photos.leclercdrive.fr/image.ashx?id=2662298&use=l&cat=p&typeid=i","cat":318651},{"id":2930,"n":"Biscuits pomme noisette GERBLE   4x4 - 230g","p":1.45,"u":"6,30 €/KG","img":"https://fd11-photos.leclercdrive.fr/image.ashx?id=2967753&use=l&cat=p&typeid=i","cat":318651},{"id":2934,"n":"Barres Amande GERBLE   - 6 sachets 150g","p":2.36,"u":"15,73 €/KG","img":"https://fd11-photos.leclercdrive.fr/image.ashx?id=2664088&use=l&cat=p&typeid=i","cat":318652},{"id":2935,"n":"Biscuits écorce confite GERBLE   - 4x5,  360g","p":1.54,"u":"4,28 €/KG","img":"https://fd11-photos.leclercdrive.fr/image.ashx?id=2662907&use=l&cat=p&typeid=i","cat":318651},{"id":2937,"n":"Biscuits goûter chocolat GERBLE  - 3x4,  250g","p":1.54,"u":"6,16 €/KG","img":"https://fd11-photos.leclercdrive.fr/image.ashx?id=2625181&use=l&cat=p&typeid=i","cat":318651},{"id":2938,"n":"Biscuits germe de blé GERBLE   - 5x5, 210g","p":1.22,"u":"5,81 €/KG","img":"https://fd11-photos.leclercdrive.fr/image.ashx?id=2573540&use=l&cat=p&typeid=i","cat":318651},{"id":2950,"n":"Biscuits lait chocolat GERBLE   - 5x4, 230g","p":1.54,"u":"6,70 €/KG","img":"https://fd11-photos.leclercdrive.fr/image.ashx?id=2575030&use=l&cat=p&typeid=i","cat":318651},{"id":2951,"n":"Biscuit chocolat GERLINEA  Encas minceur - 4x4, 200g","p":1.98,"u":"9,90 €/KG","img":"https://fd11-photos.leclercdrive.fr/image.ashx?id=2654770&use=l&cat=p&typeid=i","cat":318652},{"id":2969,"n":"Sticks et bretzels Tokapi 300g","p":1.2,"u":"4,00 €/KG","img":"https://fd11-photos.leclercdrive.fr/image.ashx?id=2431104&use=l&cat=p&typeid=i","cat":297000},{"id":2971,"n":"Chips ondulées Pom'Lisse  Nature - 150g","p":0.93,"u":"6,20 €/KG","img":"https://fd11-photos.leclercdrive.fr/image.ashx?id=2657196&use=l&cat=p&typeid=i","cat":284447},{"id":2973,"n":"Chips Pom'Lisse Barbecue - 135g","p":0.89,"u":"6,59 €/KG","img":"https://fd11-photos.leclercdrive.fr/image.ashx?id=2774046&use=l&cat=p&typeid=i","cat":284447},{"id":2988,"n":"Dessert fruits mixés Sojasun Framboise / Passion - 4x100g","p":1.56,"u":"3,90 €/KG","img":"https://fd11-photos.leclercdrive.fr/image.ashx?id=2355671&use=l&cat=p&typeid=i","cat":316071},{"id":2989,"n":"Yaourt Sojasun Morceaux de figues - 4x100g","p":1.69,"u":"4,23 €/KG","img":"https://fd11-photos.leclercdrive.fr/image.ashx?id=2389704&use=l&cat=p&typeid=i","cat":316071},{"id":3000,"n":"Oeufs frais plein air Bio Bio Village - x6","p":2.09,"u":"0,35 €/P","img":"https://fd11-photos.leclercdrive.fr/image.ashx?id=2670983&use=l&cat=p&typeid=i","cat":284378},{"id":3012,"n":"Sauce Fajitas Tables du Monde 430g","p":1.97,"u":"4,58 €/KG","img":"https://fd11-photos.leclercdrive.fr/image.ashx?id=2470228&use=l&cat=p&typeid=i","cat":288993},{"id":3013,"n":"Pain de mie 7 céréales Epi d'Or Grandes tranches - 550g","p":1.19,"u":"2,16 €/KG","img":"https://fd11-photos.leclercdrive.fr/image.ashx?id=1959532&use=l&cat=p&typeid=i","cat":284477},{"id":3014,"n":"Brioche tressée Epi d'Or Pépites de chocolat - 600g","p":2.36,"u":"3,93 €/KG","img":"https://fd11-photos.leclercdrive.fr/image.ashx?id=2867898&use=l&cat=p&typeid=i","cat":284478},{"id":3033,"n":"Pâtes fraîches Turini Fettuccini - 350g","p":1.49,"u":"4,26 €/KG","img":"https://fd11-photos.leclercdrive.fr/image.ashx?id=2882313&use=l&cat=p&typeid=i","cat":333682},{"id":3034,"n":"Fromage Parmesan Parmareggio 60g","p":1.46,"u":"24,33 €/KG","img":"https://fd11-photos.leclercdrive.fr/image.ashx?id=2975458&use=l&cat=p&typeid=i","cat":314035},{"id":3040,"n":"Beurre moulé bio Bio Village Doux - 82% MG - 250g","p":2.99,"u":"11,96 €/KG","img":"https://fd11-photos.leclercdrive.fr/image.ashx?id=2437052&use=l&cat=p&typeid=i","cat":284379},{"id":3041,"n":"Beurre moulé bio Bio Village Demi-sel - 80% MG - 250g","p":2.99,"u":"11,96 €/KG","img":"https://fd11-photos.leclercdrive.fr/image.ashx?id=2437055&use=l&cat=p&typeid=i","cat":284379},{"id":3052,"n":"Dentifrice Menthe Fluoryl Gencives Sensibles - 75ml","p":1.91,"u":"25,47 €/L","img":"https://fd11-photos.leclercdrive.fr/image.ashx?id=2473312&use=l&cat=p&typeid=i","cat":284612},{"id":3055,"n":"Gel à raser féminin Siliss Velours abricot - 200ml","p":1.69,"u":"8,45 €/L","img":"https://fd11-photos.leclercdrive.fr/image.ashx?id=2699408&use=l&cat=p&typeid=i","cat":325352},{"id":3064,"n":"Cotons Démaquillants Demak'Up Expert - Disques - x70","p":1.23,"u":"0,02 €/P","img":"https://fd11-photos.leclercdrive.fr/image.ashx?id=2970909&use=l&cat=p&typeid=i","cat":284636},{"id":3070,"n":"Serviette hygiénique Doulys Ultra - Normal+  - x14","p":1.29,"u":"0,09 €/P","img":"https://fd11-photos.leclercdrive.fr/image.ashx?id=2838915&use=l&cat=p&typeid=i","cat":284624},{"id":3072,"n":"Serviette hygiénique Doulys Maxi confort - Super - x16","p":1.45,"u":"0,09 €/P","img":"https://fd11-photos.leclercdrive.fr/image.ashx?id=2838912&use=l&cat=p&typeid=i","cat":284624},{"id":3089,"n":"Sauce Béchamel Elle&Vire au Lait Entier - 33cl","p":1.95,"u":"5,91 €/L","img":"https://fd11-photos.leclercdrive.fr/image.ashx?id=2835992&use=l&cat=p&typeid=i","cat":284382},{"id":3091,"n":"Cordons bleus Maître coq Poulet - 1kg","p":5.38,"u":"5,38 €/KG","img":"https://fd11-photos.leclercdrive.fr/image.ashx?id=2762103&use=l&cat=p&typeid=i","cat":333683},{"id":3093,"n":"Cake fruits P'tit déli Tranché 300g","p":1.66,"u":"5,53 €/KG","img":"https://fd11-photos.leclercdrive.fr/image.ashx?id=2823078&use=l&cat=p&typeid=i","cat":284493},{"id":3099,"n":"Mini cakes P'tit Déli  aux fruits x10","p":2.98,"u":"9,93 €/KG","img":"https://fd11-photos.leclercdrive.fr/image.ashx?id=2047019&use=l&cat=p&typeid=i","cat":284493},{"id":3106,"n":"Biscuits Cookies P'tit Déli Noix coco Chocolat - 200g","p":1.39,"u":"6,95 €/KG","img":"https://fd11-photos.leclercdrive.fr/image.ashx?id=2896853&use=l&cat=p&typeid=i","cat":325066},{"id":3107,"n":"Biscuits petit beurre LU Pocket - 300g","p":1.95,"u":"6,50 €/KG","img":"https://fd11-photos.leclercdrive.fr/image.ashx?id=3001940&use=l&cat=p&typeid=i","cat":284487},{"id":3108,"n":"Biscuits petit déjeuner Prince Céréales - 300g","p":1.93,"u":"6,43 €/KG","img":"https://fd11-photos.leclercdrive.fr/image.ashx?id=2346648&use=l&cat=p&typeid=i","cat":284491},{"id":3123,"n":"Plat bébé Blédina 8 mois  Pomme de terre poulet - 2x200g","p":2.66,"u":"6,65 €/KG","img":"https://fd11-photos.leclercdrive.fr/image.ashx?id=2975056&use=l&cat=p&typeid=i","cat":312236},{"id":3126,"n":"Compote bébé Blédina 4-6 mois Banane - 2x130g","p":1.1,"u":"4,23 €/KG","img":"https://fd11-photos.leclercdrive.fr/image.ashx?id=2951548&use=l&cat=p&typeid=i","cat":312387},{"id":3142,"n":"Café et Chicorée Soluble Ricoré  Original - 100g","p":2.74,"u":"27,40 €/KG","img":"https://fd11-photos.leclercdrive.fr/image.ashx?id=2951542&use=l&cat=p&typeid=i","cat":284843},{"id":3147,"n":"Madeleines P'tit déli coquilles 500g","p":1.7,"u":"3,40 €/KG","img":"https://fd11-photos.leclercdrive.fr/image.ashx?id=2999484&use=l&cat=p&typeid=i","cat":284492},{"id":3148,"n":"Madeleines longues P'tit déli Marbrées chocolat 250g","p":1.45,"u":"5,80 €/KG","img":"https://fd11-photos.leclercdrive.fr/image.ashx?id=2999490&use=l&cat=p&typeid=i","cat":284492},{"id":3151,"n":"Café moulu Plantation  Tradition - 250g","p":2.52,"u":"10,08 €/KG","img":"https://fd11-photos.leclercdrive.fr/image.ashx?id=2580886&use=l&cat=p&typeid=i","cat":284750},{"id":3153,"n":"Café moulu Plantation  Tradition décaféiné - 250g","p":2.95,"u":"11,80 €/KG","img":"https://fd11-photos.leclercdrive.fr/image.ashx?id=2607407&use=l&cat=p&typeid=i","cat":284750},{"id":3158,"n":"Café moulu Plantation  doux - 2x250g","p":6.88,"u":"13,76 €/KG","img":"https://fd11-photos.leclercdrive.fr/image.ashx?id=2607428&use=l&cat=p&typeid=i","cat":284750},{"id":3166,"n":"Dessert fruitier pomme Douceur du Verger 16x100g","p":2.8,"u":"1,75 €/KG","img":"https://fd11-photos.leclercdrive.fr/image.ashx?id=3009776&use=l&cat=p&typeid=i","cat":284416},{"id":3169,"n":"Tortellini iTurini Ricotta épinard - 300g","p":1.48,"u":"4,93 €/KG","img":"https://fd11-photos.leclercdrive.fr/image.ashx?id=2846556&use=l&cat=p&typeid=i","cat":333682},{"id":3171,"n":"Tortellini Turini Jambon cru - 250g","p":1.96,"u":"7,84 €/KG","img":"https://fd11-photos.leclercdrive.fr/image.ashx?id=2778039&use=l&cat=p&typeid=i","cat":333682},{"id":3186,"n":"Liquide vaisselle Visior citron 1,5L","p":2.15,"u":"1,43 €/L","img":"https://fd11-photos.leclercdrive.fr/image.ashx?id=2930852&use=l&cat=p&typeid=i","cat":284655},{"id":3192,"n":"Détachant sans javel Textil 2L","p":3.19,"u":"1,60 €/L","img":"https://fd11-photos.leclercdrive.fr/image.ashx?id=2988036&use=l&cat=p&typeid=i","cat":284651},{"id":3193,"n":"Aérosol désodorisant Oust Fraîcheur propre 300ml","p":1.75,"u":"5,83 €/L","img":"https://fd11-photos.leclercdrive.fr/image.ashx?id=1715230&use=l&cat=p&typeid=i","cat":311626},{"id":3200,"n":"Petits pains grillés Epi d'Or  Froment - 225g","p":0.79,"u":"3,51 €/KG","img":"https://fd11-photos.leclercdrive.fr/image.ashx?id=2496410&use=l&cat=p&typeid=i","cat":284479},{"id":3208,"n":"Confiture Allégée aux Fraises Andros - 350g","p":1.65,"u":"4,71 €/KG","img":"https://fd11-photos.leclercdrive.fr/image.ashx?id=2911229&use=l&cat=p&typeid=i","cat":284480},{"id":3215,"n":"Riz long Comptoir du Grain Etuvé - 1kg","p":1.72,"u":"1,72 €/KG","img":"https://fd11-photos.leclercdrive.fr/image.ashx?id=2076640&use=l&cat=p&typeid=i","cat":284428},{"id":3217,"n":"Riz Basmati Comptoir du Grain Sélection Riz long - 500g","p":1.35,"u":"2,70 €/KG","img":"https://fd11-photos.leclercdrive.fr/image.ashx?id=2076643&use=l&cat=p&typeid=i","cat":284428},{"id":3221,"n":"Purée pomme de terre Pom'lisse Nature - 8x125g - 1kg","p":3.19,"u":"3,19 €/KG","img":"https://fd11-photos.leclercdrive.fr/image.ashx?id=2954573&use=l&cat=p&typeid=i","cat":284431},{"id":3223,"n":"Pâtes capellini Panzani 500g","p":1.05,"u":"2,10 €/KG","img":"https://fd11-photos.leclercdrive.fr/image.ashx?id=2876038&use=l&cat=p&typeid=i","cat":284427},{"id":3225,"n":"Pâtes Lasagnes Panzani - 500G","p":1.72,"u":"3,44 €/KG","img":"https://fd11-photos.leclercdrive.fr/image.ashx?id=2896105&use=l&cat=p&typeid=i","cat":284427},{"id":3239,"n":"Biscuit Petit beurre P'tit Déli Tablette chocolat noir - 150g","p":1.37,"u":"9,13 €/KG","img":"https://fd11-photos.leclercdrive.fr/image.ashx?id=2711641&use=l&cat=p&typeid=i","cat":284488},{"id":3240,"n":"Biscuit Petit beurre P'tit Déli Tablette lait noisette - 150g","p":1.61,"u":"10,73 €/KG","img":"https://fd11-photos.leclercdrive.fr/image.ashx?id=2523673&use=l&cat=p&typeid=i","cat":284488},{"id":3253,"n":"Escargots Maître Coquille De Bourgogne x48 - 355g","p":12.99,"u":"36,59 €/KG","img":"https://fd11-photos.leclercdrive.fr/image.ashx?id=1979671&use=l&cat=p&typeid=i","cat":319775},{"id":3255,"n":"Bûche glacée Eskiss Fruits exotiques - 570g","p":3.84,"u":"6,74 €/KG","img":"https://fd11-photos.leclercdrive.fr/image.ashx?id=2791260&use=l&cat=p&typeid=i","cat":284266},{"id":3256,"n":"Bûche glacée Eskiss Crème brulée - 527g","p":3.75,"u":"7,12 €/KG","img":"https://fd11-photos.leclercdrive.fr/image.ashx?id=2791257&use=l&cat=p&typeid=i","cat":284266},{"id":3257,"n":"Bûche glacée Eskiss 3 chocolats - 536g","p":3.49,"u":"6,51 €/KG","img":"https://fd11-photos.leclercdrive.fr/image.ashx?id=2791254&use=l&cat=p&typeid=i","cat":284266},{"id":3258,"n":"Champignons Paris Notre Jardin Pieds et morceaux - 460g","p":2.29,"u":"4,98 €/KG","img":"https://fd11-photos.leclercdrive.fr/image.ashx?id=2553893&use=l&cat=p&typeid=i","cat":312610},{"id":3260,"n":"Noix de Saint Jacques NRT de la baie de St-Brieuc - 300g","p":14.99,"u":"49,97 €/KG","img":"https://fd11-photos.leclercdrive.fr/image.ashx?id=2801064&use=l&cat=p&typeid=i","cat":319787},{"id":3269,"n":"Coeurs de palmiers Notre Jardin Extra tendres - 220g","p":2.27,"u":"10,32 €/KG","img":"https://fd11-photos.leclercdrive.fr/image.ashx?id=2072701&use=l&cat=p&typeid=i","cat":312611},{"id":3271,"n":"Maïs Notre Jardin Tendre - 3x140g","p":1.89,"u":"4,50 €/KG","img":"https://fd11-photos.leclercdrive.fr/image.ashx?id=2074653&use=l&cat=p&typeid=i","cat":312611},{"id":3272,"n":"Asperges blanches grosses Notre Jardin - 320g","p":3.49,"u":"10,91 €/KG","img":"https://fd11-photos.leclercdrive.fr/image.ashx?id=2049016&use=l&cat=p&typeid=i","cat":312611},{"id":3277,"n":"Chips à l'ancienne Pom'lisse Nature - 6x30g","p":1.58,"u":"8,78 €/KG","img":"https://fd11-photos.leclercdrive.fr/image.ashx?id=2657193&use=l&cat=p&typeid=i","cat":284447},{"id":3285,"n":"Vinaigre balsamique Rustica 50cl","p":1.57,"u":"3,14 €/L","img":"https://fd11-photos.leclercdrive.fr/image.ashx?id=2765701&use=l&cat=p&typeid=i","cat":298543},{"id":3288,"n":"Chocolats fourrés Mon Chéri  x35 - 368g","p":11.55,"u":"31,39 €/KG","img":"https://fd11-photos.leclercdrive.fr/image.ashx?id=2945002&use=l&cat=p&typeid=i","cat":327601},{"id":3292,"n":"Tomates pelées Notre Jardin Entières - 238g","p":0.85,"u":"3,57 €/KG","img":"https://fd11-photos.leclercdrive.fr/image.ashx?id=2190002&use=l&cat=p&typeid=i","cat":312608},{"id":3305,"n":"Sauce Provençale Turini 420g","p":0.97,"u":"2,31 €/KG","img":"https://fd11-photos.leclercdrive.fr/image.ashx?id=2047010&use=l&cat=p&typeid=i","cat":287599},{"id":3307,"n":"Cidre bouché Les Goelleries Normand brut 5.5%vol. - 75cl","p":1.79,"u":"2,39 €/L","img":"https://fd11-photos.leclercdrive.fr/image.ashx?id=2842196&use=l&cat=p&typeid=i","cat":334880},{"id":3309,"n":"Pur jus de pomme Jafaden 1L","p":1.34,"u":"1,34 €/L","img":"https://fd11-photos.leclercdrive.fr/image.ashx?id=2955632&use=l&cat=p&typeid=i","cat":284522},{"id":3310,"n":"Pur jus de pomme Bio Village Bio - 1L","p":1.49,"u":"1,49 €/L","img":"https://fd11-photos.leclercdrive.fr/image.ashx?id=2901527&use=l&cat=p&typeid=i","cat":284522},{"id":3311,"n":"Thé glacé Fresh Tea Pêche - 1,5L","p":1.25,"u":"0,83 €/L","img":"https://fd11-photos.leclercdrive.fr/image.ashx?id=2982601&use=l&cat=p&typeid=i","cat":295019},{"id":3316,"n":"Sirop Frucci Grenadine - 1L","p":2.76,"u":"2,76 €/L","img":"https://fd11-photos.leclercdrive.fr/image.ashx?id=2954073&use=l&cat=p&typeid=i","cat":295020},{"id":3320,"n":"Bonbons Werther's Original Mini 42g","p":1.68,"u":"40,00 €/KG","img":"https://fd11-photos.leclercdrive.fr/image.ashx?id=2660167&use=l&cat=p&typeid=i","cat":304252},{"id":3338,"n":"Protège-slips Doulys Mince - Plié - x30","p":1.25,"u":"0,04 €/P","img":"https://fd11-photos.leclercdrive.fr/image.ashx?id=2824129&use=l&cat=p&typeid=i","cat":284625},{"id":3343,"n":"Vodka Poliakov 37.5%vol - 70cl","p":11.08,"u":"15,83 €/L","img":"https://fd11-photos.leclercdrive.fr/image.ashx?id=2810759&use=l&cat=p&typeid=i","cat":284550},{"id":3344,"n":"Nectar Jafaden Banane - 1L","p":2.09,"u":"2,09 €/L","img":"https://fd11-photos.leclercdrive.fr/image.ashx?id=2955701&use=l&cat=p&typeid=i","cat":284915},{"id":3355,"n":"World Mix Haribo Sachet bonbons - 500g","p":2.73,"u":"5,46 €/KG","img":"https://fd11-photos.leclercdrive.fr/image.ashx?id=2805207&use=l&cat=p&typeid=i","cat":304250},{"id":3356,"n":"Banan's Haribo Sachet bonbons - 300g","p":1.41,"u":"4,70 €/KG","img":"https://fd11-photos.leclercdrive.fr/image.ashx?id=1739936&use=l&cat=p&typeid=i","cat":304250},{"id":3359,"n":"Compote Andros Pomme 750g","p":1.48,"u":"1,97 €/KG","img":"https://fd11-photos.leclercdrive.fr/image.ashx?id=2327716&use=l&cat=p&typeid=i","cat":284508},{"id":3361,"n":"Pâtée chats Gourmet gold Mousselines 4x85g","p":1.93,"u":"5,68 €/KG","img":"https://fd11-photos.leclercdrive.fr/image.ashx?id=2711103&use=l&cat=p&typeid=i","cat":285286},{"id":3364,"n":"Huile de douche Manava Bien être oriental 250ml","p":1.16,"u":"4,64 €/L","img":"https://fd11-photos.leclercdrive.fr/image.ashx?id=2809659&use=l&cat=p&typeid=i","cat":284594},{"id":3372,"n":"Terrines Tous Mes Amis Pour chats  3 saveurs - 3x400g","p":3.29,"u":"2,74 €/KG","img":"https://fd11-photos.leclercdrive.fr/image.ashx?id=559162&use=l&cat=p&typeid=i","cat":285601},{"id":3373,"n":"Tortillas Tables du Monde Galettes de blé x8 320g","p":1.71,"u":"5,34 €/KG","img":"https://fd11-photos.leclercdrive.fr/image.ashx?id=2679729&use=l&cat=p&typeid=i","cat":288993},{"id":3376,"n":"Café moulu Bio Village Bio  Pérou - 250g","p":4.21,"u":"16,84 €/KG","img":"https://fd11-photos.leclercdrive.fr/image.ashx?id=2552436&use=l&cat=p&typeid=i","cat":284750},{"id":3395,"n":"Dentifrice Dentamyl Aux plantes 75ml","p":0.94,"u":"12,53 €/L","img":"https://fd11-photos.leclercdrive.fr/image.ashx?id=2489104&use=l&cat=p&typeid=i","cat":284612},{"id":3396,"n":"Dentifrice Dentamyl Haleine fraîche 75ml","p":0.76,"u":"10,13 €/L","img":"https://fd11-photos.leclercdrive.fr/image.ashx?id=2489101&use=l&cat=p&typeid=i","cat":284612},{"id":3401,"n":"Serviette hygiénique Doulys Maxi - Spécial nuit - x12","p":0.95,"u":"0,08 €/P","img":"https://fd11-photos.leclercdrive.fr/image.ashx?id=2838927&use=l&cat=p&typeid=i","cat":284624},{"id":3413,"n":"Asperges blanches Notre Jardin Pointes - 110g","p":2.35,"u":"21,36 €/KG","img":"https://fd11-photos.leclercdrive.fr/image.ashx?id=2049022&use=l&cat=p&typeid=i","cat":312611},{"id":3414,"n":"Asperges vertes Moyennes Notre Jardin - 185g PNE","p":2.08,"u":"11,24 €/KG","img":"https://fd11-photos.leclercdrive.fr/image.ashx?id=2049025&use=l&cat=p&typeid=i","cat":312611},{"id":3415,"n":"Sardines Pêche Océan Huile de tournesol - 3x69g","p":3.18,"u":"15,36 €/KG","img":"https://fd11-photos.leclercdrive.fr/image.ashx?id=2627634&use=l&cat=p&typeid=i","cat":305146},{"id":3416,"n":"Ratatouille Notre Jardin A la provençale - 750g","p":1.29,"u":"1,72 €/KG","img":"https://fd11-photos.leclercdrive.fr/image.ashx?id=2526291&use=l&cat=p&typeid=i","cat":312612},{"id":3424,"n":"Plat moussaka Côté table 850g","p":4.63,"u":"5,45 €/KG","img":"https://fd11-photos.leclercdrive.fr/image.ashx?id=2045175&use=l&cat=p&typeid=i","cat":284254},{"id":3428,"n":"Feuilletés paniers Côté Table St Jacques Fruits de mer 4x100g","p":4.45,"u":"11,13 €/KG","img":"https://fd11-photos.leclercdrive.fr/image.ashx?id=2549379&use=l&cat=p&typeid=i","cat":319776},{"id":3429,"n":"Lasagnes bolognaises Côté table 1kg","p":3.49,"u":"3,49 €/KG","img":"https://fd11-photos.leclercdrive.fr/image.ashx?id=2545628&use=l&cat=p&typeid=i","cat":284254},{"id":3441,"n":"AOP Freixenet Cava Cordon Negro Brut - 75cl","p":5.7,"u":"7,60 €/L","img":"https://fd11-photos.leclercdrive.fr/image.ashx?id=3011929&use=l&cat=p&typeid=i","cat":289461},{"id":3455,"n":"Saumon et torsades Côté Table  Sauce à l'oseille - 300g","p":2.59,"u":"8,63 €/KG","img":"https://fd11-photos.leclercdrive.fr/image.ashx?id=2809075&use=l&cat=p&typeid=i","cat":284953},{"id":3459,"n":"Petit Pois et Carottes Cassegrain 465g","p":2.59,"u":"5,57 €/KG","img":"https://fd11-photos.leclercdrive.fr/image.ashx?id=2912971&use=l&cat=p&typeid=i","cat":312607},{"id":3462,"n":"Pain précuit Epi d'Or Demi-baguette x2 - 300g","p":0.65,"u":"2,17 €/KG","img":"https://fd11-photos.leclercdrive.fr/image.ashx?id=2684814&use=l&cat=p&typeid=i","cat":325069},{"id":3517,"n":"Bonbons Haribo Réglisse Carensac - 250g","p":1.65,"u":"6,60 €/KG","img":"https://fd11-photos.leclercdrive.fr/image.ashx?id=2982405&use=l&cat=p&typeid=i","cat":304250},{"id":3520,"n":"Boîtes chiens Lydog Terrines Viande volaille - 4x405g","p":3.47,"u":"2,14 €/KG","img":"https://fd11-photos.leclercdrive.fr/image.ashx?id=2815746&use=l&cat=p&typeid=i","cat":288578},{"id":3549,"n":"IGP Pays d'Oc rosé J.P. Chenet 12.5% vol - 75cl","p":3.12,"u":"4,16 €/L","img":"https://fd11-photos.leclercdrive.fr/image.ashx?id=2985108&use=l&cat=p&typeid=i","cat":289558},{"id":3550,"n":"AOP Côtes de Provence rosé Billette Bouquet - 75cl","p":5.98,"u":"7,97 €/L","img":"https://fd11-photos.leclercdrive.fr/image.ashx?id=2625433&use=l&cat=p&typeid=i","cat":289558},{"id":3553,"n":"Whisky Chivas Regal 12 ans Blended Scotch 40% vol - 70cl","p":28.9,"pp":26.01,"u":"37,16 €/L","img":"https://fd11-photos.leclercdrive.fr/image.ashx?id=2914444&use=l&cat=p&typeid=i","cat":284547},{"id":3558,"n":"IGP Pays d'Oc rouge J-P Chenet Cabernet-Syrah 13% vol - 75 cl","p":3.12,"u":"4,16 €/L","img":"https://fd11-photos.leclercdrive.fr/image.ashx?id=2810864&use=l&cat=p&typeid=i","cat":289556},{"id":3559,"n":"IGP Pays d'Oc rouge J-P Chenet Merlot HVE - 75 cl","p":3.14,"u":"4,19 €/L","img":"https://fd11-photos.leclercdrive.fr/image.ashx?id=2837157&use=l&cat=p&typeid=i","cat":289556},{"id":3564,"n":"Vin de l'Union Européenne  La Villageoise - 6x25cl","p":4.07,"u":"2,71 €/L","img":"https://fd11-photos.leclercdrive.fr/image.ashx?id=2731651&use=l&cat=p&typeid=i","cat":289557},{"id":3570,"n":"Concentré à diluer Pulco Citron - 70cl","p":2.17,"u":"3,10 €/L","img":"https://fd11-photos.leclercdrive.fr/image.ashx?id=2687845&use=l&cat=p&typeid=i","cat":295020},{"id":3571,"n":"Nectar Jafaden Abricot - 1L","p":2.59,"u":"2,59 €/L","img":"https://fd11-photos.leclercdrive.fr/image.ashx?id=2955713&use=l&cat=p&typeid=i","cat":284915},{"id":3575,"n":"Litière chats Tous mes Amis Végétale - 10L","p":4.39,"u":"0,44 €/L","img":"https://fd11-photos.leclercdrive.fr/image.ashx?id=2055217&use=l&cat=p&typeid=i","cat":284683},{"id":3576,"n":"Litière chats Tous mes Amis Minérale - Hygiénique - 10L","p":4.65,"u":"0,47 €/L","img":"https://fd11-photos.leclercdrive.fr/image.ashx?id=2055211&use=l&cat=p&typeid=i","cat":284683},{"id":3580,"n":"Le Haricot vert Cueilli Main Bonduelle Extra Fin 280g","p":2.39,"u":"8,54 €/KG","img":"https://fd11-photos.leclercdrive.fr/image.ashx?id=2910019&use=l&cat=p&typeid=i","cat":312606},{"id":3584,"n":"Macédoine de Légumes Bonduelle 530g","p":1.53,"u":"2,89 €/KG","img":"https://fd11-photos.leclercdrive.fr/image.ashx?id=2939235&use=l&cat=p&typeid=i","cat":312612},{"id":3587,"n":"AOP Bordeaux rouge Blaissac - 75cl","p":3.75,"u":"5,00 €/L","img":"https://fd11-photos.leclercdrive.fr/image.ashx?id=2917429&use=l&cat=p&typeid=i","cat":289556},{"id":3588,"n":"IGP Pays d'Oc rouge Roche Mazet Cabernet Sauvignon 12.5% 75cl","p":2.93,"u":"3,91 €/L","img":"https://fd11-photos.leclercdrive.fr/image.ashx?id=2333000&use=l&cat=p&typeid=i","cat":289556},{"id":3589,"n":"IGP Pays d'Oc rouge Roche Mazet Merlot - 75cl","p":2.82,"u":"3,76 €/L","img":"https://fd11-photos.leclercdrive.fr/image.ashx?id=2332997&use=l&cat=p&typeid=i","cat":289556},{"id":3590,"n":"IGP Pays d'Oc rosé Roche Mazet Cinsault Grenache 12% vol 75cl","p":2.89,"u":"3,85 €/L","img":"https://fd11-photos.leclercdrive.fr/image.ashx?id=2341510&use=l&cat=p&typeid=i","cat":289558},{"id":3593,"n":"Vin d'Italie rouge pétillant Vilaveroni Lambrusco- 75cl","p":4.05,"u":"5,40 €/L","img":"https://fd11-photos.leclercdrive.fr/image.ashx?id=2333021&use=l&cat=p&typeid=i","cat":289556},{"id":3599,"n":"IGP Pays d'Oc rosé Listel Grain De gris 12.5% vol - 75cl","p":3.43,"u":"4,57 €/L","img":"https://fd11-photos.leclercdrive.fr/image.ashx?id=2556135&use=l&cat=p&typeid=i","cat":289558},{"id":3600,"n":"Miel Lune de Miel Tartimiel 250g","p":2.12,"u":"8,48 €/KG","img":"https://fd11-photos.leclercdrive.fr/image.ashx?id=2662610&use=l&cat=p&typeid=i","cat":287643},{"id":3604,"n":"Allume-feu Silex cubes x28 200g","p":1.11,"u":"5,55 €/KG","img":"https://fd11-photos.leclercdrive.fr/image.ashx?id=2558781&use=l&cat=p&typeid=i","cat":300578},{"id":3610,"n":"Petits pois Notre Jardin A l'étuvée -Extra fins - 3x140g","p":1.57,"u":"3,74 €/KG","img":"https://fd11-photos.leclercdrive.fr/image.ashx?id=2537343&use=l&cat=p&typeid=i","cat":312607},{"id":3617,"n":"Galettes de riz bio Bio Village Complet x17 - 130g","p":0.91,"u":"7,00 €/KG","img":"https://fd11-photos.leclercdrive.fr/image.ashx?id=2816151&use=l&cat=p&typeid=i","cat":318651},{"id":3630,"n":"Filets colin Alaska Pêche océan 4 tranches - MSC - 400g","p":2.49,"u":"6,23 €/KG","img":"https://fd11-photos.leclercdrive.fr/image.ashx?id=2930087&use=l&cat=p&typeid=i","cat":319786},{"id":3633,"n":"Colin d'Alaska Pêche Océan x10 tranches - MSC - 1kg","p":6.25,"u":"6,25 €/KG","img":"https://fd11-photos.leclercdrive.fr/image.ashx?id=2930096&use=l&cat=p&typeid=i","cat":319786},{"id":3640,"n":"Fromage Apéritif Apérivrais  Saveurs de Provence - 100g","p":2.08,"u":"20,80 €/KG","img":"https://fd11-photos.leclercdrive.fr/image.ashx?id=2885348&use=l&cat=p&typeid=i","cat":314027},{"id":3641,"n":"Fromage Apéritif Apérivrais  Saveurs d'Italie - 100g","p":2.08,"u":"20,80 €/KG","img":"https://fd11-photos.leclercdrive.fr/image.ashx?id=2944705&use=l&cat=p&typeid=i","cat":314027},{"id":3651,"n":"Vin du Portugal rosé Mateus - VSIG - 12% vol 75cl","p":4.89,"u":"6,52 €/L","img":"https://fd11-photos.leclercdrive.fr/image.ashx?id=2794619&use=l&cat=p&typeid=i","cat":289558},{"id":3681,"n":"Confit canard 4/5 cuisses Nos Régions ont du Talent 745g","p":15.28,"u":"20,51 €/KG","img":"https://fd11-photos.leclercdrive.fr/image.ashx?id=2723210&use=l&cat=p&typeid=i","cat":305149},{"id":3684,"n":"Eau gazeuse Rozana 6x1L","p":2.65,"u":"0,44 €/L","img":"https://fd11-photos.leclercdrive.fr/image.ashx?id=2870602&use=l&cat=p&typeid=i","cat":284536},{"id":3694,"n":"Pâtes Torti Legumes Panzani - 500G","p":1.25,"u":"2,50 €/KG","img":"https://fd11-photos.leclercdrive.fr/image.ashx?id=2876032&use=l&cat=p&typeid=i","cat":284427},{"id":3699,"n":"Café moulu Bio Village Bio Amérique latine - 250g","p":4.99,"u":"19,96 €/KG","img":"https://fd11-photos.leclercdrive.fr/image.ashx?id=2603713&use=l&cat=p&typeid=i","cat":284750},{"id":3705,"n":"Collants Well Elastivoile Résistant ibiza T3","p":3.7,"img":"https://fd11-photos.leclercdrive.fr/image.ashx?id=2560843&use=l&cat=p&typeid=i","cat":334130},{"id":3712,"n":"Emincé poulet Côté Table Sauce curry - 300g","p":2.02,"u":"6,73 €/KG","img":"https://fd11-photos.leclercdrive.fr/image.ashx?id=2393857&use=l&cat=p&typeid=i","cat":284953},{"id":3713,"n":"Huile d'olive Rustica Vierge extra - 50cl","p":4.8,"u":"9,60 €/L","img":"https://fd11-photos.leclercdrive.fr/image.ashx?id=2930340&use=l&cat=p&typeid=i","cat":284453},{"id":3714,"n":"Serviette hygiénique Doulys Ultra minces - Normal - x16","p":1.03,"u":"0,06 €/P","img":"https://fd11-photos.leclercdrive.fr/image.ashx?id=2838924&use=l&cat=p&typeid=i","cat":284624},{"id":3716,"n":"Pizza cuite sur pierre Turini Royale - 400g","p":1.99,"u":"4,98 €/KG","img":"https://fd11-photos.leclercdrive.fr/image.ashx?id=2815205&use=l&cat=p&typeid=i","cat":284256},{"id":3719,"n":"Gomme Coiffante L'Oréal Paris Effet Remodelable - 150ml","p":3.44,"u":"22,93 €/L","img":"https://fd11-photos.leclercdrive.fr/image.ashx?id=2614194&use=l&cat=p&typeid=i","cat":284609},{"id":3743,"n":"Mini brownie Brossard Chocolat pépites x8 - 240g","p":2.48,"u":"10,33 €/KG","img":"https://fd11-photos.leclercdrive.fr/image.ashx?id=2965100&use=l&cat=p&typeid=i","cat":294776},{"id":3748,"n":"Soufflés Grignot' Tokapi  Saveur Fromage - 90g","p":0.72,"u":"8,00 €/KG","img":"https://fd11-photos.leclercdrive.fr/image.ashx?id=1956625&use=l&cat=p&typeid=i","cat":284449},{"id":3754,"n":"Crackers Tuc Bacon - 100g","p":0.82,"u":"8,20 €/KG","img":"https://fd11-photos.leclercdrive.fr/image.ashx?id=3002198&use=l&cat=p&typeid=i","cat":297000},{"id":3758,"n":"Sachet repas chats Gourmet 4 variétés de filets - 4x85g","p":1.86,"u":"5,47 €/KG","img":"https://fd11-photos.leclercdrive.fr/image.ashx?id=2902274&use=l&cat=p&typeid=i","cat":285286},{"id":3759,"n":"Sachet repas chats Gourmet Filets en sachet - 4x85g","p":1.82,"u":"5,35 €/KG","img":"https://fd11-photos.leclercdrive.fr/image.ashx?id=2902337&use=l&cat=p&typeid=i","cat":285286},{"id":3773,"n":"Feuilletés paniers Côté Table Jambon fromage - 4x100g","p":2.15,"u":"5,38 €/KG","img":"https://fd11-photos.leclercdrive.fr/image.ashx?id=2549382&use=l&cat=p&typeid=i","cat":319776},{"id":3775,"n":"Feuilletés paniers Côté Table Fromage de chèvre - 4x100g","p":2.95,"u":"7,38 €/KG","img":"https://fd11-photos.leclercdrive.fr/image.ashx?id=2549385&use=l&cat=p&typeid=i","cat":319776},{"id":3777,"n":"Légumes couscous Notre jardin 1kg","p":1.99,"u":"1,99 €/KG","img":"https://fd11-photos.leclercdrive.fr/image.ashx?id=2900031&use=l&cat=p&typeid=i","cat":319823},{"id":3784,"n":"Coquilles poisson Côté Table Et fruits de mer x6 - 660g","p":5.35,"u":"8,11 €/KG","img":"https://fd11-photos.leclercdrive.fr/image.ashx?id=2990092&use=l&cat=p&typeid=i","cat":319775},{"id":3785,"n":"Cabillaud MSC Pêche Océan Sans arêtes - x4 tranches 400g","p":5.99,"u":"14,98 €/KG","img":"https://fd11-photos.leclercdrive.fr/image.ashx?id=2930084&use=l&cat=p&typeid=i","cat":319786},{"id":3786,"n":"Poisson pané Pêche Océan MSC - x20 - 1kg","p":6.95,"u":"6,95 €/KG","img":"https://fd11-photos.leclercdrive.fr/image.ashx?id=2930105&use=l&cat=p&typeid=i","cat":319788},{"id":3789,"n":"Pavés de saumon Pêche Océan ASC - 2x125g","p":4.99,"u":"19,96 €/KG","img":"https://fd11-photos.leclercdrive.fr/image.ashx?id=2930102&use=l&cat=p&typeid=i","cat":319786},{"id":3794,"n":"Poisson pané Pêche Océan - MSC Colin d'alaska - x8 - 400g","p":2.78,"u":"6,95 €/KG","img":"https://fd11-photos.leclercdrive.fr/image.ashx?id=2930090&use=l&cat=p&typeid=i","cat":319788},{"id":3795,"n":"Poisson pané Pêche Océan Cabillaud - MSC - x8 400g","p":4.45,"u":"11,13 €/KG","img":"https://fd11-photos.leclercdrive.fr/image.ashx?id=2930093&use=l&cat=p&typeid=i","cat":319788},{"id":3796,"n":"Croquettes poisson Pêche Océan MSC - x6 - 300g","p":1.72,"u":"5,73 €/KG","img":"https://fd11-photos.leclercdrive.fr/image.ashx?id=2856157&use=l&cat=p&typeid=i","cat":319788},{"id":3797,"n":"Brandade morue Côté Table 1kg","p":3.99,"u":"3,99 €/KG","img":"https://fd11-photos.leclercdrive.fr/image.ashx?id=2047028&use=l&cat=p&typeid=i","cat":284254},{"id":3810,"n":"Epinards Notre Jardin Branches A la crème fraîche 1kg","p":2.98,"u":"2,98 €/KG","img":"https://fd11-photos.leclercdrive.fr/image.ashx?id=2873081&use=l&cat=p&typeid=i","cat":319805},{"id":3828,"n":"Pansements Mercurochrome Economiques x20","p":2.03,"img":"https://fd11-photos.leclercdrive.fr/image.ashx?id=2748269&use=l&cat=p&typeid=i","cat":284630},{"id":3844,"n":"Sirop érable Maple Joe Du Canada - 250g","p":3.67,"u":"14,68 €/KG","img":"https://fd11-photos.leclercdrive.fr/image.ashx?id=2656559&use=l&cat=p&typeid=i","cat":287643},{"id":3862,"n":"Cacahuètes grillées Tokapi Salées - 500g","p":1.44,"u":"2,88 €/KG","img":"https://fd11-photos.leclercdrive.fr/image.ashx?id=2795532&use=l&cat=p&typeid=i","cat":284448},{"id":3864,"n":"Jus multifruits Jafaden 12 fruits - 1L","p":1.33,"u":"1,33 €/L","img":"https://fd11-photos.leclercdrive.fr/image.ashx?id=2461387&use=l&cat=p&typeid=i","cat":284917},{"id":3871,"n":"Pain grillé Pelletier Blé complet - 500g","p":1.95,"u":"3,90 €/KG","img":"https://fd11-photos.leclercdrive.fr/image.ashx?id=2345376&use=l&cat=p&typeid=i","cat":284479},{"id":3917,"n":"Viande Bovine Française Charal: Pavé aux 3 poivres x2 - 260g","p":6.37,"u":"24,50 €/KG","img":"https://fd11-photos.leclercdrive.fr/image.ashx?id=2311195&use=l&cat=p&typeid=i","cat":284328},{"id":3922,"n":"Carpaccio au Basilic Charal - 230g","p":6.46,"u":"28,09 €/KG","img":"https://fd11-photos.leclercdrive.fr/image.ashx?id=1933746&use=l&cat=p&typeid=i","cat":284328},{"id":3944,"n":"Jus multifruits Jafaden Briquettes - 6x20cl","p":1.79,"u":"1,49 €/L","img":"https://fd11-photos.leclercdrive.fr/image.ashx?id=2047856&use=l&cat=p&typeid=i","cat":284524},{"id":3946,"n":"Pâtes Barilla Spaghettoni n°7 - 500g","p":0.97,"u":"1,94 €/KG","img":"https://fd11-photos.leclercdrive.fr/image.ashx?id=2392221&use=l&cat=p&typeid=i","cat":284427},{"id":3951,"n":"Sucre vanillé Tablier blanc x10 75g","p":0.79,"u":"10,53 €/KG","img":"https://fd11-photos.leclercdrive.fr/image.ashx?id=2487431&use=l&cat=p&typeid=i","cat":294686},{"id":3955,"n":"Ravioli pur bœuf  Panzani - 400g","p":1.58,"u":"3,95 €/KG","img":"https://fd11-photos.leclercdrive.fr/image.ashx?id=2876050&use=l&cat=p&typeid=i","cat":284442},{"id":3980,"n":"Sauce bolognaise Turini 680g","p":2.44,"u":"3,59 €/KG","img":"https://fd11-photos.leclercdrive.fr/image.ashx?id=2634863&use=l&cat=p&typeid=i","cat":287599},{"id":3981,"n":"Petits pois carottes Extra fins Notre Jardin - 3x130g","p":1.69,"u":"4,33 €/KG","img":"https://fd11-photos.leclercdrive.fr/image.ashx?id=2537346&use=l&cat=p&typeid=i","cat":312607},{"id":3983,"n":"Flageolets verts Notre Jardin Extra fins - 3x130g","p":1.99,"u":"5,10 €/KG","img":"https://fd11-photos.leclercdrive.fr/image.ashx?id=2537352&use=l&cat=p&typeid=i","cat":312606},{"id":3989,"n":"Soda Jean's Cola  2L","p":1.44,"u":"0,72 €/L","img":"https://fd11-photos.leclercdrive.fr/image.ashx?id=2699423&use=l&cat=p&typeid=i","cat":284530},{"id":3991,"n":"Tarte aux 3 fromages Côté Table - 400g","p":2.82,"u":"7,05 €/KG","img":"https://fd11-photos.leclercdrive.fr/image.ashx?id=2791707&use=l&cat=p&typeid=i","cat":284257},{"id":3994,"n":"Tourte Côté Table Champignon jambon - 500g","p":4.99,"u":"9,98 €/KG","img":"https://fd11-photos.leclercdrive.fr/image.ashx?id=2791680&use=l&cat=p&typeid=i","cat":284257},{"id":3996,"n":"Hachis parmentier Côté table 600g","p":3.52,"u":"5,87 €/KG","img":"https://fd11-photos.leclercdrive.fr/image.ashx?id=2045181&use=l&cat=p&typeid=i","cat":284254},{"id":3997,"n":"Hachis parmentier Côté table 1kg","p":4.83,"u":"4,83 €/KG","img":"https://fd11-photos.leclercdrive.fr/image.ashx?id=2045172&use=l&cat=p&typeid=i","cat":284254},{"id":3998,"n":"Frites allumettes Pom'lisse Au four - 600g","p":1.24,"u":"2,07 €/KG","img":"https://fd11-photos.leclercdrive.fr/image.ashx?id=2699666&use=l&cat=p&typeid=i","cat":319791},{"id":3999,"n":"Crêpes Côté Table Champignons x6 - 300g","p":1.88,"u":"6,27 €/KG","img":"https://fd11-photos.leclercdrive.fr/image.ashx?id=2499352&use=l&cat=p&typeid=i","cat":319776},{"id":4000,"n":"Quiche lorraine Côté Table Mini - 8x100g","p":6.5,"u":"8,13 €/KG","img":"https://fd11-photos.leclercdrive.fr/image.ashx?id=2869787&use=l&cat=p&typeid=i","cat":284257},{"id":4001,"n":"Gratin d'aubergines Côté Table 450g","p":3.75,"u":"8,33 €/KG","img":"https://fd11-photos.leclercdrive.fr/image.ashx?id=1983436&use=l&cat=p&typeid=i","cat":319802},{"id":4003,"n":"Coquilles Saint-Jacques NRT baie de St-Brieuc x2 - 200g","p":6.79,"u":"33,95 €/KG","img":"https://fd11-photos.leclercdrive.fr/image.ashx?id=2839956&use=l&cat=p&typeid=i","cat":319775},{"id":4007,"n":"Macédoine légumes Notre jardin 1kg","p":1.77,"u":"1,77 €/KG","img":"https://fd11-photos.leclercdrive.fr/image.ashx?id=2873078&use=l&cat=p&typeid=i","cat":319823},{"id":4008,"n":"Julienne légumes Notre jardin 600g","p":1.38,"u":"2,30 €/KG","img":"https://fd11-photos.leclercdrive.fr/image.ashx?id=2873105&use=l&cat=p&typeid=i","cat":319823},{"id":4009,"n":"Printanière légumes Notre jardin 1kg","p":1.47,"u":"1,47 €/KG","img":"https://fd11-photos.leclercdrive.fr/image.ashx?id=2873033&use=l&cat=p&typeid=i","cat":319823},{"id":4014,"n":"Gratin choux fleurs Côté Table 450g","p":3.72,"u":"8,27 €/KG","img":"https://fd11-photos.leclercdrive.fr/image.ashx?id=1977356&use=l&cat=p&typeid=i","cat":319802},{"id":4021,"n":"Pommes rissolées  Pom'lisse 450g","p":1.09,"u":"2,42 €/KG","img":"https://fd11-photos.leclercdrive.fr/image.ashx?id=2704633&use=l&cat=p&typeid=i","cat":319792},{"id":4022,"n":"Fricassée de poulet Côté table Riz et légumes 900g","p":6.51,"u":"7,23 €/KG","img":"https://fd11-photos.leclercdrive.fr/image.ashx?id=2549370&use=l&cat=p&typeid=i","cat":284254},{"id":4024,"n":"Sauce crudité Rustica Nature - 50cl","p":0.88,"u":"1,76 €/L","img":"https://fd11-photos.leclercdrive.fr/image.ashx?id=1972910&use=l&cat=p&typeid=i","cat":284456},{"id":4025,"n":"Pois chiches Notre Jardin 530g","p":1.19,"u":"2,25 €/KG","img":"https://fd11-photos.leclercdrive.fr/image.ashx?id=2988006&use=l&cat=p&typeid=i","cat":312609},{"id":4028,"n":"Filets poulet rôti Le gaulois 230g","p":4.75,"u":"20,65 €/KG","img":"https://fd11-photos.leclercdrive.fr/image.ashx?id=2686879&use=l&cat=p&typeid=i","cat":284336},{"id":4063,"n":"Cidre bouché Les Goelleries Normand doux 2%vol. - 75cl","p":1.79,"u":"2,39 €/L","img":"https://fd11-photos.leclercdrive.fr/image.ashx?id=2842202&use=l&cat=p&typeid=i","cat":334880},{"id":4101,"n":"Pâtes coquillettes Panzani 1kg","p":1.74,"u":"1,74 €/KG","img":"https://fd11-photos.leclercdrive.fr/image.ashx?id=2873823&use=l&cat=p&typeid=i","cat":284427},{"id":4103,"n":"Compotes Andros Pomme Fraise - 8x100g","p":2.54,"u":"3,18 €/KG","img":"https://fd11-photos.leclercdrive.fr/image.ashx?id=2883940&use=l&cat=p&typeid=i","cat":284416},{"id":4120,"n":"Bouchées chocolatées Mon Chéri Liqueur cerise x16 - 168g","p":3.97,"u":"23,63 €/KG","img":"https://fd11-photos.leclercdrive.fr/image.ashx?id=2964018&use=l&cat=p&typeid=i","cat":327601},{"id":4141,"n":"Infusion Tiséa réglisse menthe x25","p":0.9,"u":"22,50 €/KG","img":"https://fd11-photos.leclercdrive.fr/image.ashx?id=2553908&use=l&cat=p&typeid=i","cat":293234},{"id":4187,"n":"Chou vert 1p","p":1.79,"img":"https://fd11-photos.leclercdrive.fr/image.ashx?id=560851&use=l&cat=p&typeid=i","cat":284352},{"id":4249,"n":"Crème glacée Eskiss Chocolat noir - 494g","p":2.35,"u":"4,76 €/KG","img":"https://fd11-photos.leclercdrive.fr/image.ashx?id=2698162&use=l&cat=p&typeid=i","cat":284263},{"id":4250,"n":"Crème glacée Eskiss Café - 494g","p":2.14,"u":"4,33 €/KG","img":"https://fd11-photos.leclercdrive.fr/image.ashx?id=3002545&use=l&cat=p&typeid=i","cat":284263},{"id":4257,"n":"Flammekueche d'Alsace surgelé NRT - 2x250g","p":4.99,"u":"9,98 €/KG","img":"https://fd11-photos.leclercdrive.fr/image.ashx?id=2779301&use=l&cat=p&typeid=i","cat":284257},{"id":4259,"n":"Pâtes spaghetti Panzani 1kg","p":1.71,"u":"1,71 €/KG","img":"https://fd11-photos.leclercdrive.fr/image.ashx?id=2869555&use=l&cat=p&typeid=i","cat":284427},{"id":4260,"n":"Biscuits sablés P'tit Déli Chocolat au lait - 200g","p":1.19,"u":"5,95 €/KG","img":"https://fd11-photos.leclercdrive.fr/image.ashx?id=2768457&use=l&cat=p&typeid=i","cat":284488},{"id":4290,"n":"Marrons entiers Notre Jardin - 510g","p":5.19,"u":"10,18 €/KG","img":"https://fd11-photos.leclercdrive.fr/image.ashx?id=2263143&use=l&cat=p&typeid=i","cat":312612},{"id":4327,"n":"Collants Well Elastivoile Satiné ibiza T3","p":4.45,"img":"https://fd11-photos.leclercdrive.fr/image.ashx?id=2056383&use=l&cat=p&typeid=i","cat":334130},{"id":4328,"n":"Collants Well Elastivoile Satiné ibiza T4","p":4.45,"img":"https://fd11-photos.leclercdrive.fr/image.ashx?id=2056386&use=l&cat=p&typeid=i","cat":334130},{"id":4367,"n":"Papier toilette Uni Vert Compact écologique - x4","p":3.29,"u":"0,82 €/P","img":"https://fd11-photos.leclercdrive.fr/image.ashx?id=1957072&use=l&cat=p&typeid=i","cat":284634},{"id":4369,"n":"Gel wc menthe pin Uni Vert 750ml","p":1.62,"u":"2,16 €/L","img":"https://fd11-photos.leclercdrive.fr/image.ashx?id=2965446&use=l&cat=p&typeid=i","cat":284662},{"id":4381,"n":"Safran poudre Rustica 3 doses de 0,1g","p":2.96,"img":"https://fd11-photos.leclercdrive.fr/image.ashx?id=2870014&use=l&cat=p&typeid=i","cat":298297},{"id":4412,"n":"Boisson énergisante Red Bull 250ml","p":1.12,"u":"4,48 €/L","img":"https://fd11-photos.leclercdrive.fr/image.ashx?id=2340300&use=l&cat=p&typeid=i","cat":284533},{"id":4420,"n":"Sauce aux Morilles Charal 2 personnes - 120g","p":2.1,"u":"17,50 €/KG","img":"https://fd11-photos.leclercdrive.fr/image.ashx?id=2105023&use=l&cat=p&typeid=i","cat":284382},{"id":4425,"n":"Sauce aux 3 poivres Charal 2 personnes - 120g","p":1.96,"u":"16,33 €/KG","img":"https://fd11-photos.leclercdrive.fr/image.ashx?id=2105014&use=l&cat=p&typeid=i","cat":284382},{"id":4426,"n":"Sauce au Roquefort Charal 2 personnes - 120g","p":1.88,"u":"15,67 €/KG","img":"https://fd11-photos.leclercdrive.fr/image.ashx?id=2881329&use=l&cat=p&typeid=i","cat":284382},{"id":4431,"n":"Plumeaux Clair jetables Avec poignée x5","p":3.03,"img":"https://fd11-photos.leclercdrive.fr/image.ashx?id=2832924&use=l&cat=p&typeid=i","cat":325364},{"id":4458,"n":"Pâtes cheveux d'anges Panzani 500g","p":1.27,"u":"2,54 €/KG","img":"https://fd11-photos.leclercdrive.fr/image.ashx?id=2896069&use=l&cat=p&typeid=i","cat":284427},{"id":4468,"n":"Boisson énergisante Red Bull 4x250ml","p":4.3,"u":"4,30 €/L","img":"https://fd11-photos.leclercdrive.fr/image.ashx?id=3011977&use=l&cat=p&typeid=i","cat":284533},{"id":4469,"n":"Combustible poêle pétrole PTX 2000 20L","p":21.85,"u":"1,09 €/L","img":"https://fd11-photos.leclercdrive.fr/image.ashx?id=2798328&use=l&cat=p&typeid=i","cat":300577},{"id":4497,"n":"Gomme Esquisse Caoutchouc","p":0.5,"img":"https://fd11-photos.leclercdrive.fr/image.ashx?id=2943211&use=l&cat=p&typeid=i","cat":334133},{"id":4499,"n":"Surligneur Esquisse 4 couleurs fluos - x4","p":1.99,"img":"https://fd11-photos.leclercdrive.fr/image.ashx?id=2943208&use=l&cat=p&typeid=i","cat":284696},{"id":4507,"n":"Enveloppes adhésives Eco+ 11x22cm 70g - x100","p":1.73,"u":"0,02 €/P","img":"https://fd11-photos.leclercdrive.fr/image.ashx?id=1699666&use=l&cat=p&typeid=i","cat":284697},{"id":4511,"n":"Pochettes perforées Eco+ 21x29.7cm - x100","p":1.14,"u":"0,01 €/P","img":"https://fd11-photos.leclercdrive.fr/image.ashx?id=2943124&use=l&cat=p&typeid=i","cat":284745},{"id":4512,"n":"Pur jus orange Jafaden Sans pulpe - 1L","p":2.43,"u":"2,43 €/L","img":"https://fd11-photos.leclercdrive.fr/image.ashx?id=2916668&use=l&cat=p&typeid=i","cat":285435},{"id":4515,"n":"Pansements Primoplast Pré-découpés x100","p":2.97,"img":"https://fd11-photos.leclercdrive.fr/image.ashx?id=2856459&use=l&cat=p&typeid=i","cat":284630},{"id":4518,"n":"Pomme de terre de consommation N.Jardin entières, épluch. 500g","p":1.35,"u":"2,70 €/KG","img":"https://fd11-photos.leclercdrive.fr/image.ashx?id=2702618&use=l&cat=p&typeid=i","cat":284352},{"id":4523,"n":"Côte de veau *** à griller           x2 - 360g","p":6.73,"u":"18,69 €/KG","img":"https://fd11-photos.leclercdrive.fr/image.ashx?id=621178&use=l&cat=p&typeid=i","cat":284329},{"id":4524,"n":"Filtre café Eco+ N°4 - x100","p":0.99,"u":"0,01 €/P","img":"https://fd11-photos.leclercdrive.fr/image.ashx?id=2905195&use=l&cat=p&typeid=i","cat":284751},{"id":4543,"n":"Gel Lubrifiant Intime Durex Sensitive base Eau 50ml","p":4.41,"u":"88,20 €/L","img":"https://fd11-photos.leclercdrive.fr/image.ashx?id=2961200&use=l&cat=p&typeid=i","cat":285160},{"id":4566,"n":"Nuggets de poulet Maître coq 1kg","p":5.38,"u":"5,38 €/KG","img":"https://fd11-photos.leclercdrive.fr/image.ashx?id=2877826&use=l&cat=p&typeid=i","cat":333684},{"id":4567,"n":"Panés de poulet Maître Coq 1kg","p":8.45,"u":"8,45 €/KG","img":"https://fd11-photos.leclercdrive.fr/image.ashx?id=2877823&use=l&cat=p&typeid=i","cat":333684},{"id":4570,"n":"Coq'ailes Maître coq Nature - 250g","p":3.11,"u":"12,44 €/KG","img":"https://fd11-photos.leclercdrive.fr/image.ashx?id=2412591&use=l&cat=p&typeid=i","cat":333685},{"id":4583,"n":"Sucre vanillé Vahiné Madagascar - 5x7,5g","p":1.62,"u":"42,63 €/KG","img":"https://fd11-photos.leclercdrive.fr/image.ashx?id=2489190&use=l&cat=p&typeid=i","cat":294686},{"id":4594,"n":"Baguette de campagne 250g","p":0.89,"u":"3,56 €/KG","img":"https://fd11-photos.leclercdrive.fr/image.ashx?id=2062915&use=l&cat=p&typeid=i","cat":284359},{"id":4611,"n":"Stylo correcteur blanc Esquisse 8ml","p":0.99,"img":"https://fd11-photos.leclercdrive.fr/image.ashx?id=1701148&use=l&cat=p&typeid=i","cat":334133},{"id":4621,"n":"Epis de maïs précuits Lunor 400g","p":2.15,"u":"5,38 €/KG","img":"https://fd11-photos.leclercdrive.fr/image.ashx?id=1876658&use=l&cat=p&typeid=i","cat":284352},{"id":4622,"n":"Betterave Notre Jardin En cubes - 500g","p":0.99,"u":"1,98 €/KG","img":"https://fd11-photos.leclercdrive.fr/image.ashx?id=2551621&use=l&cat=p&typeid=i","cat":284352},{"id":4624,"n":"Dattes Couleurs Vives 500g","p":2.75,"u":"5,50 €/KG","img":"https://fd11-photos.leclercdrive.fr/image.ashx?id=2542926&use=l&cat=p&typeid=i","cat":284357},{"id":4625,"n":"Arachides coques Couleurs Vives Grillées - 500g","p":2.34,"u":"4,68 €/KG","img":"https://fd11-photos.leclercdrive.fr/image.ashx?id=2886439&use=l&cat=p&typeid=i","cat":284448},{"id":4626,"n":"Vinaigrette Rustica Nature - 50cl","p":0.88,"u":"1,76 €/L","img":"https://fd11-photos.leclercdrive.fr/image.ashx?id=1972898&use=l&cat=p&typeid=i","cat":284456},{"id":4628,"n":"Moutarde de Dijon Rustica  Fine et forte - 440g","p":1.13,"u":"2,57 €/KG","img":"https://fd11-photos.leclercdrive.fr/image.ashx?id=2954340&use=l&cat=p&typeid=i","cat":288850},{"id":4629,"n":"Moutarde à l'ancienne Rustica Vinaigre - 350g","p":1.12,"u":"3,20 €/KG","img":"https://fd11-photos.leclercdrive.fr/image.ashx?id=2055467&use=l&cat=p&typeid=i","cat":288850},{"id":4630,"n":"Pâté piment d'Espelette NRT Label Rouge - 180g","p":2.39,"u":"13,28 €/KG","img":"https://fd11-photos.leclercdrive.fr/image.ashx?id=2991485&use=l&cat=p&typeid=i","cat":305149},{"id":4640,"n":"Petits pois carottes Notre Jard Extra fins - 420g","p":1.35,"u":"3,21 €/KG","img":"https://fd11-photos.leclercdrive.fr/image.ashx?id=2987943&use=l&cat=p&typeid=i","cat":312607},{"id":4641,"n":"Croquettes chaton Purina One Junior - Poulet/Céréales - 450g","p":2.49,"u":"5,53 €/KG","img":"https://fd11-photos.leclercdrive.fr/image.ashx?id=2499883&use=l&cat=p&typeid=i","cat":284680},{"id":4679,"n":"Gel WC nettoyant Syphon Javel eucalyptus - 750ml","p":0.87,"u":"1,16 €/L","img":"https://fd11-photos.leclercdrive.fr/image.ashx?id=2663359&use=l&cat=p&typeid=i","cat":284662},{"id":4682,"n":"Petits pois Notre Jardin A l'étuvée - Extra fins - 445g","p":1.28,"u":"2,88 €/KG","img":"https://fd11-photos.leclercdrive.fr/image.ashx?id=2987940&use=l&cat=p&typeid=i","cat":312607},{"id":4705,"n":"Champignon de Paris Barquette  500g","p":2.65,"u":"5,30 €/KG","img":"https://fd11-photos.leclercdrive.fr/image.ashx?id=1631898&use=l&cat=p&typeid=i","cat":284352},{"id":4706,"n":"Persil plat la botte  1 p","p":1.2,"img":"https://fd11-photos.leclercdrive.fr/image.ashx?id=563967&use=l&cat=p&typeid=i","cat":293607},{"id":4707,"n":"Boule de campagne tranchée   800g","p":1.9,"u":"2,38 €/KG","img":"https://fd11-photos.leclercdrive.fr/image.ashx?id=2062876&use=l&cat=p&typeid=i","cat":284359},{"id":4727,"n":"Chocolat au lait Tablette d'Or Raisins secs & Noisettes - 200g","p":2.19,"u":"10,95 €/KG","img":"https://fd11-photos.leclercdrive.fr/image.ashx?id=2578629&use=l&cat=p&typeid=i","cat":284497},{"id":4766,"n":"Gazpacho Notre Jardin 1L","p":2.57,"u":"2,57 €/L","img":"https://fd11-photos.leclercdrive.fr/image.ashx?id=2794832&use=l&cat=p&typeid=i","cat":284355},{"id":4844,"n":"Pochettes perforées Esquisse x50","p":1.69,"img":"https://fd11-photos.leclercdrive.fr/image.ashx?id=2943157&use=l&cat=p&typeid=i","cat":284745},{"id":4852,"n":"Thon blanc Petit Navire Au naturel - 140g","p":3.1,"u":"22,14 €/KG","img":"https://fd11-photos.leclercdrive.fr/image.ashx?id=2570996&use=l&cat=p&typeid=i","cat":303867},{"id":4876,"n":"Petits pots bébé NATURNES Carottes 4M+ - 2x130g","p":1.03,"u":"3,96 €/KG","img":"https://fd11-photos.leclercdrive.fr/image.ashx?id=2522398&use=l&cat=p&typeid=i","cat":312234},{"id":4878,"n":"Petits pots bébé NATURNES Petits Pois 4M+ - 2x130g","p":1.03,"u":"3,96 €/KG","img":"https://fd11-photos.leclercdrive.fr/image.ashx?id=2536182&use=l&cat=p&typeid=i","cat":312234},{"id":4879,"n":"Petits pots bébé NATURNES Courgettes 4M+ - 2x130g","p":0.98,"u":"3,77 €/KG","img":"https://fd11-photos.leclercdrive.fr/image.ashx?id=2532249&use=l&cat=p&typeid=i","cat":312234},{"id":4880,"n":"Petits pots bébé NATURNES Epinards 4M+ - 2x130g","p":1.05,"u":"4,04 €/KG","img":"https://fd11-photos.leclercdrive.fr/image.ashx?id=2736973&use=l&cat=p&typeid=i","cat":312234},{"id":4881,"n":"Petits pots bébé NATURNES Potiron 4M+ - 2x130g","p":0.98,"u":"3,77 €/KG","img":"https://fd11-photos.leclercdrive.fr/image.ashx?id=2532252&use=l&cat=p&typeid=i","cat":312234},{"id":4902,"n":"Purée de fruit NATURNES Pomme coing 4M+ - 4x130g","p":2.32,"u":"4,46 €/KG","img":"https://fd11-photos.leclercdrive.fr/image.ashx?id=2478375&use=l&cat=p&typeid=i","cat":312387},{"id":4903,"n":"Purée de fruit NATURNES Pommes Pruneaux 4M+ - 4x130g","p":2.22,"u":"4,27 €/KG","img":"https://fd11-photos.leclercdrive.fr/image.ashx?id=2571770&use=l&cat=p&typeid=i","cat":312387},{"id":4905,"n":"Purée de fruit NATURNES Pomme banane 4M+ - 4x130g","p":2.14,"u":"4,12 €/KG","img":"https://fd11-photos.leclercdrive.fr/image.ashx?id=2599937&use=l&cat=p&typeid=i","cat":312387},{"id":4906,"n":"Purée de fruit NATURNES Pommes Poires 4M+ - 4x130g","p":2.22,"u":"4,27 €/KG","img":"https://fd11-photos.leclercdrive.fr/image.ashx?id=2672551&use=l&cat=p&typeid=i","cat":312387},{"id":4909,"n":"Purée de fruit NATURNES Fruits du soleil 8M+ - 4x130g","p":2.13,"u":"4,10 €/KG","img":"https://fd11-photos.leclercdrive.fr/image.ashx?id=2629647&use=l&cat=p&typeid=i","cat":312388},{"id":4910,"n":"Purée de fruit NATURNES 6M+ Pomme Fraise Myrtilles - 4x130g","p":2.13,"u":"4,10 €/KG","img":"https://fd11-photos.leclercdrive.fr/image.ashx?id=2478399&use=l&cat=p&typeid=i","cat":312388},{"id":4936,"n":"Coussinet d'allaitement Tigex Ultra-absorbants x36","p":6.91,"img":"https://fd11-photos.leclercdrive.fr/image.ashx?id=2355533&use=l&cat=p&typeid=i","cat":289435},{"id":4996,"n":"Cordon bleu Le Gaulois Dinde - 200g","p":2.05,"u":"10,25 €/KG","img":"https://fd11-photos.leclercdrive.fr/image.ashx?id=2860220&use=l&cat=p&typeid=i","cat":333683},{"id":5000,"n":"Frites de poulet Le Gaulois Panées France - 200g","p":2.39,"u":"11,95 €/KG","img":"https://fd11-photos.leclercdrive.fr/image.ashx?id=2261657&use=l&cat=p&typeid=i","cat":333684},{"id":5005,"n":"Rôti filet de dinde le Gaulois 600g","p":8.64,"u":"14,40 €/KG","img":"https://fd11-photos.leclercdrive.fr/image.ashx?id=2263889&use=l&cat=p&typeid=i","cat":284337},{"id":5015,"n":"Yaourts Les Zaros Délisse Fruits panachés - 16x125g","p":2.48,"u":"1,24 €/KG","img":"https://fd11-photos.leclercdrive.fr/image.ashx?id=2970444&use=l&cat=p&typeid=i","cat":284414},{"id":5016,"n":"Yaourts nature Déli'light 0% MG - 12x125g","p":1.91,"u":"1,27 €/KG","img":"https://fd11-photos.leclercdrive.fr/image.ashx?id=2922482&use=l&cat=p&typeid=i","cat":315000},{"id":5017,"n":"Betterave rouge Notre Jardin Entière cuite sous vide - 500g","p":0.72,"u":"1,44 €/KG","img":"https://fd11-photos.leclercdrive.fr/image.ashx?id=2885119&use=l&cat=p&typeid=i","cat":284352},{"id":5018,"n":"Yaourts Délisse Nature - 4x125g","p":0.65,"u":"1,30 €/KG","img":"https://fd11-photos.leclercdrive.fr/image.ashx?id=3003052&use=l&cat=p&typeid=i","cat":284409},{"id":5021,"n":"Crottin de chèvre Les Croisés 23%mg - 2x60g","p":1.78,"u":"14,83 €/KG","img":"https://fd11-photos.leclercdrive.fr/image.ashx?id=2891878&use=l&cat=p&typeid=i","cat":314031},{"id":5022,"n":"Graisse à frire Rustica végétale - 1kg","p":5.77,"u":"5,77 €/KG","img":"https://fd11-photos.leclercdrive.fr/image.ashx?id=2903941&use=l&cat=p&typeid=i","cat":315229},{"id":5023,"n":"Salade composée Notre Jardin Mélée gourmande - 200g","p":0.99,"u":"4,95 €/KG","img":"https://fd11-photos.leclercdrive.fr/image.ashx?id=2718793&use=l&cat=p&typeid=i","cat":284353},{"id":5024,"n":"Viande des grisons Saint Azay 10 tranches - 80g","p":4.09,"u":"51,13 €/KG","img":"https://fd11-photos.leclercdrive.fr/image.ashx?id=2848490&use=l&cat=p&typeid=i","cat":316007},{"id":5025,"n":"Salade Notre Jardin Jeunes pousses - 125g","p":1.49,"u":"11,92 €/KG","img":"https://fd11-photos.leclercdrive.fr/image.ashx?id=2671807&use=l&cat=p&typeid=i","cat":284353},{"id":5026,"n":"Ravioli Turini Boeuf aux oignons - 300g","p":1.53,"u":"5,10 €/KG","img":"https://fd11-photos.leclercdrive.fr/image.ashx?id=2778036&use=l&cat=p&typeid=i","cat":333682},{"id":5028,"n":"Piémontaise Menu Fraîcheur Au jambon - 500g","p":2.2,"u":"4,40 €/KG","img":"https://fd11-photos.leclercdrive.fr/image.ashx?id=2901428&use=l&cat=p&typeid=i","cat":333657},{"id":5029,"n":"Museau de porc Menu Fraîcheur A la lyonnaise - 300g","p":1.99,"u":"6,63 €/KG","img":"https://fd11-photos.leclercdrive.fr/image.ashx?id=2816558&use=l&cat=p&typeid=i","cat":333657},{"id":5031,"n":"Petits chèvres doux Les Croisés 200g","p":2.02,"u":"10,10 €/KG","img":"https://fd11-photos.leclercdrive.fr/image.ashx?id=2927179&use=l&cat=p&typeid=i","cat":314031},{"id":5032,"n":"Pizza Turini Chorizo - 450g","p":2.69,"u":"5,98 €/KG","img":"https://fd11-photos.leclercdrive.fr/image.ashx?id=2987637&use=l&cat=p&typeid=i","cat":333679},{"id":5033,"n":"Galette au blé noir Côté Table Jambon  emmental 195g","p":1.49,"u":"7,64 €/KG","img":"https://fd11-photos.leclercdrive.fr/image.ashx?id=2837729&use=l&cat=p&typeid=i","cat":333672},{"id":5037,"n":"Gésiers de volaille Volandrie 300g","p":2.49,"u":"8,30 €/KG","img":"https://fd11-photos.leclercdrive.fr/image.ashx?id=2814860&use=l&cat=p&typeid=i","cat":284715},{"id":5040,"n":"Yaourts aromatisés 0% Délisse 4 saveurs - 12x125g","p":2.64,"u":"1,76 €/KG","img":"https://fd11-photos.leclercdrive.fr/image.ashx?id=2898829&use=l&cat=p&typeid=i","cat":315000},{"id":5041,"n":"Fromage blanc Déli'light Nature 0% MG - 1kg","p":1.79,"u":"1,79 €/KG","img":"https://fd11-photos.leclercdrive.fr/image.ashx?id=2905213&use=l&cat=p&typeid=i","cat":315000},{"id":5042,"n":"Fromage raclette Les Croisés 3 variétés - 26%mg - 700g","p":9.29,"u":"13,27 €/KG","img":"https://fd11-photos.leclercdrive.fr/image.ashx?id=2791755&use=l&cat=p&typeid=i","cat":314037},{"id":5044,"n":"Fromage à tartiner Les Croisés  Ail et fines herbes 25%mg 150g","p":1.29,"u":"8,60 €/KG","img":"https://fd11-photos.leclercdrive.fr/image.ashx?id=2476122&use=l&cat=p&typeid=i","cat":314029},{"id":5045,"n":"Riz au lait Délisse Vanille - 8x115g","p":2.08,"u":"2,26 €/KG","img":"https://fd11-photos.leclercdrive.fr/image.ashx?id=2489116&use=l&cat=p&typeid=i","cat":284418},{"id":5046,"n":"Roquefort NRT AOP  Fromage de brebis -150g","p":2.99,"u":"19,93 €/KG","img":"https://fd11-photos.leclercdrive.fr/image.ashx?id=2771046&use=l&cat=p&typeid=i","cat":314032},{"id":5047,"n":"Gratte éponge Spontex Sans rinçage x3","p":1.33,"u":"0,44 €/P","img":"https://fd11-photos.leclercdrive.fr/image.ashx?id=2975783&use=l&cat=p&typeid=i","cat":284667},{"id":5050,"n":"Sucre de canne Canadou 70cl","p":2.55,"u":"3,64 €/L","img":"https://fd11-photos.leclercdrive.fr/image.ashx?id=2534587&use=l&cat=p&typeid=i","cat":284551},{"id":5054,"n":"Olives Vertes Dénoyautées  100g","p":0.88,"u":"8,80 €/KG","img":"https://fd11-photos.leclercdrive.fr/image.ashx?id=2923432&use=l&cat=p&typeid=i","cat":284450},{"id":5066,"n":"Amandes décortiquées Sun Apéro 500g","p":7.29,"u":"14,58 €/KG","img":"https://fd11-photos.leclercdrive.fr/image.ashx?id=2692164&use=l&cat=p&typeid=i","cat":284357},{"id":5070,"n":"Whisky Jack Daniel's Old N°7 70cL","p":20.48,"u":"29,26 €/L","img":"https://fd11-photos.leclercdrive.fr/image.ashx?id=2789763&use=l&cat=p&typeid=i","cat":284547},{"id":5073,"n":"Muscat Olympio Samos 75cl","p":4.41,"u":"5,88 €/L","img":"https://fd11-photos.leclercdrive.fr/image.ashx?id=2504077&use=l&cat=p&typeid=i","cat":284913},{"id":5078,"n":"Sucres morceaux Béghin Say n°4 1kg","p":1.67,"u":"1,67 €/KG","img":"https://fd11-photos.leclercdrive.fr/image.ashx?id=2860172&use=l&cat=p&typeid=i","cat":284502},{"id":5079,"n":"Sucre cristal Béghin Say 1kg","p":1.88,"u":"1,88 €/KG","img":"https://fd11-photos.leclercdrive.fr/image.ashx?id=2866343&use=l&cat=p&typeid=i","cat":284502},{"id":5080,"n":"Sucre poudre Béghin Say Etui 1kg","p":1.64,"u":"1,64 €/KG","img":"https://fd11-photos.leclercdrive.fr/image.ashx?id=2866346&use=l&cat=p&typeid=i","cat":284502},{"id":5081,"n":"Sucre poudre Béghin Say 1kg","p":1.75,"u":"1,75 €/KG","img":"https://fd11-photos.leclercdrive.fr/image.ashx?id=2866349&use=l&cat=p&typeid=i","cat":284502},{"id":5082,"n":"Sucre blanc Beghin Say Spécial confiture - 1kg","p":3.03,"u":"3,03 €/KG","img":"https://fd11-photos.leclercdrive.fr/image.ashx?id=2666761&use=l&cat=p&typeid=i","cat":284502},{"id":5083,"n":"Sucre canne Blonvilliers Béghin Say morceaux 1kg","p":2.55,"u":"2,55 €/KG","img":"https://fd11-photos.leclercdrive.fr/image.ashx?id=2962281&use=l&cat=p&typeid=i","cat":284502},{"id":5093,"n":"Haricots blancs demi-secs Paysan Breton - 1kg","p":3.48,"u":"3,48 €/KG","img":"https://fd11-photos.leclercdrive.fr/image.ashx?id=2882436&use=l&cat=p&typeid=i","cat":319805},{"id":5098,"n":"Colle Super Glue 3 Loctite Power gel - 3g","p":2.93,"u":"976,67 €/KG","img":"https://fd11-photos.leclercdrive.fr/image.ashx?id=2020278&use=l&cat=p&typeid=i","cat":300576},{"id":5102,"n":"Cacahuètes Maître Prunille Chouchou sucrées - 500g","p":4.41,"u":"8,82 €/KG","img":"https://fd11-photos.leclercdrive.fr/image.ashx?id=2234018&use=l&cat=p&typeid=i","cat":284357},{"id":5103,"n":"Biscuits Maître Prunille Japonais - 250g","p":3.9,"u":"15,60 €/KG","img":"https://fd11-photos.leclercdrive.fr/image.ashx?id=2234021&use=l&cat=p&typeid=i","cat":316002},{"id":5105,"n":"Croissants aux amandes  2 p","p":2.99,"u":"1,50 €/P","img":"https://fd11-photos.leclercdrive.fr/image.ashx?id=564947&use=l&cat=p&typeid=i","cat":284984},{"id":5110,"n":"Pâtes Coquillettes Turini  1kg","p":1.35,"u":"1,35 €/KG","img":"https://fd11-photos.leclercdrive.fr/image.ashx?id=3013286&use=l&cat=p&typeid=i","cat":284427},{"id":5112,"n":"Chocolat blanc Tablette d'Or Blanc - 2x100g","p":2.23,"u":"11,15 €/KG","img":"https://fd11-photos.leclercdrive.fr/image.ashx?id=2790880&use=l&cat=p&typeid=i","cat":284957},{"id":5117,"n":"Café soluble Plantation Qualité filtre - 200g","p":4.4,"u":"22,00 €/KG","img":"https://fd11-photos.leclercdrive.fr/image.ashx?id=2834269&use=l&cat=p&typeid=i","cat":284843},{"id":5121,"n":"Café moulu Plantation Ethiopie - 250g","p":3.89,"u":"15,56 €/KG","img":"https://fd11-photos.leclercdrive.fr/image.ashx?id=2607434&use=l&cat=p&typeid=i","cat":284750},{"id":5125,"n":"Farine de blé bio T65 Bio Village - 1kg","p":0.99,"u":"0,99 €/KG","img":"https://fd11-photos.leclercdrive.fr/image.ashx?id=2448418&use=l&cat=p&typeid=i","cat":284503},{"id":5126,"n":"Riz long Comptoir du Grain Cuisson rapide 10min - 1kg","p":1.69,"u":"1,69 €/KG","img":"https://fd11-photos.leclercdrive.fr/image.ashx?id=2997934&use=l&cat=p&typeid=i","cat":284428},{"id":5128,"n":"Chips Pom'lisse Bolognaise - 135g","p":1.29,"u":"9,56 €/KG","img":"https://fd11-photos.leclercdrive.fr/image.ashx?id=2919604&use=l&cat=p&typeid=i","cat":284447},{"id":5132,"n":"Croûtons Epi d'Or Nature - 2x90g","p":0.99,"u":"5,50 €/KG","img":"https://fd11-photos.leclercdrive.fr/image.ashx?id=2606037&use=l&cat=p&typeid=i","cat":284464},{"id":5139,"n":"Pommes Gala  2kg","p":2.99,"u":"1,50 €/KG","img":"https://fd11-photos.leclercdrive.fr/image.ashx?id=1630927&use=l&cat=p&typeid=i","cat":284356},{"id":5142,"n":"Feutres de coloriage Esquisse Lavable Pointe moyenne x12","p":1.29,"img":"https://fd11-photos.leclercdrive.fr/image.ashx?id=2943151&use=l&cat=p&typeid=i","cat":284696},{"id":5143,"n":"Chemises carton Esquisse A4 - lot de 3","p":1.65,"img":"https://fd11-photos.leclercdrive.fr/image.ashx?id=2943154&use=l&cat=p&typeid=i","cat":284745},{"id":5147,"n":"Crayons de couleur Esquisse x12","p":0.99,"img":"https://fd11-photos.leclercdrive.fr/image.ashx?id=2943163&use=l&cat=p&typeid=i","cat":284696},{"id":5148,"n":"Crayon à papier HB Esquisse x4","p":0.69,"img":"https://fd11-photos.leclercdrive.fr/image.ashx?id=1678399&use=l&cat=p&typeid=i","cat":284696},{"id":5152,"n":"Papier dessin blanc Esquisse 24 feuilles 180g/m² 24x32cm","p":2.75,"img":"https://fd11-photos.leclercdrive.fr/image.ashx?id=1678688&use=l&cat=p&typeid=i","cat":284697},{"id":5155,"n":"Mini Gomme Esquisse Plastique x2","p":0.59,"u":"0,30 €/P","img":"https://fd11-photos.leclercdrive.fr/image.ashx?id=2943220&use=l&cat=p&typeid=i","cat":334133},{"id":5156,"n":"Répertoire 180 pages Esquisse Petits carreaux 17x22cm","p":2.99,"img":"https://fd11-photos.leclercdrive.fr/image.ashx?id=1928818&use=l&cat=p&typeid=i","cat":284697},{"id":5160,"n":"Pur jus de fruits Tropicana Réveil fruité - 1,5L","p":3.58,"u":"2,39 €/L","img":"https://fd11-photos.leclercdrive.fr/image.ashx?id=2606400&use=l&cat=p&typeid=i","cat":284521},{"id":5193,"n":"Croissants pur beurre 10x1p","p":4.9,"u":"0,49 €/P","img":"https://fd11-photos.leclercdrive.fr/image.ashx?id=565287&use=l&cat=p&typeid=i","cat":284984},{"id":5195,"n":"Pains au chocolat pur beurre  10x1 p","p":5.5,"u":"0,55 €/P","img":"https://fd11-photos.leclercdrive.fr/image.ashx?id=2070959&use=l&cat=p&typeid=i","cat":284984},{"id":5211,"n":"Navet 500g","p":1.99,"u":"3,98 €/KG","img":"https://fd11-photos.leclercdrive.fr/image.ashx?id=1632545&use=l&cat=p&typeid=i","cat":284352},{"id":5227,"n":"Pâtes Lustucru coquillettes Oeufs frais - 250g","p":0.94,"u":"3,76 €/KG","img":"https://fd11-photos.leclercdrive.fr/image.ashx?id=2519474&use=l&cat=p&typeid=i","cat":284427},{"id":5228,"n":"Pâtes Lustucru spaghetti courts Oeufs frais - 250g","p":0.94,"u":"3,76 €/KG","img":"https://fd11-photos.leclercdrive.fr/image.ashx?id=2519477&use=l&cat=p&typeid=i","cat":284427},{"id":5248,"n":"Yaourts aux fruits Délisse Panaché de fruits - 12x125g","p":3.39,"u":"2,26 €/KG","img":"https://fd11-photos.leclercdrive.fr/image.ashx?id=2658575&use=l&cat=p&typeid=i","cat":284410},{"id":5249,"n":"Spécialité laitière Délisse 0% Morceaux - 6 saveurs - 8x125g","p":2.39,"u":"2,39 €/KG","img":"https://fd11-photos.leclercdrive.fr/image.ashx?id=2946448&use=l&cat=p&typeid=i","cat":315000},{"id":5250,"n":"Crème glacée Eskiss Pistache avec éclats - 494g","p":2.51,"u":"5,08 €/KG","img":"https://fd11-photos.leclercdrive.fr/image.ashx?id=2982586&use=l&cat=p&typeid=i","cat":284263},{"id":5253,"n":"Pansements Primoplast Spécial Articulations x30","p":1.59,"img":"https://fd11-photos.leclercdrive.fr/image.ashx?id=2832912&use=l&cat=p&typeid=i","cat":284630},{"id":5255,"n":"Croc Côté Croc Poulet Fromage x2 - 200g","p":1.54,"u":"7,70 €/KG","img":"https://fd11-photos.leclercdrive.fr/image.ashx?id=2967549&use=l&cat=p&typeid=i","cat":333683},{"id":5261,"n":"Fromage blanc Délisse Nature 7.8% MG - 8x100g","p":2.89,"u":"3,61 €/KG","img":"https://fd11-photos.leclercdrive.fr/image.ashx?id=3012812&use=l&cat=p&typeid=i","cat":284409},{"id":5264,"n":"Crème glacée Eskiss Fraise avec morceaux - 494g","p":2.84,"u":"5,75 €/KG","img":"https://fd11-photos.leclercdrive.fr/image.ashx?id=2982598&use=l&cat=p&typeid=i","cat":284263},{"id":5265,"n":"Piémontaise Menu Fraîcheur  Au jambon - 300g","p":1.59,"u":"5,30 €/KG","img":"https://fd11-photos.leclercdrive.fr/image.ashx?id=2901425&use=l&cat=p&typeid=i","cat":333657},{"id":5271,"n":"Betteraves Menu Fraîcheur  Rouge en dés - 300g","p":1.19,"u":"3,97 €/KG","img":"https://fd11-photos.leclercdrive.fr/image.ashx?id=2552418&use=l&cat=p&typeid=i","cat":333657},{"id":5277,"n":"Yaourts Pâtissiers Délisse Spécialités gourmandes-12x125g","p":3.17,"u":"2,11 €/KG","img":"https://fd11-photos.leclercdrive.fr/image.ashx?id=2501667&use=l&cat=p&typeid=i","cat":314999},{"id":5279,"n":"Actifidus Delisse Nature - 4x125g","p":0.85,"u":"1,70 €/KG","img":"https://fd11-photos.leclercdrive.fr/image.ashx?id=2431107&use=l&cat=p&typeid=i","cat":315000},{"id":5281,"n":"Yaourts Petits Délis Chocolat - 6x100g","p":1.91,"u":"3,18 €/KG","img":"https://fd11-photos.leclercdrive.fr/image.ashx?id=2865188&use=l&cat=p&typeid=i","cat":284414},{"id":5284,"n":"Foies de volaille Volandrie confits - 300g","p":2.7,"u":"9,00 €/KG","img":"https://fd11-photos.leclercdrive.fr/image.ashx?id=2814857&use=l&cat=p&typeid=i","cat":284715},{"id":5285,"n":"Escalope Normande Côté Croc x2 - 200g","p":1.78,"u":"8,90 €/KG","img":"https://fd11-photos.leclercdrive.fr/image.ashx?id=2488353&use=l&cat=p&typeid=i","cat":333683},{"id":5288,"n":"Crème dessert Petits Délis Chocolat et lait - 6x70g","p":1.3,"u":"3,10 €/KG","img":"https://fd11-photos.leclercdrive.fr/image.ashx?id=2572061&use=l&cat=p&typeid=i","cat":285041},{"id":5289,"n":"Torti au surimi Menu Fraîcheur 300g","p":1.7,"u":"5,67 €/KG","img":"https://fd11-photos.leclercdrive.fr/image.ashx?id=2965443&use=l&cat=p&typeid=i","cat":333657},{"id":5291,"n":"Cordon bleu Côté Croc Dinde - 400g","p":3.67,"u":"9,18 €/KG","img":"https://fd11-photos.leclercdrive.fr/image.ashx?id=2915116&use=l&cat=p&typeid=i","cat":333683},{"id":5293,"n":"Biscuits apéritifs Tokapi 3 saveurs - 100g","p":0.79,"u":"7,90 €/KG","img":"https://fd11-photos.leclercdrive.fr/image.ashx?id=2885768&use=l&cat=p&typeid=i","cat":284449},{"id":5296,"n":"Crème dessert Délisse Chocolat blanc - 4x125g","p":1.36,"u":"2,72 €/KG","img":"https://fd11-photos.leclercdrive.fr/image.ashx?id=2753475&use=l&cat=p&typeid=i","cat":285041},{"id":5308,"n":"Biscuits Mini Rollos Pépito Chocolat au lait - 225g","p":1.82,"u":"8,09 €/KG","img":"https://fd11-photos.leclercdrive.fr/image.ashx?id=3014407&use=l&cat=p&typeid=i","cat":284488},{"id":5310,"n":"Petits pois d'aucy  Extra-fins - 560g","p":1.6,"u":"2,86 €/KG","img":"https://fd11-photos.leclercdrive.fr/image.ashx?id=2426361&use=l&cat=p&typeid=i","cat":312607},{"id":5311,"n":"Petits pois carottes d'Aucy A l'étuvée - Extra fins - 530g","p":1.65,"u":"3,11 €/KG","img":"https://fd11-photos.leclercdrive.fr/image.ashx?id=2426364&use=l&cat=p&typeid=i","cat":312607},{"id":5317,"n":"Lentilles cuisinées Raynal Et Roquelaure - 410g","p":1.22,"u":"2,98 €/KG","img":"https://fd11-photos.leclercdrive.fr/image.ashx?id=2928396&use=l&cat=p&typeid=i","cat":312609},{"id":5318,"n":"Biscuits galettes St Michel 130g","p":0.86,"u":"6,62 €/KG","img":"https://fd11-photos.leclercdrive.fr/image.ashx?id=2986149&use=l&cat=p&typeid=i","cat":284487},{"id":5321,"n":"Chocolat poudre Benco 400g","p":2.23,"u":"5,58 €/KG","img":"https://fd11-photos.leclercdrive.fr/image.ashx?id=2871805&use=l&cat=p&typeid=i","cat":293235},{"id":5325,"n":"Confiture Bonne Maman Fraise - 370g","p":1.7,"u":"4,59 €/KG","img":"https://fd11-photos.leclercdrive.fr/image.ashx?id=2474984&use=l&cat=p&typeid=i","cat":284480},{"id":5339,"n":"Fruits au sirop St Mamet Cocktail - 500g","p":3.81,"u":"7,62 €/KG","img":"https://fd11-photos.leclercdrive.fr/image.ashx?id=2412435&use=l&cat=p&typeid=i","cat":284507},{"id":5342,"n":"Soda Canada Dry Ginger Ale 1,5L","p":1.81,"u":"1,21 €/L","img":"https://fd11-photos.leclercdrive.fr/image.ashx?id=2654674&use=l&cat=p&typeid=i","cat":284531},{"id":5362,"n":"Vin mousseux Charles Volner Brut - 12%vol. - 75cl","p":3.17,"u":"4,23 €/L","img":"https://fd11-photos.leclercdrive.fr/image.ashx?id=1592052&use=l&cat=p&typeid=i","cat":284544},{"id":5364,"n":"Fromage blanc Délisse Nature 7% MG - 1kg","p":2.39,"u":"2,39 €/KG","img":"https://fd11-photos.leclercdrive.fr/image.ashx?id=2834999&use=l&cat=p&typeid=i","cat":284409},{"id":5369,"n":"Légumes couscous Notre Jardin 800g","p":1.49,"u":"1,86 €/KG","img":"https://fd11-photos.leclercdrive.fr/image.ashx?id=2854213&use=l&cat=p&typeid=i","cat":312612},{"id":5385,"n":"Lait coco Tables du Monde 200ml","p":0.86,"u":"4,30 €/L","img":"https://fd11-photos.leclercdrive.fr/image.ashx?id=2920172&use=l&cat=p&typeid=i","cat":288992},{"id":5386,"n":"Biscuit Petit beurre P'tit Déli Tablette chocolat lait - 150g","p":1.29,"u":"8,60 €/KG","img":"https://fd11-photos.leclercdrive.fr/image.ashx?id=2711644&use=l&cat=p&typeid=i","cat":284488},{"id":5387,"n":"Boisson soja Calcium Végé 1L Végé - 200g","p":0.93,"u":"0,93 €/L","img":"https://fd11-photos.leclercdrive.fr/image.ashx?id=2859155&use=l&cat=p&typeid=i","cat":316067},{"id":5391,"n":"Yaourts à boire Délisse 3 parfums - 6x180g","p":2.39,"u":"2,21 €/KG","img":"https://fd11-photos.leclercdrive.fr/image.ashx?id=2757924&use=l&cat=p&typeid=i","cat":284415},{"id":5393,"n":"Fromage blanc Délisse Framboise 5.5% MG - 500g","p":2.39,"u":"4,78 €/KG","img":"https://fd11-photos.leclercdrive.fr/image.ashx?id=3012821&use=l&cat=p&typeid=i","cat":284409},{"id":5396,"n":"Bain de bouche Dentamyl Multi Protection - 500ml","p":1.89,"u":"3,78 €/L","img":"https://fd11-photos.leclercdrive.fr/image.ashx?id=2500806&use=l&cat=p&typeid=i","cat":284613},{"id":5399,"n":"Pur jus d'orange Bio Village Bio sans pulpe - 1L","p":2.45,"u":"2,45 €/L","img":"https://fd11-photos.leclercdrive.fr/image.ashx?id=2901521&use=l&cat=p&typeid=i","cat":284521},{"id":5405,"n":"Saucisse sèche d'Auvergne  NRT - 300g","p":5.74,"u":"19,13 €/KG","img":"https://fd11-photos.leclercdrive.fr/image.ashx?id=2991473&use=l&cat=p&typeid=i","cat":316006},{"id":5406,"n":"Saucisson sec d'Auvergne IGP Nos Régions ont du Talent 300g","p":5.54,"u":"18,47 €/KG","img":"https://fd11-photos.leclercdrive.fr/image.ashx?id=2991476&use=l&cat=p&typeid=i","cat":316006},{"id":5407,"n":"Coquillettes d'Alsace NRT 250g","p":1.39,"u":"5,56 €/KG","img":"https://fd11-photos.leclercdrive.fr/image.ashx?id=2839977&use=l&cat=p&typeid=i","cat":284427},{"id":5449,"n":"Boîte chat Whiskas Terrine du marché - 4x400g","p":4.43,"u":"2,77 €/KG","img":"https://fd11-photos.leclercdrive.fr/image.ashx?id=2759619&use=l&cat=p&typeid=i","cat":285601},{"id":5465,"n":"Eau de source de Montagne 6x50cl","p":1.68,"u":"0,56 €/L","img":"https://fd11-photos.leclercdrive.fr/image.ashx?id=2727614&use=l&cat=p&typeid=i","cat":284535},{"id":5472,"n":"Biscuits barquettes P'tit Déli Fraise - 2x120g","p":1.66,"u":"6,92 €/KG","img":"https://fd11-photos.leclercdrive.fr/image.ashx?id=2691168&use=l&cat=p&typeid=i","cat":284489},{"id":5498,"n":"Comté des terroirs Entremont 200g","p":3.46,"u":"17,30 €/KG","img":"https://fd11-photos.leclercdrive.fr/image.ashx?id=2474245&use=l&cat=p&typeid=i","cat":314034},{"id":5501,"n":"Sel La Baleine  Fin iodé 125g","p":0.35,"u":"2,80 €/KG","img":"https://fd11-photos.leclercdrive.fr/image.ashx?id=2019879&use=l&cat=p&typeid=i","cat":284457},{"id":5509,"n":"Pâtes Torsades Turini 1kg","p":1.29,"u":"1,29 €/KG","img":"https://fd11-photos.leclercdrive.fr/image.ashx?id=2980456&use=l&cat=p&typeid=i","cat":284427},{"id":5511,"n":"Sparadrap Primoplast Peaux délicates 5mx2.5cm","p":1.48,"img":"https://fd11-photos.leclercdrive.fr/image.ashx?id=2856426&use=l&cat=p&typeid=i","cat":284630},{"id":5515,"n":"Vin mousseux d'Union Européenne  brut  -75cl","p":2.99,"u":"3,99 €/L","img":"https://fd11-photos.leclercdrive.fr/image.ashx?id=2807279&use=l&cat=p&typeid=i","cat":284544},{"id":5517,"n":"Canapés toasts Epi d'Or Nature - 280g","p":1.12,"u":"4,00 €/KG","img":"https://fd11-photos.leclercdrive.fr/image.ashx?id=1859140&use=l&cat=p&typeid=i","cat":285454},{"id":5526,"n":"Fromage Bleu d'Auvergne NRT  AOP - 125g","p":1.39,"u":"11,12 €/KG","img":"https://fd11-photos.leclercdrive.fr/image.ashx?id=2771040&use=l&cat=p&typeid=i","cat":314032},{"id":5529,"n":"Croquettes petits chiens Ultima  Poulet - Yorkshire - 800g","p":2.94,"u":"3,68 €/KG","img":"https://fd11-photos.leclercdrive.fr/image.ashx?id=2922224&use=l&cat=p&typeid=i","cat":294526},{"id":5534,"n":"Copies doubles Esquisse Perforées  21x29.7cm- 300 pages","p":2.49,"img":"https://fd11-photos.leclercdrive.fr/image.ashx?id=2943202&use=l&cat=p&typeid=i","cat":284697},{"id":5535,"n":"Feuilles simples Esquisse 90g A4 - 300 pages","p":2.49,"u":"0,01 €/P","img":"https://fd11-photos.leclercdrive.fr/image.ashx?id=2943205&use=l&cat=p&typeid=i","cat":284697},{"id":5536,"n":"Biscuits Pockitos Pépito Chocolat au lait - 295g","p":3.27,"u":"11,08 €/KG","img":"https://fd11-photos.leclercdrive.fr/image.ashx?id=3001955&use=l&cat=p&typeid=i","cat":284488},{"id":5545,"n":"Garniture Bouchées à la reine Petit Jean - 400g","p":2.18,"u":"5,45 €/KG","img":"https://fd11-photos.leclercdrive.fr/image.ashx?id=2677240&use=l&cat=p&typeid=i","cat":284441},{"id":5563,"n":"Biscuits P'tit Déli Délimousse 175g","p":1.51,"u":"8,63 €/KG","img":"https://fd11-photos.leclercdrive.fr/image.ashx?id=2540936&use=l&cat=p&typeid=i","cat":284495},{"id":5564,"n":"Lingettes nettoyantes Clair Vitres 3en1 x20","p":0.87,"u":"0,04 €/P","img":"https://fd11-photos.leclercdrive.fr/image.ashx?id=2858827&use=l&cat=p&typeid=i","cat":325363},{"id":5573,"n":"Quenelles Côté Table volaille Sauce champignons 400g","p":1.75,"u":"4,38 €/KG","img":"https://fd11-photos.leclercdrive.fr/image.ashx?id=2977135&use=l&cat=p&typeid=i","cat":284441},{"id":5574,"n":"Quenelles Côté Table saumon Sauce crevette 400g","p":1.8,"u":"4,50 €/KG","img":"https://fd11-photos.leclercdrive.fr/image.ashx?id=2977138&use=l&cat=p&typeid=i","cat":284441},{"id":5575,"n":"Compote Douceur du Verger Gourdes Pomme - 12x90g","p":2.7,"u":"2,50 €/KG","img":"https://fd11-photos.leclercdrive.fr/image.ashx?id=2837033&use=l&cat=p&typeid=i","cat":284508},{"id":5576,"n":"Biscuits choco barre P'tit Déli Chocolat lait 295g","p":2.64,"u":"8,95 €/KG","img":"https://fd11-photos.leclercdrive.fr/image.ashx?id=2618229&use=l&cat=p&typeid=i","cat":284488},{"id":5578,"n":"Cuillers à pâtisserie  P'tit Déli 300g","p":2.49,"u":"8,30 €/KG","img":"https://fd11-photos.leclercdrive.fr/image.ashx?id=2046352&use=l&cat=p&typeid=i","cat":284487},{"id":5581,"n":"Chewing-gum sans sucre Freedent Menthe verte 5x10 dragées 70g","p":2.16,"img":"https://fd11-photos.leclercdrive.fr/image.ashx?id=2325482&use=l&cat=p&typeid=i","cat":304251},{"id":5582,"n":"Chewing-gum Freedent white Fruits sans sucre x50 - 70g","p":2.11,"u":"30,14 €/KG","img":"https://fd11-photos.leclercdrive.fr/image.ashx?id=2237283&use=l&cat=p&typeid=i","cat":304251},{"id":5600,"n":"Pâté Hénaff 78g","p":1.23,"u":"15,77 €/KG","img":"https://fd11-photos.leclercdrive.fr/image.ashx?id=2280516&use=l&cat=p&typeid=i","cat":305149},{"id":5612,"n":"Eau de source Cristaline 6x1,5L","p":1.1,"u":"0,12 €/L","img":"https://fd11-photos.leclercdrive.fr/image.ashx?id=2389449&use=l&cat=p&typeid=i","cat":284535},{"id":5621,"n":"Chips crevette Tokapi 50g","p":0.65,"u":"13,00 €/KG","img":"https://fd11-photos.leclercdrive.fr/image.ashx?id=3013573&use=l&cat=p&typeid=i","cat":288992},{"id":5622,"n":"Croquettes chiens Lydog Spécial Forme - Volaille - 4kg","p":4.99,"u":"1,25 €/KG","img":"https://fd11-photos.leclercdrive.fr/image.ashx?id=2191117&use=l&cat=p&typeid=i","cat":284672},{"id":5627,"n":"Lasagnes bolognaise Côté Table 1kg","p":4.14,"u":"4,14 €/KG","img":"https://fd11-photos.leclercdrive.fr/image.ashx?id=2570915&use=l&cat=p&typeid=i","cat":333666},{"id":5630,"n":"Papier toilette blanc Mimosa Ultra doux maxi rouleau - x12","p":5.4,"u":"0,45 €/P","img":"https://fd11-photos.leclercdrive.fr/image.ashx?id=2794862&use=l&cat=p&typeid=i","cat":284634},{"id":5633,"n":"Soufflés Grignot' Tokapi Cacahuète - 90g","p":0.7,"u":"7,78 €/KG","img":"https://fd11-photos.leclercdrive.fr/image.ashx?id=2049223&use=l&cat=p&typeid=i","cat":284449},{"id":5681,"n":"Baguette Tradition           250g","p":0.82,"u":"3,28 €/KG","img":"https://fd11-photos.leclercdrive.fr/image.ashx?id=2442057&use=l&cat=p&typeid=i","cat":284359},{"id":5683,"n":"Champignon de Paris  250g","p":0.99,"u":"3,96 €/KG","img":"https://fd11-photos.leclercdrive.fr/image.ashx?id=1631910&use=l&cat=p&typeid=i","cat":284352},{"id":5802,"n":"Lait entier Vitamine D Lactel UHT Bouteille - 6x1l","p":10.35,"u":"1,73 €/L","img":"https://fd11-photos.leclercdrive.fr/image.ashx?id=2889427&use=l&cat=p&typeid=i","cat":285610},{"id":5816,"n":"Rillettes de thon Cap Océan MSC 150g","p":1.88,"u":"12,53 €/KG","img":"https://fd11-photos.leclercdrive.fr/image.ashx?id=2668440&use=l&cat=p&typeid=i","cat":285191},{"id":5817,"n":"Rillettes de saumon Cap ocean 150g","p":1.88,"u":"12,53 €/KG","img":"https://fd11-photos.leclercdrive.fr/image.ashx?id=2985147&use=l&cat=p&typeid=i","cat":285191},{"id":5823,"n":"Lait demi-écrémé Lactel Vitamine D Bouteille - 6x50cl","p":5.88,"u":"1,96 €/L","img":"https://fd11-photos.leclercdrive.fr/image.ashx?id=2993403&use=l&cat=p&typeid=i","cat":284377},{"id":5833,"n":"Biscuits Cuillers P'tit Déli Dégustation x20 - 200g","p":2.49,"u":"12,45 €/KG","img":"https://fd11-photos.leclercdrive.fr/image.ashx?id=1856164&use=l&cat=p&typeid=i","cat":284487},{"id":5834,"n":"Saumon fumé Rondes des Mers ASC Norvège x8T - 300g","p":12.09,"u":"40,30 €/KG","img":"https://fd11-photos.leclercdrive.fr/image.ashx?id=2833090&use=l&cat=p&typeid=i","cat":285188},{"id":5838,"n":"Petit salé Côté Table lentilles A l'auvergnate 420g","p":2.27,"u":"5,40 €/KG","img":"https://fd11-photos.leclercdrive.fr/image.ashx?id=2977123&use=l&cat=p&typeid=i","cat":284441},{"id":5842,"n":"Mélange exotique Couleurs Vives 250g","p":2.23,"u":"8,92 €/KG","img":"https://fd11-photos.leclercdrive.fr/image.ashx?id=2691102&use=l&cat=p&typeid=i","cat":284448},{"id":5844,"n":"Saumon Ronde des Mers Tranches pour toasts - 80g","p":4.59,"u":"57,38 €/KG","img":"https://fd11-photos.leclercdrive.fr/image.ashx?id=2449972&use=l&cat=p&typeid=i","cat":285188},{"id":5846,"n":"Saumon fumé Ronde des Mers Ecosse x8T - 300g","p":12.29,"u":"40,97 €/KG","img":"https://fd11-photos.leclercdrive.fr/image.ashx?id=2449981&use=l&cat=p&typeid=i","cat":285188},{"id":5850,"n":"Couscous Côté Table Poulet merguez 450g","p":2.7,"u":"6,00 €/KG","img":"https://fd11-photos.leclercdrive.fr/image.ashx?id=1936608&use=l&cat=p&typeid=i","cat":333665},{"id":5865,"n":"Actifidus Délisse Noix de coco - 4x125g","p":1.38,"u":"2,76 €/KG","img":"https://fd11-photos.leclercdrive.fr/image.ashx?id=2421039&use=l&cat=p&typeid=i","cat":315000},{"id":5866,"n":"Actifidus Délisse Vanille - 12x125g","p":2.58,"u":"1,72 €/KG","img":"https://fd11-photos.leclercdrive.fr/image.ashx?id=2751877&use=l&cat=p&typeid=i","cat":315000},{"id":5871,"n":"Yaourts à boire DéliUp' Délisse Fraise - 10x100g","p":2.87,"u":"2,87 €/KG","img":"https://fd11-photos.leclercdrive.fr/image.ashx?id=1871092&use=l&cat=p&typeid=i","cat":284415},{"id":5873,"n":"Beignets crevettes Tables du Monde x6 140g","p":2.06,"u":"14,71 €/KG","img":"https://fd11-photos.leclercdrive.fr/image.ashx?id=2865053&use=l&cat=p&typeid=i","cat":333673},{"id":5876,"n":"Court-bouillon Rustica 150g","p":1.25,"u":"8,33 €/KG","img":"https://fd11-photos.leclercdrive.fr/image.ashx?id=1743584&use=l&cat=p&typeid=i","cat":288379},{"id":5877,"n":"Petit pot de crème Délisse Chocolat - 8x100g","p":3.57,"u":"4,46 €/KG","img":"https://fd11-photos.leclercdrive.fr/image.ashx?id=2544970&use=l&cat=p&typeid=i","cat":285041},{"id":5880,"n":"Yaourts mousse Petits Délis Fruits - 6x74g","p":1.77,"u":"3,99 €/KG","img":"https://fd11-photos.leclercdrive.fr/image.ashx?id=2907057&use=l&cat=p&typeid=i","cat":284414},{"id":5891,"n":"Tzatziki Tables du Monde 200g","p":1.59,"u":"7,95 €/KG","img":"https://fd11-photos.leclercdrive.fr/image.ashx?id=2872255&use=l&cat=p&typeid=i","cat":315999},{"id":5895,"n":"Tripes mode de caen NRT 600g","p":3.99,"u":"6,65 €/KG","img":"https://fd11-photos.leclercdrive.fr/image.ashx?id=2723198&use=l&cat=p&typeid=i","cat":284441},{"id":5896,"n":"Litière rongeurs P'tit Ami 15L","p":1.32,"u":"0,09 €/L","img":"https://fd11-photos.leclercdrive.fr/image.ashx?id=2162198&use=l&cat=p&typeid=i","cat":284677},{"id":5898,"n":"Litière rongeurs P'tit Ami 60L","p":4.2,"u":"0,07 €/L","img":"https://fd11-photos.leclercdrive.fr/image.ashx?id=2162204&use=l&cat=p&typeid=i","cat":284677},{"id":5901,"n":"Filtre à café Melitta 1x4 Original - x40","p":0.79,"u":"0,02 €/P","img":"https://fd11-photos.leclercdrive.fr/image.ashx?id=2882053&use=l&cat=p&typeid=i","cat":284751},{"id":5907,"n":"Haricots beurre d'aucy Extra-fins - 440g","p":1.88,"u":"4,27 €/KG","img":"https://fd11-photos.leclercdrive.fr/image.ashx?id=2431536&use=l&cat=p&typeid=i","cat":312606},{"id":5909,"n":"Mini gâches briochettes NRT Pur beurre x8 - 360g","p":2.07,"u":"5,75 €/KG","img":"https://fd11-photos.leclercdrive.fr/image.ashx?id=2670416&use=l&cat=p&typeid=i","cat":284478},{"id":5911,"n":"Sel fin Cérébos 250g","p":0.84,"u":"3,36 €/KG","img":"https://fd11-photos.leclercdrive.fr/image.ashx?id=2904173&use=l&cat=p&typeid=i","cat":284457},{"id":5912,"n":"Sel fin iodé Cérébos 500g","p":0.53,"u":"1,06 €/KG","img":"https://fd11-photos.leclercdrive.fr/image.ashx?id=2522095&use=l&cat=p&typeid=i","cat":284457},{"id":5917,"n":"Boule de pain tranchée 400g","p":0.99,"u":"2,48 €/KG","img":"https://fd11-photos.leclercdrive.fr/image.ashx?id=2062891&use=l&cat=p&typeid=i","cat":284359},{"id":5951,"n":"Ravioli bolognaise   Panzani - 800g","p":3.45,"u":"4,31 €/KG","img":"https://fd11-photos.leclercdrive.fr/image.ashx?id=2876062&use=l&cat=p&typeid=i","cat":284442},{"id":5952,"n":"Couscous Grain Moyen Ferrero - 1kg","p":2.32,"u":"2,32 €/KG","img":"https://fd11-photos.leclercdrive.fr/image.ashx?id=2744740&use=l&cat=p&typeid=i","cat":284429},{"id":5954,"n":"Café moulu San Marco Arabica - 2x250g","p":10.49,"u":"20,98 €/KG","img":"https://fd11-photos.leclercdrive.fr/image.ashx?id=2645510&use=l&cat=p&typeid=i","cat":284750},{"id":6003,"n":"Collants Well Elastivoile Résistant ibiza T1","p":3.7,"img":"https://fd11-photos.leclercdrive.fr/image.ashx?id=2538638&use=l&cat=p&typeid=i","cat":334130},{"id":6004,"n":"Collants Well Elastivoile Résistant ibiza T2","p":3.7,"img":"https://fd11-photos.leclercdrive.fr/image.ashx?id=2560840&use=l&cat=p&typeid=i","cat":334130},{"id":6006,"n":"Collants Well Elastivoile Résistant noir T2","p":3.7,"img":"https://fd11-photos.leclercdrive.fr/image.ashx?id=2056542&use=l&cat=p&typeid=i","cat":334130},{"id":6024,"n":"Tarte aux pommes 4/6 parts  1 p","p":3.99,"img":"https://fd11-photos.leclercdrive.fr/image.ashx?id=569875&use=l&cat=p&typeid=i","cat":284360},{"id":6031,"n":"Mi-bas Well Elastivoile Résistant noir taille U x2","p":3.45,"img":"https://fd11-photos.leclercdrive.fr/image.ashx?id=2664677&use=l&cat=p&typeid=i","cat":334130},{"id":6032,"n":"Mi-bas Well Elastivoile Ibiza taille TU x2","p":3.45,"img":"https://fd11-photos.leclercdrive.fr/image.ashx?id=2282958&use=l&cat=p&typeid=i","cat":334130},{"id":6035,"n":"Sauce tomate bio Jardin Bio' Provençale - 200g","p":1.4,"u":"7,00 €/KG","img":"https://fd11-photos.leclercdrive.fr/image.ashx?id=3014494&use=l&cat=p&typeid=i","cat":287599},{"id":6037,"n":"Ratatouille Jardin Bio' A la provençale bio - 650g","p":2.72,"u":"4,18 €/KG","img":"https://fd11-photos.leclercdrive.fr/image.ashx?id=2903230&use=l&cat=p&typeid=i","cat":312612},{"id":6048,"n":"Sauce tomate Jardin Bio' Bio Basilic - 200g","p":1.36,"u":"6,80 €/KG","img":"https://fd11-photos.leclercdrive.fr/image.ashx?id=2967848&use=l&cat=p&typeid=i","cat":287599},{"id":6049,"n":"Ravioli Jardin Bio Bio légumes - 675g","p":3.15,"u":"4,67 €/KG","img":"https://fd11-photos.leclercdrive.fr/image.ashx?id=2534878&use=l&cat=p&typeid=i","cat":284442},{"id":6058,"n":"Spaguetti Jardin Bio Bio quinoa tomate - 500g","p":1.97,"u":"3,94 €/KG","img":"https://fd11-photos.leclercdrive.fr/image.ashx?id=3002108&use=l&cat=p&typeid=i","cat":284427},{"id":6067,"n":"Huile d'olive Bio Village Bio Vierge extra - 75cl","p":7.47,"u":"9,96 €/L","img":"https://fd11-photos.leclercdrive.fr/image.ashx?id=3005697&use=l&cat=p&typeid=i","cat":284453},{"id":6069,"n":"Pâtes Coquillettes Bio Village Bio - 500g","p":0.84,"u":"1,68 €/KG","img":"https://fd11-photos.leclercdrive.fr/image.ashx?id=2625364&use=l&cat=p&typeid=i","cat":284427},{"id":6070,"n":"Pâtes tagliatelles Bio Village Bio - 250g","p":1.65,"u":"6,60 €/KG","img":"https://fd11-photos.leclercdrive.fr/image.ashx?id=1986832&use=l&cat=p&typeid=i","cat":284427},{"id":6073,"n":"Crème fraîche bio Bio village Epaisse - 30% MG - 20cl","p":1.17,"u":"5,85 €/L","img":"https://fd11-photos.leclercdrive.fr/image.ashx?id=1975047&use=l&cat=p&typeid=i","cat":284381},{"id":6075,"n":"Quinoa Bio Village Bio - 500g","p":3.25,"u":"6,50 €/KG","img":"https://fd11-photos.leclercdrive.fr/image.ashx?id=2245755&use=l&cat=p&typeid=i","cat":284429},{"id":6076,"n":"Cookies chocolat Bio Village Bio 200g","p":2.74,"u":"13,70 €/KG","img":"https://fd11-photos.leclercdrive.fr/image.ashx?id=2400523&use=l&cat=p&typeid=i","cat":325066},{"id":6078,"n":"Yaourts lait brebis nature Bio Bio village - 2x125g","p":1.42,"u":"5,68 €/KG","img":"https://fd11-photos.leclercdrive.fr/image.ashx?id=2841959&use=l&cat=p&typeid=i","cat":314998},{"id":6085,"n":"Jus de fruits Tropicana Multivitamines - 1,5L","p":3.35,"u":"2,23 €/L","img":"https://fd11-photos.leclercdrive.fr/image.ashx?id=2605818&use=l&cat=p&typeid=i","cat":284917},{"id":6089,"n":"Pâtes Blé complet Barilla Spaghetti Integrale - 500g","p":1.15,"u":"2,30 €/KG","img":"https://fd11-photos.leclercdrive.fr/image.ashx?id=2986951&use=l&cat=p&typeid=i","cat":284427},{"id":6105,"n":"Biscuits apéritif Lay's 3D's Goût Nature Sel - 85g","p":0.79,"u":"9,29 €/KG","img":"https://fd11-photos.leclercdrive.fr/image.ashx?id=2917417&use=l&cat=p&typeid=i","cat":284449},{"id":6106,"n":"Biscuits apéritif Lay's 3D's Goût Fromage - 85g","p":0.8,"u":"9,41 €/KG","img":"https://fd11-photos.leclercdrive.fr/image.ashx?id=2923672&use=l&cat=p&typeid=i","cat":284449},{"id":6152,"n":"Pâtes gansettes Panzani 500g","p":1.12,"u":"2,24 €/KG","img":"https://fd11-photos.leclercdrive.fr/image.ashx?id=2876017&use=l&cat=p&typeid=i","cat":284427},{"id":6153,"n":"Pâtes Macaroni Panzani 1kg","p":1.75,"u":"1,75 €/KG","img":"https://fd11-photos.leclercdrive.fr/image.ashx?id=2876026&use=l&cat=p&typeid=i","cat":284427},{"id":6154,"n":"Pâtes farfalle Panzani 500g","p":1.04,"u":"2,08 €/KG","img":"https://fd11-photos.leclercdrive.fr/image.ashx?id=2884300&use=l&cat=p&typeid=i","cat":284427},{"id":6155,"n":"Pâtes Torti Panzani 3 Minutes - 500G","p":1.16,"u":"2,32 €/KG","img":"https://fd11-photos.leclercdrive.fr/image.ashx?id=2896084&use=l&cat=p&typeid=i","cat":284427},{"id":6169,"n":"Fromage apéritif Apéricube Nature 24 cubes","p":2.13,"u":"17,04 €/KG","img":"https://fd11-photos.leclercdrive.fr/image.ashx?id=2883447&use=l&cat=p&typeid=i","cat":314027},{"id":6185,"n":"Sucre glace Béghin Say 500g","p":1.91,"u":"3,82 €/KG","img":"https://fd11-photos.leclercdrive.fr/image.ashx?id=2593608&use=l&cat=p&typeid=i","cat":284502},{"id":6188,"n":"Boisson lactée Candy'UP Fraise - 6x20cl","p":2.67,"u":"2,23 €/L","img":"https://fd11-photos.leclercdrive.fr/image.ashx?id=2485629&use=l&cat=p&typeid=i","cat":295246},{"id":6196,"n":"AOP Côtes du Rhône rouge Prestige Cellier Dauphins 75cl","p":3.13,"u":"4,17 €/L","img":"https://fd11-photos.leclercdrive.fr/image.ashx?id=2490533&use=l&cat=p&typeid=i","cat":289556},{"id":6199,"n":"Beurre Moulé Paysan Breton Demi-sel - 80%MG - 250g","p":3.2,"u":"12,80 €/KG","img":"https://fd11-photos.leclercdrive.fr/image.ashx?id=2947844&use=l&cat=p&typeid=i","cat":284379},{"id":6218,"n":"Fromage blanc Déli'light aux Fruits - 0% mg - 8x100g","p":2.89,"u":"3,61 €/KG","img":"https://fd11-photos.leclercdrive.fr/image.ashx?id=1693640&use=l&cat=p&typeid=i","cat":315000},{"id":6223,"n":"Fromage Maroilles AOP  Nos Régions ont du Talent 200g","p":2.69,"u":"13,45 €/KG","img":"https://fd11-photos.leclercdrive.fr/image.ashx?id=2411892&use=l&cat=p&typeid=i","cat":329558},{"id":6242,"n":"Café soluble Plantation Qualité filtre - 100g","p":2.75,"u":"27,50 €/KG","img":"https://fd11-photos.leclercdrive.fr/image.ashx?id=2834272&use=l&cat=p&typeid=i","cat":284843},{"id":6249,"n":"Céleri Menu Fraîcheur  Rémoulade - 500g","p":1.58,"u":"3,16 €/KG","img":"https://fd11-photos.leclercdrive.fr/image.ashx?id=2820107&use=l&cat=p&typeid=i","cat":333657},{"id":6254,"n":"Salade Coleslaw Menu Fraîcheur  300g","p":1.19,"u":"3,97 €/KG","img":"https://fd11-photos.leclercdrive.fr/image.ashx?id=2645891&use=l&cat=p&typeid=i","cat":333657},{"id":6256,"n":"Pizza Turini Jambon champignons - 450g","p":2.73,"u":"6,07 €/KG","img":"https://fd11-photos.leclercdrive.fr/image.ashx?id=2709734&use=l&cat=p&typeid=i","cat":333679},{"id":6276,"n":"Part de flan  2x1p","p":3.1,"u":"1,55 €/P","img":"https://fd11-photos.leclercdrive.fr/image.ashx?id=572782&use=l&cat=p&typeid=i","cat":284360},{"id":6281,"n":"Croissants pur beurre x4   200g","p":1.8,"u":"9,00 €/KG","img":"https://fd11-photos.leclercdrive.fr/image.ashx?id=572842&use=l&cat=p&typeid=i","cat":284984},{"id":6287,"n":"Gland  2x1 p","p":2.5,"u":"1,25 €/P","img":"https://fd11-photos.leclercdrive.fr/image.ashx?id=572944&use=l&cat=p&typeid=i","cat":284360},{"id":6291,"n":"Semoule fine Panzani 500g","p":1.09,"u":"2,18 €/KG","img":"https://fd11-photos.leclercdrive.fr/image.ashx?id=2745559&use=l&cat=p&typeid=i","cat":284429},{"id":6314,"n":"Pansements Primoplast Peaux sensibles x30","p":0.88,"img":"https://fd11-photos.leclercdrive.fr/image.ashx?id=2832918&use=l&cat=p&typeid=i","cat":284630},{"id":6316,"n":"Escalope de poulet Côté Croc À la Bolognaise x2 - 200g","p":2.13,"u":"10,65 €/KG","img":"https://fd11-photos.leclercdrive.fr/image.ashx?id=2814420&use=l&cat=p&typeid=i","cat":333683},{"id":6343,"n":"Garniture de céleris  Notre Jardin - 250g","p":0.99,"u":"3,96 €/KG","img":"https://fd11-photos.leclercdrive.fr/image.ashx?id=2529534&use=l&cat=p&typeid=i","cat":312612},{"id":6344,"n":"Boules soufflées Tokapi  Fromage - 50g","p":0.58,"u":"11,60 €/KG","img":"https://fd11-photos.leclercdrive.fr/image.ashx?id=2885762&use=l&cat=p&typeid=i","cat":284449},{"id":6350,"n":"Eponges Mamison couleur Super absorbantes x3","p":1.22,"u":"0,41 €/P","img":"https://fd11-photos.leclercdrive.fr/image.ashx?id=2458049&use=l&cat=p&typeid=i","cat":284667},{"id":6354,"n":"Miel Nid d'Abeille Crémeux - 500 g","p":3.92,"u":"7,84 €/KG","img":"https://fd11-photos.leclercdrive.fr/image.ashx?id=2676534&use=l&cat=p&typeid=i","cat":287643},{"id":6355,"n":"AOC Clairette de Die doux Rives et Terrasses - 75cl","p":5.29,"u":"7,05 €/L","img":"https://fd11-photos.leclercdrive.fr/image.ashx?id=2753369&use=l&cat=p&typeid=i","cat":284544},{"id":6357,"n":"Chorizo doux Saint Azay 30 tranches - 150g","p":2.09,"u":"13,93 €/KG","img":"https://fd11-photos.leclercdrive.fr/image.ashx?id=1873710&use=l&cat=p&typeid=i","cat":316007},{"id":6358,"n":"Gel nettoyant wc javel Syphon Agrumes 750ml","p":0.89,"u":"1,19 €/L","img":"https://fd11-photos.leclercdrive.fr/image.ashx?id=2669696&use=l&cat=p&typeid=i","cat":284662},{"id":6359,"n":"Croûtons Epi d'Or Fromage - 90g","p":0.99,"u":"11,00 €/KG","img":"https://fd11-photos.leclercdrive.fr/image.ashx?id=2651783&use=l&cat=p&typeid=i","cat":284464},{"id":6360,"n":"Croûtons Epi d'Or  Oignon - 90g","p":0.99,"u":"11,00 €/KG","img":"https://fd11-photos.leclercdrive.fr/image.ashx?id=2640986&use=l&cat=p&typeid=i","cat":284464},{"id":6362,"n":"Mélange Gourmand Tokapi  Graines et raisins - 120g","p":1.29,"u":"10,75 €/KG","img":"https://fd11-photos.leclercdrive.fr/image.ashx?id=2795547&use=l&cat=p&typeid=i","cat":284448},{"id":6364,"n":"Fromage Reblochon de Savoie NRT AOP - 450g","p":6.25,"u":"13,89 €/KG","img":"https://fd11-photos.leclercdrive.fr/image.ashx?id=2663809&use=l&cat=p&typeid=i","cat":314037},{"id":6365,"n":"Galettes sarrasin NRT de Bretagne 230g","p":1.79,"u":"7,78 €/KG","img":"https://fd11-photos.leclercdrive.fr/image.ashx?id=2770259&use=l&cat=p&typeid=i","cat":333672},{"id":6380,"n":"Sauce roquefort Knorr 30cl","p":3.29,"u":"10,97 €/L","img":"https://fd11-photos.leclercdrive.fr/image.ashx?id=2468749&use=l&cat=p&typeid=i","cat":288381},{"id":6391,"n":"Compotes Andros Pomme poire 750g","p":1.74,"u":"2,32 €/KG","img":"https://fd11-photos.leclercdrive.fr/image.ashx?id=2396117&use=l&cat=p&typeid=i","cat":284508},{"id":6392,"n":"Compotes Andros Pomme vanille 750g","p":1.72,"u":"2,29 €/KG","img":"https://fd11-photos.leclercdrive.fr/image.ashx?id=2396120&use=l&cat=p&typeid=i","cat":284508},{"id":6434,"n":"Eau gazeuse Cristaline 6x1,5L","p":1.68,"u":"0,19 €/L","img":"https://fd11-photos.leclercdrive.fr/image.ashx?id=2694602&use=l&cat=p&typeid=i","cat":284536},{"id":6437,"n":"Fromage P'tit Louis  Filet 8 Portions - 160g","p":2.64,"u":"16,50 €/KG","img":"https://fd11-photos.leclercdrive.fr/image.ashx?id=2845994&use=l&cat=p&typeid=i","cat":314030},{"id":6447,"n":"Bonbons Mentos  Fruits 4 rouleaux - 152g","p":1.51,"u":"9,93 €/KG","img":"https://fd11-photos.leclercdrive.fr/image.ashx?id=2659561&use=l&cat=p&typeid=i","cat":304256},{"id":6448,"n":"Petits pois carottes Très fins  Notre Jardin -A l'étuvée - 265g","p":0.95,"u":"3,58 €/KG","img":"https://fd11-photos.leclercdrive.fr/image.ashx?id=2987973&use=l&cat=p&typeid=i","cat":312607},{"id":6452,"n":"Flan Délisse Vanille Caramel - 12x100g","p":1.89,"u":"1,58 €/KG","img":"https://fd11-photos.leclercdrive.fr/image.ashx?id=2851637&use=l&cat=p&typeid=i","cat":284420},{"id":6455,"n":"Soufflés Snacks Tokapi Bacon - 60g","p":0.48,"u":"8,00 €/KG","img":"https://fd11-photos.leclercdrive.fr/image.ashx?id=2625062&use=l&cat=p&typeid=i","cat":284449},{"id":6467,"n":"Pâtes Macaroni Turini 1kg","p":1.35,"u":"1,35 €/KG","img":"https://fd11-photos.leclercdrive.fr/image.ashx?id=2607377&use=l&cat=p&typeid=i","cat":284427},{"id":6472,"n":"Miel L'Apiculteur crémeux  et onctueux- 500g","p":5.45,"u":"10,90 €/KG","img":"https://fd11-photos.leclercdrive.fr/image.ashx?id=2854387&use=l&cat=p&typeid=i","cat":287643},{"id":6484,"n":"Alcool modifié Mercurochrome 70° - 200ml","p":1.85,"u":"9,25 €/L","img":"https://fd11-photos.leclercdrive.fr/image.ashx?id=2663974&use=l&cat=p&typeid=i","cat":284630},{"id":6486,"n":"Biscuits apéritif Lay's 3D's Goût Bacon - 85g","p":0.78,"u":"9,18 €/KG","img":"https://fd11-photos.leclercdrive.fr/image.ashx?id=2917414&use=l&cat=p&typeid=i","cat":284449},{"id":6488,"n":"Sucre cristal Béghin Say 5kg","p":8.91,"u":"1,78 €/KG","img":"https://fd11-photos.leclercdrive.fr/image.ashx?id=2866340&use=l&cat=p&typeid=i","cat":284502},{"id":6496,"n":"Sauce au Beurre Blan KNORR Échalote - Brique 30cl","p":1.37,"u":"4,57 €/L","img":"https://fd11-photos.leclercdrive.fr/image.ashx?id=2915991&use=l&cat=p&typeid=i","cat":288381},{"id":6511,"n":"Pâtes Spaghetti Turini 1kg","p":1.35,"u":"1,35 €/KG","img":"https://fd11-photos.leclercdrive.fr/image.ashx?id=2980447&use=l&cat=p&typeid=i","cat":284427},{"id":6512,"n":"Riz long Comptoir du Grain Sachet cuisson rapide x4 - 500g","p":1.25,"u":"2,50 €/KG","img":"https://fd11-photos.leclercdrive.fr/image.ashx?id=2118454&use=l&cat=p&typeid=i","cat":284428},{"id":6514,"n":"Margarine Nat & vie Idéal cuisson - 500g","p":1.29,"u":"2,58 €/KG","img":"https://fd11-photos.leclercdrive.fr/image.ashx?id=2881223&use=l&cat=p&typeid=i","cat":315229},{"id":6516,"n":"Gâteaux P'tit Déli Pépites au chocolat 5x30g","p":1.02,"u":"6,80 €/KG","img":"https://fd11-photos.leclercdrive.fr/image.ashx?id=1986647&use=l&cat=p&typeid=i","cat":284495},{"id":6519,"n":"Soufflés Frites Tokapi Salé - 80g","p":0.65,"u":"8,13 €/KG","img":"https://fd11-photos.leclercdrive.fr/image.ashx?id=2486074&use=l&cat=p&typeid=i","cat":284449},{"id":6521,"n":"Pâtes chinoises Tables du Monde 250g","p":1.19,"u":"4,76 €/KG","img":"https://fd11-photos.leclercdrive.fr/image.ashx?id=2572058&use=l&cat=p&typeid=i","cat":288992},{"id":6523,"n":"Champignons Paris Notre Jardin Emincés - 2x115g","p":1.71,"u":"7,43 €/KG","img":"https://fd11-photos.leclercdrive.fr/image.ashx?id=2991124&use=l&cat=p&typeid=i","cat":312610},{"id":6524,"n":"Dessert fruitier pomme Douceur du Verger 8x100g","p":1.69,"u":"2,11 €/KG","img":"https://fd11-photos.leclercdrive.fr/image.ashx?id=2042442&use=l&cat=p&typeid=i","cat":284416},{"id":6525,"n":"Serviette hygiénique Doulys Ultra - Super+ - x12","p":0.9,"u":"0,08 €/P","img":"https://fd11-photos.leclercdrive.fr/image.ashx?id=2838918&use=l&cat=p&typeid=i","cat":284624},{"id":6526,"n":"Serviette hygiénique Doulys Ultra - Spécial nuit - x10","p":1.29,"u":"0,13 €/P","img":"https://fd11-photos.leclercdrive.fr/image.ashx?id=2838921&use=l&cat=p&typeid=i","cat":284624},{"id":6568,"n":"Tarte au citron 6/8 parts  1 p","p":5.5,"img":"https://fd11-photos.leclercdrive.fr/image.ashx?id=576844&use=l&cat=p&typeid=i","cat":284360},{"id":6580,"n":"Fromage de chévre Les Croisés 150g","p":1.42,"u":"9,47 €/KG","img":"https://fd11-photos.leclercdrive.fr/image.ashx?id=2978510&use=l&cat=p&typeid=i","cat":314031},{"id":6630,"n":"Pâtes torsettes Turini Les 3 min - 500g","p":0.82,"u":"1,64 €/KG","img":"https://fd11-photos.leclercdrive.fr/image.ashx?id=2607467&use=l&cat=p&typeid=i","cat":284427},{"id":6633,"n":"Eau déminéralisée 5L","p":1.09,"u":"0,22 €/L","img":"https://fd11-photos.leclercdrive.fr/image.ashx?id=2277020&use=l&cat=p&typeid=i","cat":284653},{"id":6648,"n":"Boîte chocolats Ferrero Rocher x28 pralines - 350g","p":11.94,"u":"34,11 €/KG","img":"https://fd11-photos.leclercdrive.fr/image.ashx?id=2952884&use=l&cat=p&typeid=i","cat":327600},{"id":6678,"n":"Pain au seigle non tranché   300g","p":1.2,"u":"4,00 €/KG","img":"https://fd11-photos.leclercdrive.fr/image.ashx?id=2062900&use=l&cat=p&typeid=i","cat":284359},{"id":6681,"n":"Persil frisé la botte  1p","p":1.2,"img":"https://fd11-photos.leclercdrive.fr/image.ashx?id=578632&use=l&cat=p&typeid=i","cat":293607},{"id":6689,"n":"Pain aux figues  300g","p":1.6,"u":"5,33 €/KG","img":"https://fd11-photos.leclercdrive.fr/image.ashx?id=2062903&use=l&cat=p&typeid=i","cat":284359},{"id":6697,"n":"Collants Well Elastivoile Résistant noir T1","p":3.7,"img":"https://fd11-photos.leclercdrive.fr/image.ashx?id=2056539&use=l&cat=p&typeid=i","cat":334130},{"id":6712,"n":"Spray nettoyant vitres Clair 750ml","p":1.29,"u":"1,72 €/L","img":"https://fd11-photos.leclercdrive.fr/image.ashx?id=2943623&use=l&cat=p&typeid=i","cat":325363},{"id":6715,"n":"Assiette charcuterie Saint Azay 200g","p":3.11,"u":"15,55 €/KG","img":"https://fd11-photos.leclercdrive.fr/image.ashx?id=2417734&use=l&cat=p&typeid=i","cat":316007},{"id":6780,"n":"Ail semoule Ducros 60g","p":1.53,"u":"25,50 €/KG","img":"https://fd11-photos.leclercdrive.fr/image.ashx?id=2498672&use=l&cat=p&typeid=i","cat":298297},{"id":6782,"n":"Cannelle en bâton Ducros 10g","p":1.82,"u":"182,00 €/KG","img":"https://fd11-photos.leclercdrive.fr/image.ashx?id=1748573&use=l&cat=p&typeid=i","cat":298297},{"id":6788,"n":"Herbes de provence Ducros 18g","p":0.9,"u":"50,00 €/KG","img":"https://fd11-photos.leclercdrive.fr/image.ashx?id=2486533&use=l&cat=p&typeid=i","cat":298297},{"id":6791,"n":"Piment de cayenne moulu Ducros Extra fort - 38g","p":1.79,"u":"47,11 €/KG","img":"https://fd11-photos.leclercdrive.fr/image.ashx?id=2559433&use=l&cat=p&typeid=i","cat":298297},{"id":6797,"n":"Herbes de Provence Ducros 120g","p":3.04,"u":"25,33 €/KG","img":"https://fd11-photos.leclercdrive.fr/image.ashx?id=2383571&use=l&cat=p&typeid=i","cat":298297},{"id":6798,"n":"Safran en poudre Ducros 3 doses de 0.1g","p":4.24,"img":"https://fd11-photos.leclercdrive.fr/image.ashx?id=2490488&use=l&cat=p&typeid=i","cat":298297},{"id":6799,"n":"Poivre gris moulu et sel Ducros 2x34g","p":1.91,"u":"28,09 €/KG","img":"https://fd11-photos.leclercdrive.fr/image.ashx?id=2759457&use=l&cat=p&typeid=i","cat":284457},{"id":6800,"n":"Baies roses entières Ducros 20g","p":2.47,"u":"123,50 €/KG","img":"https://fd11-photos.leclercdrive.fr/image.ashx?id=2486575&use=l&cat=p&typeid=i","cat":284457},{"id":6803,"n":"Pralin Vahiné 100g","p":2.08,"u":"20,80 €/KG","img":"https://fd11-photos.leclercdrive.fr/image.ashx?id=2559775&use=l&cat=p&typeid=i","cat":284504},{"id":6804,"n":"Décor pour gateaux Vahiné Vermicelles Arc-en-ciel - 65g","p":1.35,"u":"20,77 €/KG","img":"https://fd11-photos.leclercdrive.fr/image.ashx?id=2524311&use=l&cat=p&typeid=i","cat":284504},{"id":6809,"n":"Arôme naturel de vanille Vahiné Liquide 50ml","p":3.96,"u":"79,20 €/L","img":"https://fd11-photos.leclercdrive.fr/image.ashx?id=2541193&use=l&cat=p&typeid=i","cat":284504},{"id":6810,"n":"Nappage chocolat Vahiné 350g","p":2.61,"u":"7,46 €/KG","img":"https://fd11-photos.leclercdrive.fr/image.ashx?id=2938656&use=l&cat=p&typeid=i","cat":284504},{"id":6829,"n":"Sucre Daddy n°4 Morceaux - 1kg","p":1.79,"u":"1,79 €/KG","img":"https://fd11-photos.leclercdrive.fr/image.ashx?id=2936056&use=l&cat=p&typeid=i","cat":284502},{"id":6830,"n":"Sucre Cristal Daddy 1kg","p":1.55,"u":"1,55 €/KG","img":"https://fd11-photos.leclercdrive.fr/image.ashx?id=2975855&use=l&cat=p&typeid=i","cat":284502},{"id":6831,"n":"Sucre en poudre Daddy 1kg","p":1.55,"u":"1,55 €/KG","img":"https://fd11-photos.leclercdrive.fr/image.ashx?id=2936062&use=l&cat=p&typeid=i","cat":284502},{"id":6847,"n":"Canapés toasts Epi d'Or Briochés - 250g","p":1.12,"u":"4,48 €/KG","img":"https://fd11-photos.leclercdrive.fr/image.ashx?id=2564488&use=l&cat=p&typeid=i","cat":285454},{"id":6879,"n":"Fromage Gouda Les Croisés En tranche - 200g","p":1.97,"u":"9,85 €/KG","img":"https://fd11-photos.leclercdrive.fr/image.ashx?id=2028173&use=l&cat=p&typeid=i","cat":314028},{"id":6880,"n":"Fromage Mimolette Les Croisés En tranche x8 - 200g","p":1.85,"u":"9,25 €/KG","img":"https://fd11-photos.leclercdrive.fr/image.ashx?id=2028176&use=l&cat=p&typeid=i","cat":314028},{"id":6881,"n":"Fromage Maasdam Les Croisés En tranche x8 - 200g","p":1.91,"u":"9,55 €/KG","img":"https://fd11-photos.leclercdrive.fr/image.ashx?id=1990673&use=l&cat=p&typeid=i","cat":314028},{"id":6912,"n":"Coussinets Mots d'Enfants D'allaitement - x36","p":3.95,"img":"https://fd11-photos.leclercdrive.fr/image.ashx?id=1902701&use=l&cat=p&typeid=i","cat":289435},{"id":6913,"n":"Comprimés de stérilisation Mots d'enfants x30","p":2.95,"img":"https://fd11-photos.leclercdrive.fr/image.ashx?id=581487&use=l&cat=p&typeid=i","cat":289435},{"id":6915,"n":"Bloc bureau Esquisse - 80 pages 14.8x21cm","p":1.69,"img":"https://fd11-photos.leclercdrive.fr/image.ashx?id=1928752&use=l&cat=p&typeid=i","cat":284697},{"id":6916,"n":"Bloc bureau Esquisse - 80 pages 10.5x14.8cm","p":0.99,"img":"https://fd11-photos.leclercdrive.fr/image.ashx?id=1928749&use=l&cat=p&typeid=i","cat":284697},{"id":6928,"n":"Préparation pour fondue Les Croisés 18%mg 400g","p":3.42,"u":"8,55 €/KG","img":"https://fd11-photos.leclercdrive.fr/image.ashx?id=2969713&use=l&cat=p&typeid=i","cat":314037},{"id":6977,"n":"Porc : Rôti dans l'échine  600g","p":4.8,"u":"8,00 €/KG","img":"https://fd11-photos.leclercdrive.fr/image.ashx?id=619038&use=l&cat=p&typeid=i","cat":284331},{"id":6979,"n":"AOC Crémant Gratien & Meyer Blanc - Brut - 75cl","p":6.65,"u":"8,87 €/L","img":"https://fd11-photos.leclercdrive.fr/image.ashx?id=2104357&use=l&cat=p&typeid=i","cat":284545},{"id":7000,"n":"Céréales Babybio Bio 6 mois Vanille - 220g","p":4.24,"u":"19,27 €/KG","img":"https://fd11-photos.leclercdrive.fr/image.ashx?id=2733250&use=l&cat=p&typeid=i","cat":312225},{"id":7001,"n":"Céréales Babybio - Dès 8 mois Bio Cacao  - 220g","p":3.83,"u":"17,41 €/KG","img":"https://fd11-photos.leclercdrive.fr/image.ashx?id=2837751&use=l&cat=p&typeid=i","cat":312225},{"id":7005,"n":"Petits pots Babybio - 4 mois Bio Légumes verts - 2x130g","p":1.9,"u":"7,31 €/KG","img":"https://fd11-photos.leclercdrive.fr/image.ashx?id=2733271&use=l&cat=p&typeid=i","cat":312234},{"id":7006,"n":"Repas bébé Bio Babybio - 4 mois Carotte & Potimarron - 2x130g","p":1.86,"u":"7,15 €/KG","img":"https://fd11-photos.leclercdrive.fr/image.ashx?id=2837757&use=l&cat=p&typeid=i","cat":312234},{"id":7008,"n":"Repas bébé epinard  Babybio Bio - Pomme de terre  2x130g","p":2.04,"u":"7,85 €/KG","img":"https://fd11-photos.leclercdrive.fr/image.ashx?id=2827449&use=l&cat=p&typeid=i","cat":312234},{"id":7010,"n":"Repas bébé Babybio - 4 mois Panais Bio - 2x130g","p":1.98,"u":"7,62 €/KG","img":"https://fd11-photos.leclercdrive.fr/image.ashx?id=2827452&use=l&cat=p&typeid=i","cat":312234},{"id":7011,"n":"Compote bébé bio Babybio Pomme - 4 mois - 2x130g","p":2.07,"u":"7,96 €/KG","img":"https://fd11-photos.leclercdrive.fr/image.ashx?id=2838317&use=l&cat=p&typeid=i","cat":312387},{"id":7012,"n":"Compote bébé Babybio - 4 mois Bio Poire williams - 2x130g","p":1.89,"u":"7,27 €/KG","img":"https://fd11-photos.leclercdrive.fr/image.ashx?id=2834515&use=l&cat=p&typeid=i","cat":312387},{"id":7013,"n":"Compote bébé Babybio Bio 4 mois Pomme / Pêche - 2x130g","p":1.81,"u":"6,96 €/KG","img":"https://fd11-photos.leclercdrive.fr/image.ashx?id=2859362&use=l&cat=p&typeid=i","cat":312387},{"id":7014,"n":"Compote bébé bio Babybio Pomme abricot - 4 mois - 2x130g","p":1.77,"u":"6,81 €/KG","img":"https://fd11-photos.leclercdrive.fr/image.ashx?id=2838320&use=l&cat=p&typeid=i","cat":312387},{"id":7015,"n":"Compote bébé bio Babybio Pomme coing - 4 mois - 2x130g","p":2.17,"u":"8,35 €/KG","img":"https://fd11-photos.leclercdrive.fr/image.ashx?id=2838323&use=l&cat=p&typeid=i","cat":312387},{"id":7016,"n":"Compote bébé Babybio Bio 4 mois Pomme / Pruneau - 2x130g","p":2.12,"u":"8,15 €/KG","img":"https://fd11-photos.leclercdrive.fr/image.ashx?id=2838326&use=l&cat=p&typeid=i","cat":312387},{"id":7017,"n":"Compote bébé Babybio Bio 4 mois Pomme / Banane - 2x130g","p":1.74,"u":"6,69 €/KG","img":"https://fd11-photos.leclercdrive.fr/image.ashx?id=2832011&use=l&cat=p&typeid=i","cat":312387},{"id":7018,"n":"Dessert bébé BabyBio - 6 mois Délice de Fruits Bio - 2x130g","p":1.76,"u":"6,77 €/KG","img":"https://fd11-photos.leclercdrive.fr/image.ashx?id=2838329&use=l&cat=p&typeid=i","cat":312388},{"id":7022,"n":"Bloc bureau Esquisse - 80 pages 21x29.7cm","p":2.39,"img":"https://fd11-photos.leclercdrive.fr/image.ashx?id=1928755&use=l&cat=p&typeid=i","cat":284697},{"id":7025,"n":"Pizza Cuite sur pierre Turini Jambon fromage - 400g","p":2.85,"u":"7,13 €/KG","img":"https://fd11-photos.leclercdrive.fr/image.ashx?id=2815223&use=l&cat=p&typeid=i","cat":284256},{"id":7029,"n":"Velouté de carotte Régal A la Crème fraîche - 1L","p":1.41,"u":"1,41 €/L","img":"https://fd11-photos.leclercdrive.fr/image.ashx?id=2905889&use=l&cat=p&typeid=i","cat":284462},{"id":7030,"n":"Sauce Tomate cuisinée Turini Aux petits légumes - 180g","p":0.84,"u":"4,67 €/KG","img":"https://fd11-photos.leclercdrive.fr/image.ashx?id=2490034&use=l&cat=p&typeid=i","cat":288384},{"id":7056,"n":"Soupe de poissons MSC Pêche Océan - 1kg","p":2.99,"u":"2,99 €/KG","img":"https://fd11-photos.leclercdrive.fr/image.ashx?id=2480060&use=l&cat=p&typeid=i","cat":287366},{"id":7071,"n":"Petits Boudoirs Babybio Bio - Orange Douce - 120g","p":2.7,"u":"22,50 €/KG","img":"https://fd11-photos.leclercdrive.fr/image.ashx?id=2733262&use=l&cat=p&typeid=i","cat":312227},{"id":7106,"n":"Beignets pomme x4  300g","p":2.5,"u":"8,33 €/KG","img":"https://fd11-photos.leclercdrive.fr/image.ashx?id=661119&use=l&cat=p&typeid=i","cat":284984},{"id":7126,"n":"Riz cantonais  Traditions d'Asie - 400g","p":3.61,"u":"9,03 €/KG","img":"https://fd11-photos.leclercdrive.fr/image.ashx?id=2505043&use=l&cat=p&typeid=i","cat":333673},{"id":7216,"n":"Talc bébé Mots d'Enfants 250g","p":1.89,"u":"7,56 €/KG","img":"https://fd11-photos.leclercdrive.fr/image.ashx?id=3015033&use=l&cat=p&typeid=i","cat":284741},{"id":7283,"n":"Compote Douceur du Verger Pomme banane - 4x100g","p":1.25,"u":"3,13 €/KG","img":"https://fd11-photos.leclercdrive.fr/image.ashx?id=2956906&use=l&cat=p&typeid=i","cat":284416},{"id":7284,"n":"Compote Douceur du Verger Pomme Fraise - 4x100g","p":1.09,"u":"2,73 €/KG","img":"https://fd11-photos.leclercdrive.fr/image.ashx?id=1910604&use=l&cat=p&typeid=i","cat":284416},{"id":7289,"n":"Crème Dépilatoire Siliss Peaux sensibles - 200ml","p":1.79,"u":"8,95 €/L","img":"https://fd11-photos.leclercdrive.fr/image.ashx?id=2699675&use=l&cat=p&typeid=i","cat":325351},{"id":7293,"n":"Râpé 3 fromages Les Croisés 200g","p":1.79,"u":"8,95 €/KG","img":"https://fd11-photos.leclercdrive.fr/image.ashx?id=2893292&use=l&cat=p&typeid=i","cat":314035},{"id":7294,"n":"Huile de tournesol Bio Village Bio - 75cl","p":3.59,"u":"4,79 €/L","img":"https://fd11-photos.leclercdrive.fr/image.ashx?id=2894746&use=l&cat=p&typeid=i","cat":284453},{"id":7315,"n":"Concentré de tomates Eco+ 2x140g","p":1.28,"u":"4,57 €/KG","img":"https://fd11-photos.leclercdrive.fr/image.ashx?id=2683511&use=l&cat=p&typeid=i","cat":288384},{"id":7316,"n":"Concentré de tomates Eco+ 3x70g","p":1.75,"u":"8,33 €/KG","img":"https://fd11-photos.leclercdrive.fr/image.ashx?id=2681571&use=l&cat=p&typeid=i","cat":288384},{"id":7345,"n":"Pâtes serpentini Panzani 500g","p":0.99,"u":"1,98 €/KG","img":"https://fd11-photos.leclercdrive.fr/image.ashx?id=2876044&use=l&cat=p&typeid=i","cat":284427},{"id":7349,"n":"Croquettes chat One Purina Stérilisé - Boeuf/Blé - 450g","p":2.43,"u":"5,40 €/KG","img":"https://fd11-photos.leclercdrive.fr/image.ashx?id=2681044&use=l&cat=p&typeid=i","cat":284680},{"id":7359,"n":"Gorgonzola AOP Les Croisés -150g","p":2.47,"u":"16,47 €/KG","img":"https://fd11-photos.leclercdrive.fr/image.ashx?id=2796037&use=l&cat=p&typeid=i","cat":314032},{"id":7360,"n":"Mortadelle Italienne Saint Azay 12 tranches 150g","p":2.14,"u":"14,27 €/KG","img":"https://fd11-photos.leclercdrive.fr/image.ashx?id=2704481&use=l&cat=p&typeid=i","cat":316009},{"id":7361,"n":"Fromage Edam Les Croisés En tranche x8 - 200g","p":1.97,"u":"9,85 €/KG","img":"https://fd11-photos.leclercdrive.fr/image.ashx?id=2041351&use=l&cat=p&typeid=i","cat":314028},{"id":7362,"n":"Riz Basmati Comptoir du Grain Express 2 min - 250g","p":0.99,"u":"3,96 €/KG","img":"https://fd11-photos.leclercdrive.fr/image.ashx?id=2441192&use=l&cat=p&typeid=i","cat":287600},{"id":7363,"n":"Riz Express Comptoir du Grain A la méditerranéenne - 250g","p":1.2,"u":"4,80 €/KG","img":"https://fd11-photos.leclercdrive.fr/image.ashx?id=2856474&use=l&cat=p&typeid=i","cat":287600},{"id":7364,"n":"Sauce au poivre vert Rustica 30g","p":0.6,"u":"20,00 €/KG","img":"https://fd11-photos.leclercdrive.fr/image.ashx?id=2965422&use=l&cat=p&typeid=i","cat":288381},{"id":7366,"n":"Sauce Champignons Rustica 27g","p":0.55,"u":"20,37 €/KG","img":"https://fd11-photos.leclercdrive.fr/image.ashx?id=2965425&use=l&cat=p&typeid=i","cat":288381},{"id":7379,"n":"Jambon de Savoie NRT x6 - 90g","p":2.66,"u":"29,56 €/KG","img":"https://fd11-photos.leclercdrive.fr/image.ashx?id=2670422&use=l&cat=p&typeid=i","cat":316007},{"id":7381,"n":"Sachet repas chats Gourmet 4 variétés poissons - 4x85g","p":1.81,"u":"5,32 €/KG","img":"https://fd11-photos.leclercdrive.fr/image.ashx?id=2867788&use=l&cat=p&typeid=i","cat":285286},{"id":7424,"n":"Bouillon Cubes bouquet garni Knorr - thym persil laurier -x9","p":1.26,"u":"12,73 €/KG","img":"https://fd11-photos.leclercdrive.fr/image.ashx?id=2915667&use=l&cat=p&typeid=i","cat":288379},{"id":7425,"n":"Jus de rôti Knorr 8 tablettes 72g","p":1.51,"u":"20,97 €/KG","img":"https://fd11-photos.leclercdrive.fr/image.ashx?id=2770353&use=l&cat=p&typeid=i","cat":288379},{"id":7432,"n":"Huile de friture Frial Lesieur 2L","p":5.76,"u":"2,88 €/L","img":"https://fd11-photos.leclercdrive.fr/image.ashx?id=2916857&use=l&cat=p&typeid=i","cat":284453},{"id":7437,"n":"Pâte brisée Tablier Blanc Au beurre - 230g","p":1.19,"u":"5,17 €/KG","img":"https://fd11-photos.leclercdrive.fr/image.ashx?id=2922397&use=l&cat=p&typeid=i","cat":333681},{"id":7443,"n":"Dessert fruitier pomme poire Douceur du Verger s/sucre 4x97g","p":1.25,"u":"3,22 €/KG","img":"https://fd11-photos.leclercdrive.fr/image.ashx?id=1957066&use=l&cat=p&typeid=i","cat":284416},{"id":7444,"n":"Dessert fruitier pomme Douceur du Verger s/sucre 4x97g","p":1.05,"u":"2,71 €/KG","img":"https://fd11-photos.leclercdrive.fr/image.ashx?id=1957069&use=l&cat=p&typeid=i","cat":284416},{"id":7448,"n":"Compote Douceur du Verger Coupelle pomme pruneau - 4x100g","p":1.36,"u":"3,40 €/KG","img":"https://fd11-photos.leclercdrive.fr/image.ashx?id=2663479&use=l&cat=p&typeid=i","cat":284508},{"id":7450,"n":"Gâteaux fourrés P'tit Déli Fraise x7 - 196g","p":2.8,"u":"14,29 €/KG","img":"https://fd11-photos.leclercdrive.fr/image.ashx?id=2659777&use=l&cat=p&typeid=i","cat":284495},{"id":7451,"n":"Biscuits P'tit Déli Goûters Fourrés au chocolat 2x300g","p":2.3,"u":"3,83 €/KG","img":"https://fd11-photos.leclercdrive.fr/image.ashx?id=2116182&use=l&cat=p&typeid=i","cat":284488},{"id":7452,"n":"Tubes Fromage blanc Délisse 3 parfums - 12 x40g","p":2.38,"u":"4,96 €/KG","img":"https://fd11-photos.leclercdrive.fr/image.ashx?id=2884231&use=l&cat=p&typeid=i","cat":284415},{"id":7459,"n":"Pâtes Barilla Spaghetti n°5 - 500g","p":0.93,"u":"1,86 €/KG","img":"https://fd11-photos.leclercdrive.fr/image.ashx?id=2392200&use=l&cat=p&typeid=i","cat":284427},{"id":7466,"n":"Pain grillé Epi d'or Brioché x26 - 300g","p":2.15,"u":"7,17 €/KG","img":"https://fd11-photos.leclercdrive.fr/image.ashx?id=2532835&use=l&cat=p&typeid=i","cat":284479},{"id":7529,"n":"Fromage Comté Entremont 200g","p":3.05,"u":"15,25 €/KG","img":"https://fd11-photos.leclercdrive.fr/image.ashx?id=2983144&use=l&cat=p&typeid=i","cat":314034},{"id":7530,"n":"Crème fraîche épaisse Bridélice 15%mg 20cl","p":0.8,"u":"4,00 €/L","img":"https://fd11-photos.leclercdrive.fr/image.ashx?id=2970873&use=l&cat=p&typeid=i","cat":284381},{"id":7548,"n":"Ail Rustica 100g","p":1.69,"u":"16,90 €/KG","img":"https://fd11-photos.leclercdrive.fr/image.ashx?id=2365451&use=l&cat=p&typeid=i","cat":319804},{"id":7549,"n":"Persil Rustica 50g","p":0.99,"u":"19,80 €/KG","img":"https://fd11-photos.leclercdrive.fr/image.ashx?id=2365454&use=l&cat=p&typeid=i","cat":319804},{"id":7557,"n":"Olives à l'ail Couleurs Vives 150g","p":1.99,"u":"13,27 €/KG","img":"https://fd11-photos.leclercdrive.fr/image.ashx?id=2518508&use=l&cat=p&typeid=i","cat":316002},{"id":7563,"n":"Coulis de tomate bio Jardin Bio 500g","p":1.61,"u":"3,22 €/KG","img":"https://fd11-photos.leclercdrive.fr/image.ashx?id=2918841&use=l&cat=p&typeid=i","cat":288384},{"id":7578,"n":"Thé vert bio orange Jardin Bio' Bergamote Max Havelaar x20 30g","p":2.42,"u":"80,67 €/KG","img":"https://fd11-photos.leclercdrive.fr/image.ashx?id=2792666&use=l&cat=p&typeid=i","cat":293233},{"id":7585,"n":"Echalote Rustica 100g","p":1.69,"u":"16,90 €/KG","img":"https://fd11-photos.leclercdrive.fr/image.ashx?id=2365457&use=l&cat=p&typeid=i","cat":319804},{"id":7586,"n":"Fond de veau Rustica 110g","p":2.11,"u":"19,18 €/KG","img":"https://fd11-photos.leclercdrive.fr/image.ashx?id=2188679&use=l&cat=p&typeid=i","cat":288379},{"id":7589,"n":"Biscuits Mikado LU Chocolat au lait - 3x39g","p":2.13,"u":"18,21 €/KG","img":"https://fd11-photos.leclercdrive.fr/image.ashx?id=3001970&use=l&cat=p&typeid=i","cat":284488},{"id":7598,"n":"Ravioli de volaille Jardin Bio' Bio - 700g","p":3.86,"u":"5,51 €/KG","img":"https://fd11-photos.leclercdrive.fr/image.ashx?id=2950183&use=l&cat=p&typeid=i","cat":284442},{"id":7599,"n":"Haricots verts Jardin Bio' Bio extra fin coupés - 360g","p":2.46,"u":"6,83 €/KG","img":"https://fd11-photos.leclercdrive.fr/image.ashx?id=2967151&use=l&cat=p&typeid=i","cat":312606},{"id":7600,"n":"Petits pois carottes JardinBio' Bio - 420g","p":2.38,"u":"5,67 €/KG","img":"https://fd11-photos.leclercdrive.fr/image.ashx?id=2947958&use=l&cat=p&typeid=i","cat":312607},{"id":7601,"n":"Dessert fruitier Jardin Bio' bio Pomme vanille bourbon 680g","p":2.4,"u":"3,53 €/KG","img":"https://fd11-photos.leclercdrive.fr/image.ashx?id=2967786&use=l&cat=p&typeid=i","cat":284508},{"id":7608,"n":"Crayon à papier HB Esquisse x4 avec bout gomme","p":0.75,"img":"https://fd11-photos.leclercdrive.fr/image.ashx?id=2943214&use=l&cat=p&typeid=i","cat":284696},{"id":7611,"n":"Côte première de porc  x2 - 350g","p":2.62,"u":"7,49 €/KG","img":"https://fd11-photos.leclercdrive.fr/image.ashx?id=619330&use=l&cat=p&typeid=i","cat":284331},{"id":7612,"n":"Côte de porc échine           x2 - 350g","p":2.62,"u":"7,49 €/KG","img":"https://fd11-photos.leclercdrive.fr/image.ashx?id=619046&use=l&cat=p&typeid=i","cat":284331},{"id":7614,"n":"Sauté de porc 600g","p":4.14,"u":"6,90 €/KG","img":"https://fd11-photos.leclercdrive.fr/image.ashx?id=619534&use=l&cat=p&typeid=i","cat":284331},{"id":7617,"n":"Faux-filet de boeuf *** à griller - 350g","p":8.0,"u":"22,86 €/KG","img":"https://fd11-photos.leclercdrive.fr/image.ashx?id=1495725&use=l&cat=p&typeid=i","cat":284328},{"id":7621,"n":"Escalope de veau *** à griller x2 -  300g","p":5.97,"u":"19,90 €/KG","img":"https://fd11-photos.leclercdrive.fr/image.ashx?id=619014&use=l&cat=p&typeid=i","cat":284329},{"id":7646,"n":"Spaghetti Jardin Bio Bio quinoa persil ail - 500g","p":1.92,"u":"3,84 €/KG","img":"https://fd11-photos.leclercdrive.fr/image.ashx?id=3014542&use=l&cat=p&typeid=i","cat":284427},{"id":7656,"n":"Compotes Andros Pomme - 4x100g","p":1.77,"u":"4,43 €/KG","img":"https://fd11-photos.leclercdrive.fr/image.ashx?id=2875337&use=l&cat=p&typeid=i","cat":284416},{"id":7672,"n":"Cordon Bleu Le Gaulois Poulet - 200g","p":1.92,"u":"9,60 €/KG","img":"https://fd11-photos.leclercdrive.fr/image.ashx?id=2860223&use=l&cat=p&typeid=i","cat":333683},{"id":7674,"n":"Gésiers de volaille le Gaulois 2x300g","p":4.69,"u":"7,82 €/KG","img":"https://fd11-photos.leclercdrive.fr/image.ashx?id=2759283&use=l&cat=p&typeid=i","cat":284715},{"id":7693,"n":"Magret de canard Sud Ouest NRT Séché - 90g","p":3.99,"u":"44,33 €/KG","img":"https://fd11-photos.leclercdrive.fr/image.ashx?id=2966842&use=l&cat=p&typeid=i","cat":316007},{"id":7694,"n":"Magret de canard Sud Ouest NRT Fumé - 90g","p":3.79,"u":"42,11 €/KG","img":"https://fd11-photos.leclercdrive.fr/image.ashx?id=2958380&use=l&cat=p&typeid=i","cat":316007},{"id":7713,"n":"Dessert fruitier pomme pruneaux Douceur du Verger s/sucre4x100g","p":1.54,"u":"3,85 €/KG","img":"https://fd11-photos.leclercdrive.fr/image.ashx?id=1962960&use=l&cat=p&typeid=i","cat":284416},{"id":7717,"n":"Papier toilette Mimosa Décoré - Ultra doux - x6","p":2.65,"u":"0,44 €/P","img":"https://fd11-photos.leclercdrive.fr/image.ashx?id=2816112&use=l&cat=p&typeid=i","cat":284634},{"id":7761,"n":"Galette Croq'Soja Céréal Bio  Bio provençale x2 200g","p":2.14,"u":"10,70 €/KG","img":"https://fd11-photos.leclercdrive.fr/image.ashx?id=2574296&use=l&cat=p&typeid=i","cat":284953},{"id":7772,"n":"Galette bio Céréal Bio  Millet champignons x2 - 200g","p":2.21,"u":"11,05 €/KG","img":"https://fd11-photos.leclercdrive.fr/image.ashx?id=2573543&use=l&cat=p&typeid=i","cat":284953},{"id":7857,"n":"Croquettes chiens Fido Au boeuf 1kg","p":2.74,"u":"2,74 €/KG","img":"https://fd11-photos.leclercdrive.fr/image.ashx?id=2972964&use=l&cat=p&typeid=i","cat":294526},{"id":7864,"n":"Yaourts sucrés Délisse Nature  - 4x125g","p":0.99,"u":"1,98 €/KG","img":"https://fd11-photos.leclercdrive.fr/image.ashx?id=2590415&use=l&cat=p&typeid=i","cat":284409},{"id":7866,"n":"Beurre Tendre Les Croisés Demi-sel - 80% MG - 250g","p":2.51,"u":"10,04 €/KG","img":"https://fd11-photos.leclercdrive.fr/image.ashx?id=2839899&use=l&cat=p&typeid=i","cat":284379},{"id":7868,"n":"Sardines Pêche Océan Huile de tournesol - 135g","p":0.95,"u":"7,04 €/KG","img":"https://fd11-photos.leclercdrive.fr/image.ashx?id=1986246&use=l&cat=p&typeid=i","cat":305146},{"id":7869,"n":"Yaourts aromatisés Délisse Citron - 4x125g","p":1.45,"u":"2,90 €/KG","img":"https://fd11-photos.leclercdrive.fr/image.ashx?id=2758704&use=l&cat=p&typeid=i","cat":286006},{"id":7881,"n":"Camembert Les Croisés 8 portions - 22% mg - 8x30g","p":2.19,"u":"9,13 €/KG","img":"https://fd11-photos.leclercdrive.fr/image.ashx?id=2974798&use=l&cat=p&typeid=i","cat":314033},{"id":7882,"n":"Actifidus Délisse Coco Citron Vanille - 12x125g","p":3.5,"u":"2,33 €/KG","img":"https://fd11-photos.leclercdrive.fr/image.ashx?id=2441842&use=l&cat=p&typeid=i","cat":315000},{"id":7887,"n":"Selles-sur-Cher NRT AOP  Fromage de chèvre - 150g","p":3.49,"u":"23,27 €/KG","img":"https://fd11-photos.leclercdrive.fr/image.ashx?id=2586031&use=l&cat=p&typeid=i","cat":314031},{"id":7965,"n":"Matière grasse Bridelight à tartiner 15% MG - 250g","p":2.02,"u":"8,08 €/KG","img":"https://fd11-photos.leclercdrive.fr/image.ashx?id=2643884&use=l&cat=p&typeid=i","cat":284379},{"id":7972,"n":"Beurre Moulé Paysan Breton Doux - 82%MG - 250g","p":3.23,"u":"12,92 €/KG","img":"https://fd11-photos.leclercdrive.fr/image.ashx?id=2946943&use=l&cat=p&typeid=i","cat":284379},{"id":7993,"n":"Beurre d'escargot Rustica Ail et persil - 250g","p":3.49,"u":"13,96 €/KG","img":"https://fd11-photos.leclercdrive.fr/image.ashx?id=1915569&use=l&cat=p&typeid=i","cat":319775},{"id":7996,"n":"Poireaux Notre Jardin En rondelles 1kg","p":1.28,"u":"1,28 €/KG","img":"https://fd11-photos.leclercdrive.fr/image.ashx?id=2873126&use=l&cat=p&typeid=i","cat":319805},{"id":8003,"n":"Fromage Enfant Kiri Goûter 5 portions barquettes - 175g","p":2.21,"u":"12,63 €/KG","img":"https://fd11-photos.leclercdrive.fr/image.ashx?id=2972883&use=l&cat=p&typeid=i","cat":314030},{"id":8008,"n":"Pizza Cuite sur pierre Turini Fruits de Mer - 400g","p":3.15,"u":"7,88 €/KG","img":"https://fd11-photos.leclercdrive.fr/image.ashx?id=2815202&use=l&cat=p&typeid=i","cat":284256},{"id":8011,"n":"Crème glacée Menthe Eskiss Copeaux de Chocolat - 494g","p":2.79,"u":"5,65 €/KG","img":"https://fd11-photos.leclercdrive.fr/image.ashx?id=3002548&use=l&cat=p&typeid=i","cat":284263},{"id":8012,"n":"Friandises pour chien Lydog Biscuits fourrés Viande - 500g","p":1.29,"u":"2,58 €/KG","img":"https://fd11-photos.leclercdrive.fr/image.ashx?id=2191114&use=l&cat=p&typeid=i","cat":294527},{"id":8013,"n":"Friandises pour chien Lydog Biscuits croquants - 500g","p":1.29,"u":"2,58 €/KG","img":"https://fd11-photos.leclercdrive.fr/image.ashx?id=1954353&use=l&cat=p&typeid=i","cat":294527},{"id":8017,"n":"Pâtes Penne Regate Turini 500g","p":0.6,"u":"1,20 €/KG","img":"https://fd11-photos.leclercdrive.fr/image.ashx?id=2980776&use=l&cat=p&typeid=i","cat":284427},{"id":8024,"n":"Barquette chiens Lydog 3 saveurs - 3x300g","p":3.78,"u":"4,20 €/KG","img":"https://fd11-photos.leclercdrive.fr/image.ashx?id=2050639&use=l&cat=p&typeid=i","cat":284673},{"id":8025,"n":"Barquette chiens Lydog 3 saveurs - 3x300g","p":3.79,"u":"4,21 €/KG","img":"https://fd11-photos.leclercdrive.fr/image.ashx?id=2050642&use=l&cat=p&typeid=i","cat":284673},{"id":8120,"n":"Cassoulet Saucisse de Toulouse Côté Table - 840g","p":3.63,"u":"4,32 €/KG","img":"https://fd11-photos.leclercdrive.fr/image.ashx?id=2977129&use=l&cat=p&typeid=i","cat":284440},{"id":8129,"n":"Soupe Mouliné Régal Soupe 10 légumes variés - 2x30cl","p":1.45,"u":"2,42 €/L","img":"https://fd11-photos.leclercdrive.fr/image.ashx?id=2607476&use=l&cat=p&typeid=i","cat":284462},{"id":8136,"n":"Biscuits raisin GERBLE  - 4x5, 360g","p":1.5,"u":"4,17 €/KG","img":"https://fd11-photos.leclercdrive.fr/image.ashx?id=2578726&use=l&cat=p&typeid=i","cat":318651},{"id":8178,"n":"Infusion Tisea Douce soirée 25 sachets","p":0.99,"u":"28,29 €/KG","img":"https://fd11-photos.leclercdrive.fr/image.ashx?id=2553902&use=l&cat=p&typeid=i","cat":293234},{"id":8181,"n":"Mini Paniers Côté Table x20 - 280g","p":5.29,"u":"18,89 €/KG","img":"https://fd11-photos.leclercdrive.fr/image.ashx?id=2228280&use=l&cat=p&typeid=i","cat":319774},{"id":8182,"n":"Mini Feuilletés Côté Table Saucisse x20 - 350g","p":4.19,"u":"11,97 €/KG","img":"https://fd11-photos.leclercdrive.fr/image.ashx?id=2622016&use=l&cat=p&typeid=i","cat":319774},{"id":8191,"n":"Colin d'Alaska Pêche Océan À la Florentine - MSC - 400g","p":3.49,"u":"8,73 €/KG","img":"https://fd11-photos.leclercdrive.fr/image.ashx?id=2930108&use=l&cat=p&typeid=i","cat":319786},{"id":8217,"n":"Filet de Merlu Pêche Océan 4 à 5 pièces 450g","p":6.52,"u":"14,49 €/KG","img":"https://fd11-photos.leclercdrive.fr/image.ashx?id=2553905&use=l&cat=p&typeid=i","cat":319788},{"id":8324,"n":"Tomates séchées Florelli 270g","p":2.9,"u":"10,74 €/KG","img":"https://fd11-photos.leclercdrive.fr/image.ashx?id=2633094&use=l&cat=p&typeid=i","cat":289010},{"id":8375,"n":"Sauce Déshydratée KNORR Aux Trois Poivres - 32g","p":0.7,"u":"25,00 €/KG","img":"https://fd11-photos.leclercdrive.fr/image.ashx?id=2875933&use=l&cat=p&typeid=i","cat":288381},{"id":8381,"n":"Soupe instantanée Royco  Bouillon à la Chinoise 3x200ml","p":1.48,"u":"31,49 €/KG","img":"https://fd11-photos.leclercdrive.fr/image.ashx?id=2650976&use=l&cat=p&typeid=i","cat":288992},{"id":8382,"n":"Pâtes spaghetti plat Panzani 500g","p":1.02,"u":"2,04 €/KG","img":"https://fd11-photos.leclercdrive.fr/image.ashx?id=2876041&use=l&cat=p&typeid=i","cat":284427},{"id":8383,"n":"Pâtes Coquillettes Panzani 3 Minutes - 500G","p":1.16,"u":"2,32 €/KG","img":"https://fd11-photos.leclercdrive.fr/image.ashx?id=2867945&use=l&cat=p&typeid=i","cat":284427},{"id":8388,"n":"Pâtes Lustucru macaroni Aux oeufs - 250g","p":0.94,"u":"3,76 €/KG","img":"https://fd11-photos.leclercdrive.fr/image.ashx?id=2519471&use=l&cat=p&typeid=i","cat":284427},{"id":8392,"n":"Torti Weight Watchers St Jacques - 300g","p":4.01,"u":"13,37 €/KG","img":"https://fd11-photos.leclercdrive.fr/image.ashx?id=2610861&use=l&cat=p&typeid=i","cat":333665},{"id":8393,"n":"Escalope Milanaise Marie 300g","p":3.09,"u":"10,30 €/KG","img":"https://fd11-photos.leclercdrive.fr/image.ashx?id=2317408&use=l&cat=p&typeid=i","cat":333665},{"id":8413,"n":"Biscuits Crackers Tokapi  Nature - 3x100g","p":1.38,"u":"4,60 €/KG","img":"https://fd11-photos.leclercdrive.fr/image.ashx?id=2660550&use=l&cat=p&typeid=i","cat":297000},{"id":8415,"n":"Pâtes coquillettes Turini Les 3 min - 500g","p":0.72,"u":"1,44 €/KG","img":"https://fd11-photos.leclercdrive.fr/image.ashx?id=2607461&use=l&cat=p&typeid=i","cat":284427},{"id":8419,"n":"Biscuits Crackers Tokapi Emmental - 100g","p":0.68,"u":"6,80 €/KG","img":"https://fd11-photos.leclercdrive.fr/image.ashx?id=2351226&use=l&cat=p&typeid=i","cat":297000},{"id":8428,"n":"Biscuits sablés Granola Chocolat au lait - 225g","p":1.58,"u":"7,02 €/KG","img":"https://fd11-photos.leclercdrive.fr/image.ashx?id=2346675&use=l&cat=p&typeid=i","cat":284488},{"id":8432,"n":"Biscuit Roudor St Michel 2x150g","p":2.43,"u":"8,10 €/KG","img":"https://fd11-photos.leclercdrive.fr/image.ashx?id=2935690&use=l&cat=p&typeid=i","cat":284487},{"id":8433,"n":"Pâtes Coquillettes Panzani Prêt en 3 min - 1kg","p":2.18,"u":"2,18 €/KG","img":"https://fd11-photos.leclercdrive.fr/image.ashx?id=2896093&use=l&cat=p&typeid=i","cat":284427},{"id":8447,"n":"Pommes Pink Lady Barquette x6","p":2.95,"u":"0,49 €/P","img":"https://fd11-photos.leclercdrive.fr/image.ashx?id=2121671&use=l&cat=p&typeid=i","cat":284356},{"id":8474,"n":"Terrines Tous Mes Amis Les délices de la mer - 3x400g","p":3.69,"u":"3,08 €/KG","img":"https://fd11-photos.leclercdrive.fr/image.ashx?id=2042972&use=l&cat=p&typeid=i","cat":285601},{"id":8475,"n":"Serviette hygiénique Doulys Maxi confort - Normal - x18","p":0.99,"u":"0,06 €/P","img":"https://fd11-photos.leclercdrive.fr/image.ashx?id=2838909&use=l&cat=p&typeid=i","cat":284624},{"id":8494,"n":"Biscuits déli matin P'tit Déli Chocolat/pépites - 600g","p":3.18,"u":"5,30 €/KG","img":"https://fd11-photos.leclercdrive.fr/image.ashx?id=2999496&use=l&cat=p&typeid=i","cat":284491},{"id":8504,"n":"Biscottes bio Bio Village Complètes x36 - 300g","p":2.2,"u":"7,33 €/KG","img":"https://fd11-photos.leclercdrive.fr/image.ashx?id=2590460&use=l&cat=p&typeid=i","cat":284479},{"id":8515,"n":"Bâtonnets Dentastix Pedigree Moyen chien x28 - 720g","p":6.95,"u":"9,65 €/KG","img":"https://fd11-photos.leclercdrive.fr/image.ashx?id=2980094&use=l&cat=p&typeid=i","cat":294527},{"id":8528,"n":"Sel fin La Baleine Iodé et fluoré - 750g","p":0.68,"u":"0,91 €/KG","img":"https://fd11-photos.leclercdrive.fr/image.ashx?id=2790612&use=l&cat=p&typeid=i","cat":284457},{"id":8533,"n":"Flageolets verts Notre Jardin Extra Fins - 420g","p":1.72,"u":"4,10 €/KG","img":"https://fd11-photos.leclercdrive.fr/image.ashx?id=2371536&use=l&cat=p&typeid=i","cat":312606},{"id":8535,"n":"Olives noires Rustica Entières - 225g","p":0.99,"u":"4,40 €/KG","img":"https://fd11-photos.leclercdrive.fr/image.ashx?id=2499076&use=l&cat=p&typeid=i","cat":284458},{"id":8538,"n":"100% Pur jus d'orange Jafaden  Avec pulpe - 1L","p":1.99,"u":"1,99 €/L","img":"https://fd11-photos.leclercdrive.fr/image.ashx?id=2796043&use=l&cat=p&typeid=i","cat":284521},{"id":8539,"n":"Nectar Jafaden Pêche - 1L","p":1.99,"u":"1,99 €/L","img":"https://fd11-photos.leclercdrive.fr/image.ashx?id=2919607&use=l&cat=p&typeid=i","cat":284915},{"id":8541,"n":"Nectar Jafaden Mangue - 1L","p":2.15,"u":"2,15 €/L","img":"https://fd11-photos.leclercdrive.fr/image.ashx?id=2955710&use=l&cat=p&typeid=i","cat":284916},{"id":8559,"n":"Biscuits Bjorg Fourrés Chocolat noir bio 225g","p":2.89,"u":"12,84 €/KG","img":"https://fd11-photos.leclercdrive.fr/image.ashx?id=2970912&use=l&cat=p&typeid=i","cat":284488},{"id":8564,"n":"Pâtes Barilla  Linguine - 500g","p":1.08,"u":"2,16 €/KG","img":"https://fd11-photos.leclercdrive.fr/image.ashx?id=3004444&use=l&cat=p&typeid=i","cat":284427},{"id":8566,"n":"Chocolat noir Bio Village Bio -Dégustation 74% cacao 100g","p":1.59,"u":"15,90 €/KG","img":"https://fd11-photos.leclercdrive.fr/image.ashx?id=2045623&use=l&cat=p&typeid=i","cat":284956},{"id":8572,"n":"Tablette chocolat Côte d'Or Chocolat au lait - 200g","p":2.7,"u":"13,50 €/KG","img":"https://fd11-photos.leclercdrive.fr/image.ashx?id=2944362&use=l&cat=p&typeid=i","cat":284497},{"id":8576,"n":"Pâtes Barilla Torsades - 500g","p":0.96,"u":"1,92 €/KG","img":"https://fd11-photos.leclercdrive.fr/image.ashx?id=2392224&use=l&cat=p&typeid=i","cat":284427},{"id":8605,"n":"Liqueur Cointreau 40%vol. - 70cl","p":18.19,"u":"25,99 €/L","img":"https://fd11-photos.leclercdrive.fr/image.ashx?id=2998904&use=l&cat=p&typeid=i","cat":286032},{"id":8642,"n":"Dentifrice Dentamyl Anti-tartre 75ml","p":0.74,"u":"9,87 €/L","img":"https://fd11-photos.leclercdrive.fr/image.ashx?id=2489098&use=l&cat=p&typeid=i","cat":284612},{"id":8643,"n":"Amandes en poudre Tablier Blanc 125g","p":1.5,"u":"12,00 €/KG","img":"https://fd11-photos.leclercdrive.fr/image.ashx?id=2460577&use=l&cat=p&typeid=i","cat":284504},{"id":8645,"n":"Pepites de chocolat Tablier Blanc - 100g","p":1.43,"u":"14,30 €/KG","img":"https://fd11-photos.leclercdrive.fr/image.ashx?id=2723138&use=l&cat=p&typeid=i","cat":284504},{"id":8646,"n":"Noix de Coco Râpée  Tablier Blanc - 125g","p":1.41,"u":"11,28 €/KG","img":"https://fd11-photos.leclercdrive.fr/image.ashx?id=2460583&use=l&cat=p&typeid=i","cat":284504},{"id":8647,"n":"Gélatine alimentaire Tablier 9 feuilles - 17g","p":1.07,"u":"62,94 €/KG","img":"https://fd11-photos.leclercdrive.fr/image.ashx?id=2487446&use=l&cat=p&typeid=i","cat":284504},{"id":8648,"n":"Amandes effilées Tablier Blanc 125g","p":1.9,"u":"15,20 €/KG","img":"https://fd11-photos.leclercdrive.fr/image.ashx?id=2460586&use=l&cat=p&typeid=i","cat":284504},{"id":8649,"n":"Raisins Secs Tablier Blanc 250g","p":1.5,"u":"6,00 €/KG","img":"https://fd11-photos.leclercdrive.fr/image.ashx?id=2460589&use=l&cat=p&typeid=i","cat":284504},{"id":8650,"n":"Arôme fleur d'Oranger Tablier Blanc - 200ml","p":1.24,"u":"6,20 €/L","img":"https://fd11-photos.leclercdrive.fr/image.ashx?id=2487449&use=l&cat=p&typeid=i","cat":284504},{"id":8651,"n":"Arôme naturel de vanille Tablier Blanc 20ml","p":1.15,"u":"57,50 €/L","img":"https://fd11-photos.leclercdrive.fr/image.ashx?id=2487452&use=l&cat=p&typeid=i","cat":284504},{"id":8672,"n":"Nappage Tablier Blanc Caramel - 210g","p":1.25,"u":"5,95 €/KG","img":"https://fd11-photos.leclercdrive.fr/image.ashx?id=2487455&use=l&cat=p&typeid=i","cat":284504},{"id":8674,"n":"Sucre Tablier Blanc Spécial confiture - 1kg","p":1.92,"u":"1,92 €/KG","img":"https://fd11-photos.leclercdrive.fr/image.ashx?id=3010416&use=l&cat=p&typeid=i","cat":284502},{"id":8675,"n":"Sucre Tablier Blanc 100 dosettes - 500g","p":2.31,"u":"4,62 €/KG","img":"https://fd11-photos.leclercdrive.fr/image.ashx?id=3010419&use=l&cat=p&typeid=i","cat":284502},{"id":8679,"n":"Truite fumée d'Aquitaine NRT x4 - 120g","p":5.26,"u":"43,83 €/KG","img":"https://fd11-photos.leclercdrive.fr/image.ashx?id=2663836&use=l&cat=p&typeid=i","cat":285188},{"id":8682,"n":"Quenelles nature NRT - 4x80g","p":3.0,"u":"9,38 €/KG","img":"https://fd11-photos.leclercdrive.fr/image.ashx?id=2858051&use=l&cat=p&typeid=i","cat":333682},{"id":8683,"n":"Saucisson sec d'Ardèche IGP NRT - 280g","p":5.0,"u":"17,86 €/KG","img":"https://fd11-photos.leclercdrive.fr/image.ashx?id=2753502&use=l&cat=p&typeid=i","cat":316006},{"id":8698,"n":"Assiette soir bébé bio Babybio Légumes riz - 12 mois - 230g","p":2.23,"u":"9,70 €/KG","img":"https://fd11-photos.leclercdrive.fr/image.ashx?id=2859356&use=l&cat=p&typeid=i","cat":312239},{"id":8741,"n":"Merguez Poulet Volandrie 300g","p":3.49,"u":"11,63 €/KG","img":"https://fd11-photos.leclercdrive.fr/image.ashx?id=2707558&use=l&cat=p&typeid=i","cat":284716},{"id":8745,"n":"Lait demi-écrémé Grandlait Bouteille - 6x1L","p":7.14,"u":"1,19 €/L","img":"https://fd11-photos.leclercdrive.fr/image.ashx?id=2914612&use=l&cat=p&typeid=i","cat":284377},{"id":8748,"n":"Lait vitaminé Viva Candia  1% MG - 6x50cl","p":5.98,"u":"1,99 €/L","img":"https://fd11-photos.leclercdrive.fr/image.ashx?id=2891508&use=l&cat=p&typeid=i","cat":317169},{"id":8754,"n":"Sacs congélation Elembal Moyen Zip 20 Sacs","p":1.49,"u":"0,07 €/P","img":"https://fd11-photos.leclercdrive.fr/image.ashx?id=2751886&use=l&cat=p&typeid=i","cat":334134},{"id":8784,"n":"Plat bébé Blédina 8 mois  Riz carotte jambon - 2x200g","p":2.58,"u":"6,45 €/KG","img":"https://fd11-photos.leclercdrive.fr/image.ashx?id=2975065&use=l&cat=p&typeid=i","cat":312236},{"id":8796,"n":"Saucisse fine de Lyon NRT 120g","p":1.85,"u":"15,42 €/KG","img":"https://fd11-photos.leclercdrive.fr/image.ashx?id=2743870&use=l&cat=p&typeid=i","cat":316012},{"id":8804,"n":"Brownie P'tit Déli Chocolat pépites 285g","p":1.85,"u":"6,49 €/KG","img":"https://fd11-photos.leclercdrive.fr/image.ashx?id=2663365&use=l&cat=p&typeid=i","cat":294776},{"id":8809,"n":"Galettes Bretonnes P'tit Déli Pur beurre 2x125g","p":1.45,"u":"5,80 €/KG","img":"https://fd11-photos.leclercdrive.fr/image.ashx?id=2847961&use=l&cat=p&typeid=i","cat":284487},{"id":8825,"n":"Barres de céréales Coco Pops Kellogg's - 6x20g","p":1.89,"u":"15,75 €/KG","img":"https://fd11-photos.leclercdrive.fr/image.ashx?id=2677291&use=l&cat=p&typeid=i","cat":285869},{"id":8857,"n":"Café soluble Plantation Qualité filtre - x25 - 50g","p":2.09,"u":"41,80 €/KG","img":"https://fd11-photos.leclercdrive.fr/image.ashx?id=2834278&use=l&cat=p&typeid=i","cat":284843},{"id":8864,"n":"Pain de Mie Epi d'or - Nature Longue Conservation - 280g","p":0.74,"u":"2,64 €/KG","img":"https://fd11-photos.leclercdrive.fr/image.ashx?id=2993564&use=l&cat=p&typeid=i","cat":284477},{"id":8865,"n":"Toasts Brioches Epi D'Or x13 - 125g","p":0.94,"u":"7,52 €/KG","img":"https://fd11-photos.leclercdrive.fr/image.ashx?id=2896018&use=l&cat=p&typeid=i","cat":284479},{"id":8869,"n":"Riz complet Comptoir du Grain 10min - 500g","p":1.49,"u":"2,98 €/KG","img":"https://fd11-photos.leclercdrive.fr/image.ashx?id=2909386&use=l&cat=p&typeid=i","cat":284428},{"id":8891,"n":"Soda Jean's Cola Bouteille - 6x1,5L","p":6.52,"u":"0,72 €/L","img":"https://fd11-photos.leclercdrive.fr/image.ashx?id=2637862&use=l&cat=p&typeid=i","cat":284530},{"id":8912,"n":"Préparation fraises NRT Sud-Ouest - 315g","p":2.64,"u":"8,38 €/KG","img":"https://fd11-photos.leclercdrive.fr/image.ashx?id=2590472&use=l&cat=p&typeid=i","cat":284480},{"id":8951,"n":"Eau minérale Source Amanda Naturelle 6x1,5L","p":2.46,"u":"0,27 €/L","img":"https://fd11-photos.leclercdrive.fr/image.ashx?id=2727629&use=l&cat=p&typeid=i","cat":284535},{"id":8963,"n":"Fromage à tartiner Madame Loïk Fouetté Ech. Ciboulette - 150g","p":1.65,"u":"11,00 €/KG","img":"https://fd11-photos.leclercdrive.fr/image.ashx?id=2986356&use=l&cat=p&typeid=i","cat":314029},{"id":8966,"n":"Biscuits chien Pedigree Biscrok - 500g","p":1.58,"u":"3,16 €/KG","img":"https://fd11-photos.leclercdrive.fr/image.ashx?id=2983456&use=l&cat=p&typeid=i","cat":294527},{"id":8968,"n":"Chocolat poudre Banania 400g","p":2.71,"u":"6,78 €/KG","img":"https://fd11-photos.leclercdrive.fr/image.ashx?id=2225276&use=l&cat=p&typeid=i","cat":293235},{"id":8972,"n":"Levure boulangère Tablier Blanc x6 - 30g","p":0.69,"u":"23,00 €/KG","img":"https://fd11-photos.leclercdrive.fr/image.ashx?id=2867904&use=l&cat=p&typeid=i","cat":294686},{"id":8977,"n":"Cacahuètes  Benenuts Grillées à sec - 200g","p":1.57,"u":"7,85 €/KG","img":"https://fd11-photos.leclercdrive.fr/image.ashx?id=2389616&use=l&cat=p&typeid=i","cat":284448},{"id":8987,"n":"Pâté Hénaff 156g","p":2.36,"u":"15,13 €/KG","img":"https://fd11-photos.leclercdrive.fr/image.ashx?id=2298361&use=l&cat=p&typeid=i","cat":305149},{"id":9009,"n":"Pain aux noix 300g","p":1.4,"u":"4,67 €/KG","img":"https://fd11-photos.leclercdrive.fr/image.ashx?id=2062444&use=l&cat=p&typeid=i","cat":284359},{"id":9033,"n":"Fromage Entremont Dégustation 45%mg - 250g","p":2.73,"u":"10,92 €/KG","img":"https://fd11-photos.leclercdrive.fr/image.ashx?id=2983168&use=l&cat=p&typeid=i","cat":314034},{"id":9065,"n":"Fromage tartiflette Ermitage 27%mg - 500g","p":6.09,"u":"12,18 €/KG","img":"https://fd11-photos.leclercdrive.fr/image.ashx?id=2966011&use=l&cat=p&typeid=i","cat":314037},{"id":9080,"n":"Fromage à Tartiner St Môret  Nature 9 Portions - 180g","p":2.0,"u":"11,11 €/KG","img":"https://fd11-photos.leclercdrive.fr/image.ashx?id=2763319&use=l&cat=p&typeid=i","cat":314029},{"id":9105,"n":"Pate Brisée Eco+ A dérouler - 230g","p":0.53,"u":"2,30 €/KG","img":"https://fd11-photos.leclercdrive.fr/image.ashx?id=2744347&use=l&cat=p&typeid=i","cat":333681},{"id":9110,"n":"Bûche de chèvre allégée Soignon Lait pasteurisé 29%mg - 180g","p":2.12,"u":"11,78 €/KG","img":"https://fd11-photos.leclercdrive.fr/image.ashx?id=2886987&use=l&cat=p&typeid=i","cat":314031},{"id":9124,"n":"Croquettes chiens Lydog Senior - 3kg","p":5.18,"u":"1,73 €/KG","img":"https://fd11-photos.leclercdrive.fr/image.ashx?id=2047025&use=l&cat=p&typeid=i","cat":284672},{"id":9130,"n":"Mouchoirs blancs 2 plis Caresse Boîte mouchoirs en papier -x110","p":1.33,"u":"0,01 €/P","img":"https://fd11-photos.leclercdrive.fr/image.ashx?id=2390416&use=l&cat=p&typeid=i","cat":284638},{"id":9170,"n":"Spaetzles d'Alsace NRT 250g","p":1.39,"u":"5,56 €/KG","img":"https://fd11-photos.leclercdrive.fr/image.ashx?id=2839962&use=l&cat=p&typeid=i","cat":284427},{"id":9173,"n":"Ravioles Label Rouge NRT Dauphiné - 240g","p":2.99,"u":"12,46 €/KG","img":"https://fd11-photos.leclercdrive.fr/image.ashx?id=2704894&use=l&cat=p&typeid=i","cat":333682},{"id":9181,"n":"Chinois La Fournée Dorée Crème pâtissière - 600g","p":2.71,"u":"4,52 €/KG","img":"https://fd11-photos.leclercdrive.fr/image.ashx?id=2342090&use=l&cat=p&typeid=i","cat":293600},{"id":9183,"n":"Boules soufflées Tokapi Tomate - 42g","p":0.57,"u":"13,57 €/KG","img":"https://fd11-photos.leclercdrive.fr/image.ashx?id=2898832&use=l&cat=p&typeid=i","cat":284449},{"id":9246,"n":"Avocat Bio Bio Village En barquette x2","p":3.59,"u":"1,80 €/P","img":"https://fd11-photos.leclercdrive.fr/image.ashx?id=2551984&use=l&cat=p&typeid=i","cat":284352},{"id":9262,"n":"Matière grasse Rustica Tournesol -60%MG -Doux -500G","p":1.53,"u":"3,06 €/KG","img":"https://fd11-photos.leclercdrive.fr/image.ashx?id=2904553&use=l&cat=p&typeid=i","cat":315229},{"id":9265,"n":"Pêche poire ananas  Douceur du verger - 4x70g","p":2.59,"u":"9,25 €/KG","img":"https://fd11-photos.leclercdrive.fr/image.ashx?id=2349100&use=l&cat=p&typeid=i","cat":284507},{"id":9266,"n":"Ananas papaye mangue DDV Sirop léger - 4x70g","p":2.75,"u":"9,82 €/KG","img":"https://fd11-photos.leclercdrive.fr/image.ashx?id=2100775&use=l&cat=p&typeid=i","cat":284507},{"id":9276,"n":"Biscuits Sprits P'tit Déli Chocolat au lait - 150g","p":1.09,"u":"7,27 €/KG","img":"https://fd11-photos.leclercdrive.fr/image.ashx?id=2081053&use=l&cat=p&typeid=i","cat":284488},{"id":9322,"n":"Tartelette Choco Caramel St Michel Bonne Maman 135g","p":1.33,"u":"9,85 €/KG","img":"https://fd11-photos.leclercdrive.fr/image.ashx?id=2949931&use=l&cat=p&typeid=i","cat":284488},{"id":9435,"n":"AOP Champagne Mercier  Brut - 75cl","p":24.9,"u":"33,20 €/L","img":"https://fd11-photos.leclercdrive.fr/image.ashx?id=1867174&use=l&cat=p&typeid=i","cat":284542},{"id":9507,"n":"Cahier Clairefontaine Grands carreaux 96p - 24x32cm","p":3.04,"img":"https://fd11-photos.leclercdrive.fr/image.ashx?id=2726971&use=l&cat=p&typeid=i","cat":284697},{"id":9535,"n":"Stylo roller Frixion Pilot Etui bleu x1","p":4.01,"img":"https://fd11-photos.leclercdrive.fr/image.ashx?id=2577968&use=l&cat=p&typeid=i","cat":284696},{"id":9567,"n":"Crayons de couleur Bic Kids Tropicolors 2 - Pochette de 12","p":1.3,"img":"https://fd11-photos.leclercdrive.fr/image.ashx?id=2657463&use=l&cat=p&typeid=i","cat":284696},{"id":9570,"n":"Crayons couleurs Bic Kids x12","p":1.91,"img":"https://fd11-photos.leclercdrive.fr/image.ashx?id=3008287&use=l&cat=p&typeid=i","cat":284696},{"id":9587,"n":"Tube de peinture Esquisse Gouache - 5x10ml","p":1.5,"u":"30,00 €/L","img":"https://fd11-photos.leclercdrive.fr/image.ashx?id=2131185&use=l&cat=p&typeid=i","cat":334133},{"id":9588,"n":"Pinceaux Esquisse x3 taille 4-10 et 16","p":0.99,"img":"https://fd11-photos.leclercdrive.fr/image.ashx?id=1928713&use=l&cat=p&typeid=i","cat":334133},{"id":9589,"n":"Pinceaux Esquisse Taille 6-10 et 14 - x3","p":0.99,"u":"0,33 €/P","img":"https://fd11-photos.leclercdrive.fr/image.ashx?id=1928716&use=l&cat=p&typeid=i","cat":334133},{"id":9591,"n":"Protège-document Esquisse A4 - 120 vues - Multicoloris","p":3.49,"img":"https://fd11-photos.leclercdrive.fr/image.ashx?id=2943148&use=l&cat=p&typeid=i","cat":334133},{"id":9593,"n":"AOP Côtes du Rhône vin rouge Combes Saint Sauveur 75cl","p":4.16,"u":"5,55 €/L","img":"https://fd11-photos.leclercdrive.fr/image.ashx?id=2755414&use=l&cat=p&typeid=i","cat":289556},{"id":9597,"n":"AOP Côtes de Provence rosé Jean Valestrel - 75cl","p":6.66,"u":"8,88 €/L","img":"https://fd11-photos.leclercdrive.fr/image.ashx?id=2236698&use=l&cat=p&typeid=i","cat":289558},{"id":9598,"n":"Nuggets Le Gaulois Extra croustillant x10 - 200g","p":2.16,"u":"10,80 €/KG","img":"https://fd11-photos.leclercdrive.fr/image.ashx?id=2645531&use=l&cat=p&typeid=i","cat":333684},{"id":9605,"n":"Ruban adhésif Esquisse super transparent - 25m","p":0.82,"u":"0,03 €/MT","img":"https://fd11-photos.leclercdrive.fr/image.ashx?id=2943217&use=l&cat=p&typeid=i","cat":334133},{"id":9608,"n":"Intercalaires Esquisse Touch A4 2 jeux de 6 touches","p":1.39,"img":"https://fd11-photos.leclercdrive.fr/image.ashx?id=1678700&use=l&cat=p&typeid=i","cat":284745},{"id":9632,"n":"IGP Pays d'Oc rouge Les Ormes De Cambras 12.5% vol - 75cl","p":2.67,"u":"3,56 €/L","img":"https://fd11-photos.leclercdrive.fr/image.ashx?id=2445121&use=l&cat=p&typeid=i","cat":289556},{"id":9634,"n":"Scotch Whisky Baird's 40%vol - 1L","p":15.49,"u":"15,49 €/L","img":"https://fd11-photos.leclercdrive.fr/image.ashx?id=2907168&use=l&cat=p&typeid=i","cat":284547},{"id":9635,"n":"Rhum blanc Charrette 49%vol - 1L","p":15.63,"u":"15,63 €/L","img":"https://fd11-photos.leclercdrive.fr/image.ashx?id=1946417&use=l&cat=p&typeid=i","cat":284550},{"id":9638,"n":"AOC Rhum agricole blanc Dillon Martinique 55%vol - 1L","p":18.43,"u":"18,43 €/L","img":"https://fd11-photos.leclercdrive.fr/image.ashx?id=2650946&use=l&cat=p&typeid=i","cat":284550},{"id":9641,"n":"Whisky Ballantine's Finest Blended Scotch 40% vol - 1L","p":20.95,"pp":19.45,"u":"19,45 €/L","img":"https://fd11-photos.leclercdrive.fr/image.ashx?id=2816964&use=l&cat=p&typeid=i","cat":284547},{"id":9660,"n":"Patafix Homedéco 32 pastilles - 1 pièce","p":3.32,"img":"https://fd11-photos.leclercdrive.fr/image.ashx?id=1939612&use=l&cat=p&typeid=i","cat":334133},{"id":9662,"n":"Colle Supergel UHU Power glue Ultra rapide - 2x3g","p":3.34,"u":"556,67 €/KG","img":"https://fd11-photos.leclercdrive.fr/image.ashx?id=2327216&use=l&cat=p&typeid=i","cat":334133},{"id":9672,"n":"Colle 3en1 Uhu  Classique - 35ml","p":2.48,"u":"70,86 €/L","img":"https://fd11-photos.leclercdrive.fr/image.ashx?id=1658636&use=l&cat=p&typeid=i","cat":334133},{"id":9676,"n":"Bâton de colle Uhu stic 2x8.2g","p":2.55,"u":"159,38 €/KG","img":"https://fd11-photos.leclercdrive.fr/image.ashx?id=2901058&use=l&cat=p&typeid=i","cat":334133},{"id":9689,"n":"Muffin complet Epi d'Or x4 - 250g","p":1.7,"u":"6,80 €/KG","img":"https://fd11-photos.leclercdrive.fr/image.ashx?id=2939058&use=l&cat=p&typeid=i","cat":284985},{"id":9700,"n":"Serviette incontinence Chorys Extra plus - x16","p":4.99,"u":"0,31 €/P","img":"https://fd11-photos.leclercdrive.fr/image.ashx?id=2691171&use=l&cat=p&typeid=i","cat":284628},{"id":9708,"n":"Crème aux oeufs Délisse Vanille - 4x100g","p":1.49,"u":"3,73 €/KG","img":"https://fd11-photos.leclercdrive.fr/image.ashx?id=1956631&use=l&cat=p&typeid=i","cat":284419},{"id":9709,"n":"Mini brownies P'tit Déli Chocolat pépites x8 - 240g","p":1.49,"u":"6,21 €/KG","img":"https://fd11-photos.leclercdrive.fr/image.ashx?id=2888938&use=l&cat=p&typeid=i","cat":294776},{"id":9864,"n":"Alcool à brûler Mieuxa 90° - 1L","p":3.52,"u":"3,52 €/L","img":"https://fd11-photos.leclercdrive.fr/image.ashx?id=2446020&use=l&cat=p&typeid=i","cat":300576},{"id":9898,"n":"Culotte absorbante Chorys Taille L - x10","p":6.99,"u":"0,70 €/P","img":"https://fd11-photos.leclercdrive.fr/image.ashx?id=2623004&use=l&cat=p&typeid=i","cat":284628},{"id":9899,"n":"Culotte absorbante Chorys Taille M - Plus - x12","p":7.99,"u":"0,67 €/P","img":"https://fd11-photos.leclercdrive.fr/image.ashx?id=2623001&use=l&cat=p&typeid=i","cat":284628},{"id":9915,"n":"Oignons émincés Notre Jardin 1kg","p":1.75,"u":"1,75 €/KG","img":"https://fd11-photos.leclercdrive.fr/image.ashx?id=2873114&use=l&cat=p&typeid=i","cat":319805},{"id":9916,"n":"Epinards Notre Jardin Feuilles à cuire - 600g","p":1.35,"u":"2,25 €/KG","img":"https://fd11-photos.leclercdrive.fr/image.ashx?id=2916677&use=l&cat=p&typeid=i","cat":319805},{"id":9917,"n":"Whisky J&B Rare 40%vol - 1L","p":20.22,"u":"20,22 €/L","img":"https://fd11-photos.leclercdrive.fr/image.ashx?id=2497638&use=l&cat=p&typeid=i","cat":284547},{"id":9933,"n":"Mouchoirs blancs 4 plis Caresse Mouchoirs papier - 24 étuis","p":2.51,"u":"0,10 €/P","img":"https://fd11-photos.leclercdrive.fr/image.ashx?id=2870017&use=l&cat=p&typeid=i","cat":284638},{"id":9937,"n":"Eau de source de Montagne Bouchon sport - 12x33cl","p":2.89,"u":"0,73 €/L","img":"https://fd11-photos.leclercdrive.fr/image.ashx?id=2909879&use=l&cat=p&typeid=i","cat":284535},{"id":9995,"n":"Feuilles papier dessin Esquisse Blanc A4 180g - x12","p":1.49,"u":"0,12 €/P","img":"https://fd11-photos.leclercdrive.fr/image.ashx?id=1678718&use=l&cat=p&typeid=i","cat":284697},{"id":10069,"n":"Gâteaux moelleux Pépito  Pépites de chocolat - 150g","p":1.21,"u":"8,07 €/KG","img":"https://fd11-photos.leclercdrive.fr/image.ashx?id=2374396&use=l&cat=p&typeid=i","cat":284495},{"id":10073,"n":"Tablette chocolat Bio Village Bio Chocolat au lait - 100g","p":1.89,"u":"18,90 €/KG","img":"https://fd11-photos.leclercdrive.fr/image.ashx?id=2861899&use=l&cat=p&typeid=i","cat":284497},{"id":10076,"n":"Tablette chocolat Equador Noir framboise 100g","p":1.82,"u":"18,20 €/KG","img":"https://fd11-photos.leclercdrive.fr/image.ashx?id=2834290&use=l&cat=p&typeid=i","cat":284956},{"id":10091,"n":"Filets maquereaux Pêche Océan Tomate basilic - 169g","p":1.46,"u":"8,64 €/KG","img":"https://fd11-photos.leclercdrive.fr/image.ashx?id=2995031&use=l&cat=p&typeid=i","cat":303868},{"id":10092,"n":"Palets de légumes Notre Jardin Courgettes Carottes - x8 300g","p":1.74,"u":"5,80 €/KG","img":"https://fd11-photos.leclercdrive.fr/image.ashx?id=2878711&use=l&cat=p&typeid=i","cat":319802},{"id":10093,"n":"Palets légumes Notre Jardin Poireaux Carottes - x8 300g","p":1.99,"u":"6,63 €/KG","img":"https://fd11-photos.leclercdrive.fr/image.ashx?id=2878708&use=l&cat=p&typeid=i","cat":319802},{"id":10114,"n":"Essuie-tout Uni Vert Compact Ecologique - x2","p":2.7,"u":"1,35 €/P","img":"https://fd11-photos.leclercdrive.fr/image.ashx?id=2571929&use=l&cat=p&typeid=i","cat":284635},{"id":10122,"n":"Mini gratins Côté Table Aux 3 légumes - x4 480g","p":3.12,"u":"6,50 €/KG","img":"https://fd11-photos.leclercdrive.fr/image.ashx?id=2074419&use=l&cat=p&typeid=i","cat":319802},{"id":10124,"n":"Bâtonnets poulet Pic'Express x18 400g","p":5.13,"u":"12,83 €/KG","img":"https://fd11-photos.leclercdrive.fr/image.ashx?id=2054954&use=l&cat=p&typeid=i","cat":319780},{"id":10126,"n":"Pomme de terre Patato Rigolo Pom'Lisse 750g","p":1.94,"u":"2,59 €/KG","img":"https://fd11-photos.leclercdrive.fr/image.ashx?id=2958323&use=l&cat=p&typeid=i","cat":319792},{"id":10154,"n":"Boules pralinées Jacquot Chocolat lait - 1kg","p":9.39,"u":"9,39 €/KG","img":"https://fd11-photos.leclercdrive.fr/image.ashx?id=2303300&use=l&cat=p&typeid=i","cat":327595},{"id":10163,"n":"Palets légumes Notre Jardin Choux-fleurs Brocolis - x8 300g","p":2.1,"u":"7,00 €/KG","img":"https://fd11-photos.leclercdrive.fr/image.ashx?id=2878714&use=l&cat=p&typeid=i","cat":319802},{"id":10192,"n":"Olives Vertes Tramier  Dénoyautées 160g","p":1.72,"u":"10,75 €/KG","img":"https://fd11-photos.leclercdrive.fr/image.ashx?id=2363829&use=l&cat=p&typeid=i","cat":284458},{"id":10200,"n":"Pommes de terre lamelles Lunor De consommation cuites - 500g","p":1.61,"u":"3,22 €/KG","img":"https://fd11-photos.leclercdrive.fr/image.ashx?id=2167898&use=l&cat=p&typeid=i","cat":284352},{"id":10211,"n":"Pâtes Nouilles Turini 1kg","p":1.35,"u":"1,35 €/KG","img":"https://fd11-photos.leclercdrive.fr/image.ashx?id=2980761&use=l&cat=p&typeid=i","cat":284427},{"id":10215,"n":"Sauce Basquaise Rustica Aux 2 poivrons - 400g","p":1.29,"u":"3,23 €/KG","img":"https://fd11-photos.leclercdrive.fr/image.ashx?id=2887398&use=l&cat=p&typeid=i","cat":287599},{"id":10216,"n":"Sauce Aigre Douce Rustica Légumes croquants - 400g","p":1.28,"u":"3,20 €/KG","img":"https://fd11-photos.leclercdrive.fr/image.ashx?id=2887401&use=l&cat=p&typeid=i","cat":287599},{"id":10217,"n":"Sauce Curry Rustica Légumes et lait de coco - 400g","p":1.31,"u":"3,28 €/KG","img":"https://fd11-photos.leclercdrive.fr/image.ashx?id=2887404&use=l&cat=p&typeid=i","cat":287599},{"id":10227,"n":"Mini gratins Côté Table Dauphinois - x4 480g","p":2.99,"u":"6,23 €/KG","img":"https://fd11-photos.leclercdrive.fr/image.ashx?id=2627640&use=l&cat=p&typeid=i","cat":319802},{"id":10244,"n":"Thon entier Pêche Océan Naturel - 280g","p":3.72,"u":"13,29 €/KG","img":"https://fd11-photos.leclercdrive.fr/image.ashx?id=2941414&use=l&cat=p&typeid=i","cat":303867},{"id":10314,"n":"Crevettes cuites Delpierre 80/100 ASC - 200g","p":3.01,"u":"15,05 €/KG","img":"https://fd11-photos.leclercdrive.fr/image.ashx?id=1610405&use=l&cat=p&typeid=i","cat":284343},{"id":10324,"n":"Pommes de terre Bio Bio Village Vapeur et sautées  - 1.5kg","p":2.99,"u":"1,99 €/KG","img":"https://fd11-photos.leclercdrive.fr/image.ashx?id=2960535&use=l&cat=p&typeid=i","cat":284352},{"id":10344,"n":"Petit Beurre Pocket P'ti Déli 3x12 sachets 300g","p":1.68,"u":"5,60 €/KG","img":"https://fd11-photos.leclercdrive.fr/image.ashx?id=1965518&use=l&cat=p&typeid=i","cat":284487},{"id":10346,"n":"Vinaigrette allégée Rustica Balsamique huile d'olive - 50cl","p":2.49,"u":"4,98 €/L","img":"https://fd11-photos.leclercdrive.fr/image.ashx?id=1972913&use=l&cat=p&typeid=i","cat":284456},{"id":10348,"n":"Huile de noix Rustica 50cl","p":4.68,"u":"9,36 €/L","img":"https://fd11-photos.leclercdrive.fr/image.ashx?id=2523703&use=l&cat=p&typeid=i","cat":284453},{"id":10351,"n":"Sacs à couche Mots d'Enfant Parfumés - x50","p":1.6,"u":"0,03 €/P","img":"https://fd11-photos.leclercdrive.fr/image.ashx?id=1886564&use=l&cat=p&typeid=i","cat":284737},{"id":10355,"n":"Boites à archive blanche x5","p":3.45,"u":"0,69 €/P","img":"https://fd11-photos.leclercdrive.fr/image.ashx?id=1929780&use=l&cat=p&typeid=i","cat":284745},{"id":10356,"n":"Bloc bureau Esquisse - 80 pages Seyes - 21x31.5cm","p":2.79,"img":"https://fd11-photos.leclercdrive.fr/image.ashx?id=2943187&use=l&cat=p&typeid=i","cat":284697},{"id":10363,"n":"Equerre Esquisse 60 degrés - 20cm","p":0.85,"img":"https://fd11-photos.leclercdrive.fr/image.ashx?id=2943160&use=l&cat=p&typeid=i","cat":334133},{"id":10384,"n":"Sauce Chasseur Knorr 23g","p":0.7,"u":"30,43 €/KG","img":"https://fd11-photos.leclercdrive.fr/image.ashx?id=1936770&use=l&cat=p&typeid=i","cat":288381},{"id":10398,"n":"Biscuit apéritif ancel Bretzels Maxi - 200g","p":0.8,"u":"4,00 €/KG","img":"https://fd11-photos.leclercdrive.fr/image.ashx?id=2991813&use=l&cat=p&typeid=i","cat":297000},{"id":10526,"n":"Pommes Noisettes McCain 1kg","p":2.93,"u":"2,93 €/KG","img":"https://fd11-photos.leclercdrive.fr/image.ashx?id=2911312&use=l&cat=p&typeid=i","cat":319792},{"id":10527,"n":"Pommes Rissolées McCain  1kg","p":2.54,"u":"2,54 €/KG","img":"https://fd11-photos.leclercdrive.fr/image.ashx?id=2911309&use=l&cat=p&typeid=i","cat":319792},{"id":10559,"n":"Peinture gouache Esquisse Pastilles x12   1 pinceau","p":2.29,"img":"https://fd11-photos.leclercdrive.fr/image.ashx?id=1678667&use=l&cat=p&typeid=i","cat":334133},{"id":10560,"n":"Porte mines Critérium Bic HB 2mm","p":4.9,"img":"https://fd11-photos.leclercdrive.fr/image.ashx?id=2356136&use=l&cat=p&typeid=i","cat":284696},{"id":10637,"n":"Crème entière Délisse Fluide - 30% MG - 2x25cl","p":2.72,"u":"5,44 €/L","img":"https://fd11-photos.leclercdrive.fr/image.ashx?id=3002560&use=l&cat=p&typeid=i","cat":284381},{"id":10641,"n":"Yaourts lait entier nature Bio Bio village - 4x125g","p":0.95,"u":"1,90 €/KG","img":"https://fd11-photos.leclercdrive.fr/image.ashx?id=2743831&use=l&cat=p&typeid=i","cat":284409},{"id":10655,"n":"IGP Pays d'Oc rouge Cabernet Sauvignon 12.5% vol - 75cl","p":2.61,"u":"3,48 €/L","img":"https://fd11-photos.leclercdrive.fr/image.ashx?id=2189904&use=l&cat=p&typeid=i","cat":289556},{"id":10658,"n":"Beurre gastronomique Président Doux - 82% MG - 125g","p":1.71,"u":"13,68 €/KG","img":"https://fd11-photos.leclercdrive.fr/image.ashx?id=2740592&use=l&cat=p&typeid=i","cat":284379},{"id":10674,"n":"Soda Coca-Cola Bouteille - 6x50cl","p":6.16,"u":"2,05 €/L","img":"https://fd11-photos.leclercdrive.fr/image.ashx?id=2885414&use=l&cat=p&typeid=i","cat":284530},{"id":10712,"n":"Rillette de sardine à la tomate Les Mouettes d'Arvor - 125g","p":3.09,"u":"24,72 €/KG","img":"https://fd11-photos.leclercdrive.fr/image.ashx?id=1891144&use=l&cat=p&typeid=i","cat":305149},{"id":10713,"n":"Rillettes maquereaux moutarde Les Mouettes d'Arvor - 125g","p":3.09,"u":"24,72 €/KG","img":"https://fd11-photos.leclercdrive.fr/image.ashx?id=1891147&use=l&cat=p&typeid=i","cat":303868},{"id":10714,"n":"Rillette saumon Mouette d'Arvor Citron Aneth - 125g","p":3.09,"u":"24,72 €/KG","img":"https://fd11-photos.leclercdrive.fr/image.ashx?id=1891153&use=l&cat=p&typeid=i","cat":305147},{"id":10720,"n":"Vin mousseux Charles Volner Demi-sec - 11%vol. - 75cl","p":3.2,"u":"4,27 €/L","img":"https://fd11-photos.leclercdrive.fr/image.ashx?id=1592055&use=l&cat=p&typeid=i","cat":284544},{"id":10766,"n":"Pain d'épices P'tit Déli 350g","p":1.81,"u":"5,17 €/KG","img":"https://fd11-photos.leclercdrive.fr/image.ashx?id=1938852&use=l&cat=p&typeid=i","cat":284493},{"id":10767,"n":"Riz cantonais Comptoir du Grain Express 2 min - 250g","p":1.19,"u":"4,76 €/KG","img":"https://fd11-photos.leclercdrive.fr/image.ashx?id=2441198&use=l&cat=p&typeid=i","cat":287600},{"id":10781,"n":"Chair de tomate Notre Jardin Nature - 400g","p":1.99,"u":"4,98 €/KG","img":"https://fd11-photos.leclercdrive.fr/image.ashx?id=2590436&use=l&cat=p&typeid=i","cat":312608},{"id":10785,"n":"Mogette cuisinée NRT De Vendée - 820g","p":3.01,"u":"3,67 €/KG","img":"https://fd11-photos.leclercdrive.fr/image.ashx?id=2771384&use=l&cat=p&typeid=i","cat":312606},{"id":10787,"n":"Huile de colza Bio Village Bio - 75cl","p":3.79,"u":"5,05 €/L","img":"https://fd11-photos.leclercdrive.fr/image.ashx?id=2989715&use=l&cat=p&typeid=i","cat":284453},{"id":10927,"n":"Noix de cajou grilées Eco+ Salées - 125g","p":1.34,"u":"10,72 €/KG","img":"https://fd11-photos.leclercdrive.fr/image.ashx?id=2839815&use=l&cat=p&typeid=i","cat":284448},{"id":10928,"n":"Mélange Eco+ Graines et raisin - 200g","p":1.45,"u":"7,25 €/KG","img":"https://fd11-photos.leclercdrive.fr/image.ashx?id=2780713&use=l&cat=p&typeid=i","cat":284448},{"id":10929,"n":"Madeleines longues Eco+ 250g","p":0.89,"u":"3,56 €/KG","img":"https://fd11-photos.leclercdrive.fr/image.ashx?id=2875672&use=l&cat=p&typeid=i","cat":284492},{"id":10930,"n":"Chocolat pâtissier Eco+ Spécial dessert 200g","p":1.59,"u":"7,95 €/KG","img":"https://fd11-photos.leclercdrive.fr/image.ashx?id=2793140&use=l&cat=p&typeid=i","cat":285562},{"id":10933,"n":"Huile olive Eco+ Extra vierge - 1L","p":6.67,"u":"6,67 €/L","img":"https://fd11-photos.leclercdrive.fr/image.ashx?id=3002500&use=l&cat=p&typeid=i","cat":284453},{"id":10938,"n":"Barquette chien Eco+ Au boeuf - 300g","p":0.52,"u":"1,73 €/KG","img":"https://fd11-photos.leclercdrive.fr/image.ashx?id=2052829&use=l&cat=p&typeid=i","cat":284673},{"id":10945,"n":"Boules de graisse Eco+ x6 - 540g","p":0.75,"u":"1,39 €/KG","img":"https://fd11-photos.leclercdrive.fr/image.ashx?id=2220275&use=l&cat=p&typeid=i","cat":284678},{"id":10952,"n":"Pains aux raisins 2p","p":1.5,"u":"0,75 €/P","img":"https://fd11-photos.leclercdrive.fr/image.ashx?id=587996&use=l&cat=p&typeid=i","cat":284984},{"id":10956,"n":"Pain de campagne tranché   400g","p":1.3,"u":"3,25 €/KG","img":"https://fd11-photos.leclercdrive.fr/image.ashx?id=2062918&use=l&cat=p&typeid=i","cat":284359},{"id":10967,"n":"Jus d'orange Andros Oranges pressées - 1L","p":2.86,"u":"2,86 €/L","img":"https://fd11-photos.leclercdrive.fr/image.ashx?id=2882632&use=l&cat=p&typeid=i","cat":285435},{"id":10970,"n":"Jus de clémentines Andros  Clémentines Pressées - 1L","p":2.82,"u":"2,82 €/L","img":"https://fd11-photos.leclercdrive.fr/image.ashx?id=2882647&use=l&cat=p&typeid=i","cat":285435},{"id":10971,"n":"Jus de pommes pressées Andros 1L","p":2.43,"u":"2,43 €/L","img":"https://fd11-photos.leclercdrive.fr/image.ashx?id=2882644&use=l&cat=p&typeid=i","cat":285435},{"id":10994,"n":"Gâteaux P'tit Déli Pépites de chocolat 10x30g","p":1.89,"u":"6,30 €/KG","img":"https://fd11-photos.leclercdrive.fr/image.ashx?id=1947354&use=l&cat=p&typeid=i","cat":284495},{"id":11034,"n":"Terrine de campagne Côté Table Porc confit - 2x180g","p":2.79,"u":"7,75 €/KG","img":"https://fd11-photos.leclercdrive.fr/image.ashx?id=2519426&use=l&cat=p&typeid=i","cat":305149},{"id":11037,"n":"Sauce tomate Italienne Zapetti - 3x190g","p":3.21,"u":"5,63 €/KG","img":"https://fd11-photos.leclercdrive.fr/image.ashx?id=2579975&use=l&cat=p&typeid=i","cat":288384},{"id":11042,"n":"Crêpes Côté Table Fromage fondu x20 1kg","p":3.29,"u":"3,29 €/KG","img":"https://fd11-photos.leclercdrive.fr/image.ashx?id=2756849&use=l&cat=p&typeid=i","cat":319776},{"id":11046,"n":"Duo de riz Camargue Bio village Bio  - 500g","p":3.9,"u":"7,80 €/KG","img":"https://fd11-photos.leclercdrive.fr/image.ashx?id=2477008&use=l&cat=p&typeid=i","cat":284428},{"id":11070,"n":"Soupe instantanée Royco  Oignons & Croûtons - 4x200ml","p":1.47,"u":"18,38 €/KG","img":"https://fd11-photos.leclercdrive.fr/image.ashx?id=2650985&use=l&cat=p&typeid=i","cat":293527},{"id":11079,"n":"Brioches fourrées Epi d'Or Chocolat x8 - 310g","p":1.64,"u":"5,29 €/KG","img":"https://fd11-photos.leclercdrive.fr/image.ashx?id=2860730&use=l&cat=p&typeid=i","cat":293505},{"id":11153,"n":"Truite fumée Ovive Pyrénées 4 tranches - 120g","p":5.76,"u":"48,00 €/KG","img":"https://fd11-photos.leclercdrive.fr/image.ashx?id=2887848&use=l&cat=p&typeid=i","cat":285188},{"id":11175,"n":"Plat bébé soir Blédiner 8 mois Risotto courgette - 2x200g","p":2.17,"u":"5,43 €/KG","img":"https://fd11-photos.leclercdrive.fr/image.ashx?id=2921043&use=l&cat=p&typeid=i","cat":312239},{"id":11176,"n":"Lait céréales bébé Blédiner 6m Courgette soir - 2x250ml","p":1.7,"u":"3,40 €/L","img":"https://fd11-photos.leclercdrive.fr/image.ashx?id=2960147&use=l&cat=p&typeid=i","cat":312239},{"id":11178,"n":"Plat bébé soir Blédiner 12 mois Pâtes tomate courgette - 2x200g","p":2.19,"u":"5,48 €/KG","img":"https://fd11-photos.leclercdrive.fr/image.ashx?id=2902966&use=l&cat=p&typeid=i","cat":312239},{"id":11292,"n":"AOC Clairette de Die Jaillance Esprit de terroirTradition 75cl","p":5.95,"u":"7,93 €/L","img":"https://fd11-photos.leclercdrive.fr/image.ashx?id=2453499&use=l&cat=p&typeid=i","cat":284545},{"id":11308,"n":"Couscous Tipiak - Grain moyen Prêt en 4 min - 1kg","p":1.64,"u":"1,64 €/KG","img":"https://fd11-photos.leclercdrive.fr/image.ashx?id=2947826&use=l&cat=p&typeid=i","cat":284429},{"id":11309,"n":"Fromage de Brebis Le Brebiou  Des Pyrénées - 180g","p":2.98,"u":"16,56 €/KG","img":"https://fd11-photos.leclercdrive.fr/image.ashx?id=2472855&use=l&cat=p&typeid=i","cat":314031},{"id":11365,"n":"Crème aux oeufs La Laitière Vanille - 4x100g","p":1.76,"u":"4,40 €/KG","img":"https://fd11-photos.leclercdrive.fr/image.ashx?id=3007987&use=l&cat=p&typeid=i","cat":284419},{"id":11464,"n":"Pointe de brie Président Crémeux - 200g","p":1.92,"u":"9,60 €/KG","img":"https://fd11-photos.leclercdrive.fr/image.ashx?id=2029841&use=l&cat=p&typeid=i","cat":314033},{"id":11465,"n":"Beurre La Motte Président Demi-sel - 80%MG - 250g","p":3.19,"u":"12,76 €/KG","img":"https://fd11-photos.leclercdrive.fr/image.ashx?id=2896970&use=l&cat=p&typeid=i","cat":284379},{"id":11507,"n":"Yaourts Mamie Nova Noix de coco - 2x150g","p":1.23,"u":"4,10 €/KG","img":"https://fd11-photos.leclercdrive.fr/image.ashx?id=2888488&use=l&cat=p&typeid=i","cat":284410},{"id":11508,"n":"Lait céréales Blédidej 6 mois Biscuit  - 4x250ml","p":3.41,"u":"3,41 €/L","img":"https://fd11-photos.leclercdrive.fr/image.ashx?id=2921040&use=l&cat=p&typeid=i","cat":312226},{"id":11509,"n":"Feuille de brick Tablier Blanc 8 feuilles - 136g","p":0.77,"u":"5,66 €/KG","img":"https://fd11-photos.leclercdrive.fr/image.ashx?id=1938558&use=l&cat=p&typeid=i","cat":333681},{"id":11517,"n":"Mi-bas mousse Tissaia Beige moyen taille unique - x3","p":1.95,"u":"0,65 €/P","img":"https://fd11-photos.leclercdrive.fr/image.ashx?id=2193323&use=l&cat=p&typeid=i","cat":334130},{"id":11518,"n":"Mi-bas voile Tissaia Noir - Taille unique - x3","p":2.3,"u":"0,77 €/P","img":"https://fd11-photos.leclercdrive.fr/image.ashx?id=2193338&use=l&cat=p&typeid=i","cat":334130},{"id":11519,"n":"Mi-bas mousse lycra Tissaia Noir taille unique - x3","p":2.5,"u":"0,83 €/P","img":"https://fd11-photos.leclercdrive.fr/image.ashx?id=2193329&use=l&cat=p&typeid=i","cat":334130},{"id":11520,"n":"Mi-bas mousse lycra Tissaia Gris moyen taille unique - x3","p":2.5,"u":"0,83 €/P","img":"https://fd11-photos.leclercdrive.fr/image.ashx?id=2193332&use=l&cat=p&typeid=i","cat":334130},{"id":11521,"n":"Socquettes mousse Tissaia Noires TU - x3","p":1.85,"u":"0,62 €/P","img":"https://fd11-photos.leclercdrive.fr/image.ashx?id=2660495&use=l&cat=p&typeid=i","cat":334130},{"id":11522,"n":"Socquettes mousse Tissaia Elasthanne beige moyen TU - x3","p":1.85,"u":"0,62 €/P","img":"https://fd11-photos.leclercdrive.fr/image.ashx?id=2660498&use=l&cat=p&typeid=i","cat":334130},{"id":11523,"n":"Socquettes voile Tissaia Résistant Noir Taille Unique-x3","p":2.95,"u":"0,98 €/P","img":"https://fd11-photos.leclercdrive.fr/image.ashx?id=2193362&use=l&cat=p&typeid=i","cat":334130},{"id":11524,"n":"Socquettes voile Tissaia Résistant beige moyen TU - x3","p":2.95,"u":"0,98 €/P","img":"https://fd11-photos.leclercdrive.fr/image.ashx?id=2193365&use=l&cat=p&typeid=i","cat":334130},{"id":11525,"n":"Socquettes voile Tissaia Beige clair taille U - x3","p":2.95,"u":"0,98 €/P","img":"https://fd11-photos.leclercdrive.fr/image.ashx?id=2193368&use=l&cat=p&typeid=i","cat":334130},{"id":11527,"n":"Essuie-tout blanc Mimosa Super absorbant - x6","p":3.74,"u":"0,62 €/P","img":"https://fd11-photos.leclercdrive.fr/image.ashx?id=2401882&use=l&cat=p&typeid=i","cat":284635},{"id":11587,"n":"Papier toilette Mimosa Rose - Ultra doux - x12","p":2.82,"u":"0,24 €/P","img":"https://fd11-photos.leclercdrive.fr/image.ashx?id=2448303&use=l&cat=p&typeid=i","cat":284634},{"id":11611,"n":"Avocats mûrs à point  Panier du Primeur x2","p":3.39,"u":"1,70 €/P","img":"https://fd11-photos.leclercdrive.fr/image.ashx?id=2373012&use=l&cat=p&typeid=i","cat":284352},{"id":11633,"n":"Collant Well Elastivoile Satiné ibiza T1","p":4.45,"img":"https://fd11-photos.leclercdrive.fr/image.ashx?id=2056377&use=l&cat=p&typeid=i","cat":334130},{"id":11635,"n":"Collant Well Elastivoile Satiné ibiza T2","p":4.45,"img":"https://fd11-photos.leclercdrive.fr/image.ashx?id=2056380&use=l&cat=p&typeid=i","cat":334130},{"id":11639,"n":"Mi-bas Well Elastivoile Satiné ibiza taille U x2","p":4.61,"img":"https://fd11-photos.leclercdrive.fr/image.ashx?id=2056389&use=l&cat=p&typeid=i","cat":334130},{"id":11640,"n":"Mi-bas Well Elastivoile Satiné noir taille U x2","p":4.61,"img":"https://fd11-photos.leclercdrive.fr/image.ashx?id=2587536&use=l&cat=p&typeid=i","cat":334130},{"id":11643,"n":"Mi-bas Well Actiwell Circulation noir T39/41 x1","p":3.31,"img":"https://fd11-photos.leclercdrive.fr/image.ashx?id=2587539&use=l&cat=p&typeid=i","cat":334130},{"id":11645,"n":"Mi-bas Well Actiwell Circulation ibiza T36/38 x1","p":3.31,"img":"https://fd11-photos.leclercdrive.fr/image.ashx?id=2056413&use=l&cat=p&typeid=i","cat":334130},{"id":11646,"n":"Mi-bas Well Actiwell Circulation noir T36/38 x1","p":3.31,"img":"https://fd11-photos.leclercdrive.fr/image.ashx?id=2587542&use=l&cat=p&typeid=i","cat":334130},{"id":11647,"n":"Collant voile Well Body Galbe Noir - T1","p":5.35,"img":"https://fd11-photos.leclercdrive.fr/image.ashx?id=589096&use=l&cat=p&typeid=i","cat":334130},{"id":11648,"n":"Collant voile Tissaia Transparent noir T1 - x2","p":2.15,"u":"1,08 €/P","img":"https://fd11-photos.leclercdrive.fr/image.ashx?id=2193027&use=l&cat=p&typeid=i","cat":334130},{"id":11649,"n":"Collant voile Well Body Galbe Noir - T3","p":5.35,"img":"https://fd11-photos.leclercdrive.fr/image.ashx?id=589104&use=l&cat=p&typeid=i","cat":334130},{"id":11656,"n":"Collant voile Tissaia Transparent noir T3 - x2","p":2.15,"u":"1,08 €/P","img":"https://fd11-photos.leclercdrive.fr/image.ashx?id=2193036&use=l&cat=p&typeid=i","cat":334130},{"id":11660,"n":"Collant voile Tissaia Transparent noir T4 - x2","p":2.15,"u":"1,08 €/P","img":"https://fd11-photos.leclercdrive.fr/image.ashx?id=2193042&use=l&cat=p&typeid=i","cat":334130},{"id":11664,"n":"Collant voile Tissaia Résistant noir T1 - x2","p":3.25,"u":"1,63 €/P","img":"https://fd11-photos.leclercdrive.fr/image.ashx?id=2193048&use=l&cat=p&typeid=i","cat":334130},{"id":11667,"n":"Collant voile Tissaia Résistant beige foncé T2 - x2","p":3.25,"u":"1,63 €/P","img":"https://fd11-photos.leclercdrive.fr/image.ashx?id=2193051&use=l&cat=p&typeid=i","cat":334130},{"id":11669,"n":"Collant voile Tissaia Résistant noir T2 - x2","p":3.25,"u":"1,63 €/P","img":"https://fd11-photos.leclercdrive.fr/image.ashx?id=2193054&use=l&cat=p&typeid=i","cat":334130},{"id":11673,"n":"Collant voile Tissaia Résistant noir T3 - x2","p":3.25,"u":"1,63 €/P","img":"https://fd11-photos.leclercdrive.fr/image.ashx?id=2193060&use=l&cat=p&typeid=i","cat":334130},{"id":11677,"n":"Collant voile résistant Tissaia Résistant noir T4 - x2","p":3.25,"u":"1,63 €/P","img":"https://fd11-photos.leclercdrive.fr/image.ashx?id=2193066&use=l&cat=p&typeid=i","cat":334130},{"id":11679,"n":"Collant voile Tissaia Résistant beige foncé T5 - x2","p":3.25,"u":"1,63 €/P","img":"https://fd11-photos.leclercdrive.fr/image.ashx?id=2193069&use=l&cat=p&typeid=i","cat":334130},{"id":11681,"n":"Collant voile Tissaia Résistant noir T5 - x2","p":3.25,"u":"1,63 €/P","img":"https://fd11-photos.leclercdrive.fr/image.ashx?id=2193072&use=l&cat=p&typeid=i","cat":334130},{"id":11684,"n":"Collants Well Elastivoile Résistant noir T3","p":3.7,"img":"https://fd11-photos.leclercdrive.fr/image.ashx?id=2056545&use=l&cat=p&typeid=i","cat":334130},{"id":11685,"n":"Collant voile Tissaia Résistant noir T6 - x2","p":3.25,"u":"1,63 €/P","img":"https://fd11-photos.leclercdrive.fr/image.ashx?id=2193078&use=l&cat=p&typeid=i","cat":334130},{"id":11686,"n":"Collant mousse Tissaia Elasthanne Noir T1 - x2","p":2.6,"u":"1,30 €/P","img":"https://fd11-photos.leclercdrive.fr/image.ashx?id=2193099&use=l&cat=p&typeid=i","cat":334130},{"id":11687,"n":"Collant mousse Tissaia Confort beige moyen T1 - x2","p":1.95,"u":"0,98 €/P","img":"https://fd11-photos.leclercdrive.fr/image.ashx?id=2193081&use=l&cat=p&typeid=i","cat":334130},{"id":11688,"n":"Collant mousse Tissaia Elasthanne Noir T2 - x2","p":2.6,"u":"1,30 €/P","img":"https://fd11-photos.leclercdrive.fr/image.ashx?id=2193111&use=l&cat=p&typeid=i","cat":334130},{"id":11689,"n":"Collant mousse Tissaia Confort beige moyen T2 - x2","p":1.95,"u":"0,98 €/P","img":"https://fd11-photos.leclercdrive.fr/image.ashx?id=2193084&use=l&cat=p&typeid=i","cat":334130},{"id":11690,"n":"Collant mousse Tissaia Confort beige moyen T3 - x2","p":1.95,"u":"0,98 €/P","img":"https://fd11-photos.leclercdrive.fr/image.ashx?id=2193087&use=l&cat=p&typeid=i","cat":334130},{"id":11698,"n":"Collant mousse Tissaia Elasthanne Noir T4 - x2","p":2.6,"u":"1,30 €/P","img":"https://fd11-photos.leclercdrive.fr/image.ashx?id=2193278&use=l&cat=p&typeid=i","cat":334130},{"id":11706,"n":"Collant opaque Tissaia Microfibre noir 40D - T3","p":3.5,"img":"https://fd11-photos.leclercdrive.fr/image.ashx?id=2193299&use=l&cat=p&typeid=i","cat":334130},{"id":11707,"n":"Collant opaque Tissaia Microfibre noir 40D - T4","p":3.5,"img":"https://fd11-photos.leclercdrive.fr/image.ashx?id=2436909&use=l&cat=p&typeid=i","cat":334130},{"id":11708,"n":"Collant opaque Tissaia Microfibre noir 40D - T1/2","p":3.5,"img":"https://fd11-photos.leclercdrive.fr/image.ashx?id=2193305&use=l&cat=p&typeid=i","cat":334130},{"id":11736,"n":"Mi-bas opaque Tissaia Noir taille unique - x2","p":3.95,"u":"1,98 €/P","img":"https://fd11-photos.leclercdrive.fr/image.ashx?id=2193317&use=l&cat=p&typeid=i","cat":334130},{"id":11737,"n":"Mi-bas mousse Tissaia Noir taille unique - x3","p":1.95,"u":"0,65 €/P","img":"https://fd11-photos.leclercdrive.fr/image.ashx?id=2193320&use=l&cat=p&typeid=i","cat":334130},{"id":11740,"n":"Mi-bas mousse Tissaia Beige clair taille unique - x3","p":2.5,"u":"0,83 €/P","img":"https://fd11-photos.leclercdrive.fr/image.ashx?id=2193335&use=l&cat=p&typeid=i","cat":334130},{"id":11741,"n":"Mi-bas mousse lycra Tissaia Beige foncé taille unique - x3","p":2.5,"u":"0,83 €/P","img":"https://fd11-photos.leclercdrive.fr/image.ashx?id=1513870&use=l&cat=p&typeid=i","cat":334130},{"id":11742,"n":"Mi-bas voile Tissaia Beige foncé taille unique - x3","p":2.3,"u":"0,77 €/P","img":"https://fd11-photos.leclercdrive.fr/image.ashx?id=2193341&use=l&cat=p&typeid=i","cat":334130},{"id":11744,"n":"Mi-bas voile Tissaia Naturel taille unique - x3","p":2.3,"u":"0,77 €/P","img":"https://fd11-photos.leclercdrive.fr/image.ashx?id=2193344&use=l&cat=p&typeid=i","cat":334130},{"id":11745,"n":"Mi-bas voile résistant Tissaia Gris moyen taille unique - x3","p":2.7,"u":"0,90 €/P","img":"https://fd11-photos.leclercdrive.fr/image.ashx?id=2193350&use=l&cat=p&typeid=i","cat":334130},{"id":11804,"n":"Collant voile Well Body Galbe Noir - T2","p":5.35,"img":"https://fd11-photos.leclercdrive.fr/image.ashx?id=589530&use=l&cat=p&typeid=i","cat":334130},{"id":11805,"n":"Collant voile Well Body Galbe Noir - T4","p":5.35,"img":"https://fd11-photos.leclercdrive.fr/image.ashx?id=589532&use=l&cat=p&typeid=i","cat":334130},{"id":11809,"n":"Collants Well Elastivoile Résistant ibiza T4","p":3.7,"img":"https://fd11-photos.leclercdrive.fr/image.ashx?id=2560837&use=l&cat=p&typeid=i","cat":334130},{"id":11810,"n":"Collant Well Elastivoile Résistant noir T4","p":3.7,"img":"https://fd11-photos.leclercdrive.fr/image.ashx?id=2056374&use=l&cat=p&typeid=i","cat":334130},{"id":11880,"n":"AOC Vouvray brut Les Caractères - 75cl","p":5.99,"u":"7,99 €/L","img":"https://fd11-photos.leclercdrive.fr/image.ashx?id=2801043&use=l&cat=p&typeid=i","cat":284544},{"id":11886,"n":"IGP Pays d'Oc Gris vin rosé Rives & Terrasses 12.5% BIB 3L","p":8.49,"u":"2,83 €/L","img":"https://fd11-photos.leclercdrive.fr/image.ashx?id=2909383&use=l&cat=p&typeid=i","cat":289560},{"id":11900,"n":"Arôme naturel de vanille Vahiné 20ml","p":2.29,"u":"114,50 €/L","img":"https://fd11-photos.leclercdrive.fr/image.ashx?id=2559766&use=l&cat=p&typeid=i","cat":284504},{"id":11902,"n":"Arôme amande amère Vahiné 20ml","p":1.2,"u":"60,00 €/L","img":"https://fd11-photos.leclercdrive.fr/image.ashx?id=2559769&use=l&cat=p&typeid=i","cat":284504},{"id":11903,"n":"Arôme naturel de citron Vahiné 20ml","p":1.34,"u":"67,00 €/L","img":"https://fd11-photos.leclercdrive.fr/image.ashx?id=2559772&use=l&cat=p&typeid=i","cat":284504},{"id":11906,"n":"Nappage caramel Vahiné 700g","p":3.4,"u":"4,86 €/KG","img":"https://fd11-photos.leclercdrive.fr/image.ashx?id=2983234&use=l&cat=p&typeid=i","cat":284504},{"id":11908,"n":"Perles multicolores Vahiné 80g","p":1.41,"u":"17,63 €/KG","img":"https://fd11-photos.leclercdrive.fr/image.ashx?id=2524308&use=l&cat=p&typeid=i","cat":284504},{"id":11910,"n":"Colorant alimentaire Vahiné Assortiment x3","p":1.45,"u":"0,48 €/P","img":"https://fd11-photos.leclercdrive.fr/image.ashx?id=2939352&use=l&cat=p&typeid=i","cat":284504},{"id":11917,"n":"Crayon pâtissier Vahiné x1","p":1.46,"img":"https://fd11-photos.leclercdrive.fr/image.ashx?id=2983240&use=l&cat=p&typeid=i","cat":284504},{"id":12000,"n":"Couscous Comptoir du Grain Grain moyen - 5x100g","p":0.84,"u":"1,68 €/KG","img":"https://fd11-photos.leclercdrive.fr/image.ashx?id=3012815&use=l&cat=p&typeid=i","cat":284429},{"id":12063,"n":"Rasoirs jetables Bic sensitive 3 lames - x12","p":4.88,"u":"0,41 €/P","img":"https://fd11-photos.leclercdrive.fr/image.ashx?id=2768502&use=l&cat=p&typeid=i","cat":284616},{"id":12078,"n":"Pâte à tartiner Nustikao 400g","p":1.83,"u":"4,58 €/KG","img":"https://fd11-photos.leclercdrive.fr/image.ashx?id=2856411&use=l&cat=p&typeid=i","cat":284481},{"id":12080,"n":"Boisson énergisante X-tense Canette - 25cl","p":0.39,"u":"1,56 €/L","img":"https://fd11-photos.leclercdrive.fr/image.ashx?id=2956041&use=l&cat=p&typeid=i","cat":284533},{"id":12102,"n":"Roquette Notre Jardin  - 125g","p":1.42,"u":"11,36 €/KG","img":"https://fd11-photos.leclercdrive.fr/image.ashx?id=2720157&use=l&cat=p&typeid=i","cat":284353},{"id":12122,"n":"Vermicelles de riz Suzi Wan 250g","p":1.96,"u":"7,84 €/KG","img":"https://fd11-photos.leclercdrive.fr/image.ashx?id=3002183&use=l&cat=p&typeid=i","cat":288992},{"id":12131,"n":"Crème coco Suzi Wan 200ml","p":1.28,"u":"6,40 €/L","img":"https://fd11-photos.leclercdrive.fr/image.ashx?id=2886250&use=l&cat=p&typeid=i","cat":288992},{"id":12236,"n":"Spaghetti d'Alsace NRT 250g","p":1.39,"u":"5,56 €/KG","img":"https://fd11-photos.leclercdrive.fr/image.ashx?id=2839983&use=l&cat=p&typeid=i","cat":284427},{"id":12242,"n":"Rillettes de saumon MSC Ronde des mers - 150g","p":1.99,"u":"13,27 €/KG","img":"https://fd11-photos.leclercdrive.fr/image.ashx?id=2822729&use=l&cat=p&typeid=i","cat":285191},{"id":12243,"n":"Rillettes de thon MSC Ronde des mers - 150g","p":1.99,"u":"13,27 €/KG","img":"https://fd11-photos.leclercdrive.fr/image.ashx?id=2644873&use=l&cat=p&typeid=i","cat":285191},{"id":12249,"n":"Torsades d'Alsace NRT 250g","p":1.39,"u":"5,56 €/KG","img":"https://fd11-photos.leclercdrive.fr/image.ashx?id=2839980&use=l&cat=p&typeid=i","cat":284427},{"id":12259,"n":"Fromage Mimolette vieille NRT  Label Rouge  - 200g","p":3.65,"u":"18,25 €/KG","img":"https://fd11-photos.leclercdrive.fr/image.ashx?id=2934829&use=l&cat=p&typeid=i","cat":314034},{"id":12261,"n":"Double concentré tomates Turini 3X70g","p":2.15,"u":"10,24 €/KG","img":"https://fd11-photos.leclercdrive.fr/image.ashx?id=3012394&use=l&cat=p&typeid=i","cat":288384},{"id":12331,"n":"Bonbons Fisherman's Friend Eucalyptus - 3x25g","p":1.99,"u":"26,53 €/KG","img":"https://fd11-photos.leclercdrive.fr/image.ashx?id=2654026&use=l&cat=p&typeid=i","cat":304256},{"id":12334,"n":"Chewing-gum Stimorol Original - 70g","p":2.88,"u":"38,40 €/KG","img":"https://fd11-photos.leclercdrive.fr/image.ashx?id=2409562&use=l&cat=p&typeid=i","cat":304251},{"id":12362,"n":"Thon entier Pêche Océan Naturel - 2x140g","p":3.75,"u":"13,39 €/KG","img":"https://fd11-photos.leclercdrive.fr/image.ashx?id=2941423&use=l&cat=p&typeid=i","cat":303867},{"id":12363,"n":"Thon entier Pêche Océan Naturel - 3x93g","p":3.99,"u":"14,30 €/KG","img":"https://fd11-photos.leclercdrive.fr/image.ashx?id=2941411&use=l&cat=p&typeid=i","cat":303867},{"id":12365,"n":"Couscous royal Côté Table Volaille et merguez 980g","p":3.69,"u":"3,77 €/KG","img":"https://fd11-photos.leclercdrive.fr/image.ashx?id=2977144&use=l&cat=p&typeid=i","cat":325094},{"id":12373,"n":"Moutarde Rustica Mi-forte - 415g","p":1.28,"u":"3,08 €/KG","img":"https://fd11-photos.leclercdrive.fr/image.ashx?id=1961437&use=l&cat=p&typeid=i","cat":288850},{"id":12374,"n":"Purée de tomates Turini 3x200g","p":1.19,"u":"1,98 €/KG","img":"https://fd11-photos.leclercdrive.fr/image.ashx?id=2174684&use=l&cat=p&typeid=i","cat":288384},{"id":12376,"n":"Pâtes Alphabet Turini 500g","p":0.99,"u":"1,98 €/KG","img":"https://fd11-photos.leclercdrive.fr/image.ashx?id=2980800&use=l&cat=p&typeid=i","cat":284427},{"id":12380,"n":"Infusion Tiséa Digestion facilitée x25","p":0.99,"u":"24,75 €/KG","img":"https://fd11-photos.leclercdrive.fr/image.ashx?id=2696253&use=l&cat=p&typeid=i","cat":293234},{"id":12384,"n":"Thon entier Pêche Océan Huile de tournesol - 3x80g","p":2.49,"u":"10,38 €/KG","img":"https://fd11-photos.leclercdrive.fr/image.ashx?id=2941405&use=l&cat=p&typeid=i","cat":303867},{"id":12394,"n":"Nectar Jafaden Abricot - 4x20cl","p":2.68,"u":"3,35 €/L","img":"https://fd11-photos.leclercdrive.fr/image.ashx?id=2955674&use=l&cat=p&typeid=i","cat":284524},{"id":12397,"n":"Vin mousseux d'Union Européenne Brut Blazer - 75 cl","p":3.15,"u":"4,20 €/L","img":"https://fd11-photos.leclercdrive.fr/image.ashx?id=2623950&use=l&cat=p&typeid=i","cat":284544},{"id":12426,"n":"Pâtes Cheveux d'anges Turini 1kg","p":1.61,"u":"1,61 €/KG","img":"https://fd11-photos.leclercdrive.fr/image.ashx?id=2540939&use=l&cat=p&typeid=i","cat":284427},{"id":12438,"n":"Vinaigre Balsamique MAILLE Velours de Modène - 25cl","p":3.34,"u":"13,36 €/L","img":"https://fd11-photos.leclercdrive.fr/image.ashx?id=2889994&use=l&cat=p&typeid=i","cat":298543},{"id":12464,"n":"Soda Jean's Cola Zéro Bouteille - 1,5L","p":0.45,"u":"0,30 €/L","img":"https://fd11-photos.leclercdrive.fr/image.ashx?id=2637883&use=l&cat=p&typeid=i","cat":284530},{"id":12467,"n":"Jus multifruits Jafaden Pur jus - 1L","p":1.99,"u":"1,99 €/L","img":"https://fd11-photos.leclercdrive.fr/image.ashx?id=2958705&use=l&cat=p&typeid=i","cat":284917},{"id":12469,"n":"100% Pur jus d'orange Jafaden  Sans pulpe - 1L","p":1.99,"u":"1,99 €/L","img":"https://fd11-photos.leclercdrive.fr/image.ashx?id=2842477&use=l&cat=p&typeid=i","cat":284521},{"id":12470,"n":"Pur Jus de raisin Bio Village Bio - 1L","p":2.29,"u":"2,29 €/L","img":"https://fd11-photos.leclercdrive.fr/image.ashx?id=2901518&use=l&cat=p&typeid=i","cat":284915},{"id":12471,"n":"Thon entier Pêche Océan Huile de tournesol - 160g","p":1.63,"u":"10,19 €/KG","img":"https://fd11-photos.leclercdrive.fr/image.ashx?id=2941399&use=l&cat=p&typeid=i","cat":303867},{"id":12521,"n":"Miettes de thon Pêche Océan Huile de tournesol - 3x80g","p":2.35,"u":"9,79 €/KG","img":"https://fd11-photos.leclercdrive.fr/image.ashx?id=2943608&use=l&cat=p&typeid=i","cat":303867},{"id":12527,"n":"Chocolat Pâtissier Tablette dOr Noir - 200g","p":1.79,"u":"8,95 €/KG","img":"https://fd11-photos.leclercdrive.fr/image.ashx?id=2723356&use=l&cat=p&typeid=i","cat":285562},{"id":12551,"n":"Raviolis légumes Bio Village Bio - 700g","p":2.53,"u":"3,61 €/KG","img":"https://fd11-photos.leclercdrive.fr/image.ashx?id=2717252&use=l&cat=p&typeid=i","cat":284442},{"id":12555,"n":"Mogette cuite au naturel NRT De Vendée - 530g","p":3.19,"u":"6,02 €/KG","img":"https://fd11-photos.leclercdrive.fr/image.ashx?id=2771025&use=l&cat=p&typeid=i","cat":312606},{"id":12557,"n":"Vinaigrette Rustica Echalote - 50cl","p":1.27,"u":"2,54 €/L","img":"https://fd11-photos.leclercdrive.fr/image.ashx?id=1972901&use=l&cat=p&typeid=i","cat":284456},{"id":12564,"n":"Châtaignes Notre Jardin Entières - 420g","p":5.09,"u":"12,12 €/KG","img":"https://fd11-photos.leclercdrive.fr/image.ashx?id=2263146&use=l&cat=p&typeid=i","cat":312612},{"id":12565,"n":"Haricots beurre Notre Jardin Extra fins - 220g","p":1.88,"u":"8,55 €/KG","img":"https://fd11-photos.leclercdrive.fr/image.ashx?id=2988039&use=l&cat=p&typeid=i","cat":312606},{"id":12567,"n":"Andouillettes de Troyes NRT  2x150g","p":3.49,"u":"11,63 €/KG","img":"https://fd11-photos.leclercdrive.fr/image.ashx?id=2991500&use=l&cat=p&typeid=i","cat":316012},{"id":12573,"n":"Eponges Mamison salle de bain Décorées x2","p":0.99,"u":"0,50 €/P","img":"https://fd11-photos.leclercdrive.fr/image.ashx?id=2199055&use=l&cat=p&typeid=i","cat":284667},{"id":12581,"n":"Soupe Déshydratée Thaï KNORR Nouilles & Champignons - 70cl","p":1.35,"u":"1,93 €/L","img":"https://fd11-photos.leclercdrive.fr/image.ashx?id=2772554&use=l&cat=p&typeid=i","cat":284463},{"id":12584,"n":"Pain grillé bio Bio Village Blé complet x12 - 250g","p":1.77,"u":"7,08 €/KG","img":"https://fd11-photos.leclercdrive.fr/image.ashx?id=2619749&use=l&cat=p&typeid=i","cat":284479},{"id":12587,"n":"Compote Douceur du Verger Gourdes multivariétés - 12x90g","p":3.93,"u":"3,64 €/KG","img":"https://fd11-photos.leclercdrive.fr/image.ashx?id=2837039&use=l&cat=p&typeid=i","cat":284508},{"id":12588,"n":"Sel régénérant Visior Lave-vaisselle - 4x1kg","p":2.69,"u":"0,67 €/KG","img":"https://fd11-photos.leclercdrive.fr/image.ashx?id=2463401&use=l&cat=p&typeid=i","cat":284657},{"id":12591,"n":"Soupe déshydratée Knorr 9 légumes - 75cl","p":0.9,"u":"1,20 €/L","img":"https://fd11-photos.leclercdrive.fr/image.ashx?id=2790585&use=l&cat=p&typeid=i","cat":284463},{"id":12593,"n":"Soupe déshydratée Knorr 9 légumes - 105g","p":0.91,"u":"8,67 €/KG","img":"https://fd11-photos.leclercdrive.fr/image.ashx?id=2875930&use=l&cat=p&typeid=i","cat":284463},{"id":12601,"n":"Oignon Rustica Coupés - 100g","p":2.14,"u":"21,40 €/KG","img":"https://fd11-photos.leclercdrive.fr/image.ashx?id=2365466&use=l&cat=p&typeid=i","cat":319804},{"id":12602,"n":"Ciboulette Rustica Coupé - 50g","p":1.65,"u":"33,00 €/KG","img":"https://fd11-photos.leclercdrive.fr/image.ashx?id=2365460&use=l&cat=p&typeid=i","cat":319804},{"id":12605,"n":"Cornichons Maille Le Mini 210g","p":2.73,"u":"13,00 €/KG","img":"https://fd11-photos.leclercdrive.fr/image.ashx?id=2877310&use=l&cat=p&typeid=i","cat":284458},{"id":12606,"n":"Marmite bouillon Knorr Poule - 224g","p":2.05,"u":"9,15 €/KG","img":"https://fd11-photos.leclercdrive.fr/image.ashx?id=2960288&use=l&cat=p&typeid=i","cat":288379},{"id":12611,"n":"Crozets au Sarrasin NRT 400g","p":2.3,"u":"5,75 €/KG","img":"https://fd11-photos.leclercdrive.fr/image.ashx?id=2856220&use=l&cat=p&typeid=i","cat":284427},{"id":12668,"n":"Pizza Cuite sur pierre Turini Jambon fromage - 3x350g","p":6.22,"u":"5,92 €/KG","img":"https://fd11-photos.leclercdrive.fr/image.ashx?id=2815232&use=l&cat=p&typeid=i","cat":284256},{"id":12669,"n":"Sauce Burger AMORA 260g","p":1.51,"u":"5,81 €/KG","img":"https://fd11-photos.leclercdrive.fr/image.ashx?id=2893853&use=l&cat=p&typeid=i","cat":318431},{"id":12670,"n":"Basilic Rustica Coupé - 50g","p":1.69,"u":"33,80 €/KG","img":"https://fd11-photos.leclercdrive.fr/image.ashx?id=2365463&use=l&cat=p&typeid=i","cat":319804},{"id":12674,"n":"Nids d'Alsace NRT 250g","p":1.39,"u":"5,56 €/KG","img":"https://fd11-photos.leclercdrive.fr/image.ashx?id=2839968&use=l&cat=p&typeid=i","cat":284427},{"id":12675,"n":"Pizza Cuite sur pierre Turini 4 fromages - 400g","p":2.71,"u":"6,78 €/KG","img":"https://fd11-photos.leclercdrive.fr/image.ashx?id=2815229&use=l&cat=p&typeid=i","cat":284256},{"id":12676,"n":"Pizza Cuite sur pierre Turini Chorizo - 400g","p":2.69,"u":"6,73 €/KG","img":"https://fd11-photos.leclercdrive.fr/image.ashx?id=2815226&use=l&cat=p&typeid=i","cat":284256},{"id":12685,"n":"Biscuit P'tit Beurres chocolait P'tit Déli 268g","p":2.69,"u":"10,04 €/KG","img":"https://fd11-photos.leclercdrive.fr/image.ashx?id=2473975&use=l&cat=p&typeid=i","cat":284488},{"id":12691,"n":"Pizza Familiale 4 from. Turini Cuite sur pierre - 570g","p":3.7,"u":"6,49 €/KG","img":"https://fd11-photos.leclercdrive.fr/image.ashx?id=2815220&use=l&cat=p&typeid=i","cat":284256},{"id":12702,"n":"Poisson pané Pêche Océan Tomate - MSC - x8 - 600g","p":4.29,"u":"7,15 €/KG","img":"https://fd11-photos.leclercdrive.fr/image.ashx?id=2930111&use=l&cat=p&typeid=i","cat":319788},{"id":12706,"n":"Dentifrice Dentamyl Soin complet 75ml","p":0.76,"u":"10,13 €/L","img":"https://fd11-photos.leclercdrive.fr/image.ashx?id=2276480&use=l&cat=p&typeid=i","cat":284612},{"id":12729,"n":"Pânés poulet Le Gaulois x2 -  200g","p":2.12,"u":"10,60 €/KG","img":"https://fd11-photos.leclercdrive.fr/image.ashx?id=2261660&use=l&cat=p&typeid=i","cat":333684},{"id":12733,"n":"Bacon Herta superposé x15 150g","p":1.99,"u":"13,27 €/KG","img":"https://fd11-photos.leclercdrive.fr/image.ashx?id=2889325&use=l&cat=p&typeid=i","cat":316007},{"id":12739,"n":"Friand viande Côté Table 2x110g","p":1.65,"u":"7,50 €/KG","img":"https://fd11-photos.leclercdrive.fr/image.ashx?id=2820436&use=l&cat=p&typeid=i","cat":333671},{"id":12769,"n":"Collants mousse Tissaia Elasthanne beige foncé T1 - x2","p":2.6,"u":"1,30 €/P","img":"https://fd11-photos.leclercdrive.fr/image.ashx?id=2193096&use=l&cat=p&typeid=i","cat":334130},{"id":12771,"n":"Collants mousse Tissaia Elasthanne beige foncé T2 - x2","p":2.6,"u":"1,30 €/P","img":"https://fd11-photos.leclercdrive.fr/image.ashx?id=2193105&use=l&cat=p&typeid=i","cat":334130},{"id":12772,"n":"Boisson Jafaden Cranberry - 1L","p":1.92,"u":"1,92 €/L","img":"https://fd11-photos.leclercdrive.fr/image.ashx?id=2591394&use=l&cat=p&typeid=i","cat":284915},{"id":12794,"n":"Foie gras Pierre de Chaumeyrac IGP Entier du Sud Ouest - 240g","p":20.9,"u":"87,08 €/KG","img":"https://fd11-photos.leclercdrive.fr/image.ashx?id=2035441&use=l&cat=p&typeid=i","cat":316008},{"id":12795,"n":"Foie gras de canard entier  Pierre de Chaumeyrac - 300g","p":22.9,"u":"76,33 €/KG","img":"https://fd11-photos.leclercdrive.fr/image.ashx?id=2623959&use=l&cat=p&typeid=i","cat":316008},{"id":12916,"n":"Infusion bio Bio Village Digestion x20 - 30g","p":1.55,"u":"51,67 €/KG","img":"https://fd11-photos.leclercdrive.fr/image.ashx?id=2696286&use=l&cat=p&typeid=i","cat":293234},{"id":12917,"n":"Infusion bio Bio Village Pour le soir x20 - 30g","p":1.75,"u":"58,33 €/KG","img":"https://fd11-photos.leclercdrive.fr/image.ashx?id=2854261&use=l&cat=p&typeid=i","cat":293234},{"id":12927,"n":"Tapenade verte NRT à la provençale - 90g","p":2.5,"u":"27,78 €/KG","img":"https://fd11-photos.leclercdrive.fr/image.ashx?id=2991154&use=l&cat=p&typeid=i","cat":315999},{"id":12928,"n":"Tapenade noire NRT à la provençale - 90g","p":2.5,"u":"27,78 €/KG","img":"https://fd11-photos.leclercdrive.fr/image.ashx?id=2991085&use=l&cat=p&typeid=i","cat":315999},{"id":12930,"n":"Mélange forestier Notre Jardin 450g","p":2.56,"u":"5,69 €/KG","img":"https://fd11-photos.leclercdrive.fr/image.ashx?id=2873111&use=l&cat=p&typeid=i","cat":319823},{"id":12939,"n":"Lait Bio demi-écrémé Grandlait Candia Bouteille - 6x1L","p":10.44,"u":"1,74 €/L","img":"https://fd11-photos.leclercdrive.fr/image.ashx?id=2735086&use=l&cat=p&typeid=i","cat":284377},{"id":12965,"n":"Crêpes dentelles chocolat NRT 100g","p":1.82,"u":"18,20 €/KG","img":"https://fd11-photos.leclercdrive.fr/image.ashx?id=2770265&use=l&cat=p&typeid=i","cat":284490},{"id":13207,"n":"Crayon à papier HB Eco+ x10","p":0.41,"img":"https://fd11-photos.leclercdrive.fr/image.ashx?id=1929747&use=l&cat=p&typeid=i","cat":284696},{"id":13252,"n":"Surligneur Esquisse mini 4 couleurs fluos - x4","p":1.89,"img":"https://fd11-photos.leclercdrive.fr/image.ashx?id=1678703&use=l&cat=p&typeid=i","cat":284696},{"id":13253,"n":"Crayons de couleur Esquisse x18","p":1.45,"u":"0,08 €/P","img":"https://fd11-photos.leclercdrive.fr/image.ashx?id=2943169&use=l&cat=p&typeid=i","cat":284696},{"id":13254,"n":"Pinceaux Esquisse Taille 2-8 et 12 - x3","p":0.99,"u":"0,33 €/P","img":"https://fd11-photos.leclercdrive.fr/image.ashx?id=981363&use=l&cat=p&typeid=i","cat":334133},{"id":13257,"n":"Règle Esquisse Plastique 15cm","p":0.45,"img":"https://fd11-photos.leclercdrive.fr/image.ashx?id=1928797&use=l&cat=p&typeid=i","cat":334133},{"id":13272,"n":"Equerre Esquisse 45 degrés - 20cm","p":0.79,"img":"https://fd11-photos.leclercdrive.fr/image.ashx?id=1698649&use=l&cat=p&typeid=i","cat":334133},{"id":13279,"n":"Rapporteur Esquisse 180° 12cm","p":0.65,"img":"https://fd11-photos.leclercdrive.fr/image.ashx?id=1928725&use=l&cat=p&typeid=i","cat":334133},{"id":13300,"n":"Tube de colle liquide Esquisse Transparente gel - 30ml","p":1.1,"u":"36,67 €/L","img":"https://fd11-photos.leclercdrive.fr/image.ashx?id=1928779&use=l&cat=p&typeid=i","cat":334133},{"id":13301,"n":"Tube de colle liquide Esquisse Double applicateur - 35ml","p":0.39,"u":"11,14 €/L","img":"https://fd11-photos.leclercdrive.fr/image.ashx?id=1928803&use=l&cat=p&typeid=i","cat":334133},{"id":13307,"n":"Sous chemises Esquisse 22x32cm - x50","p":3.59,"img":"https://fd11-photos.leclercdrive.fr/image.ashx?id=1928800&use=l&cat=p&typeid=i","cat":284745},{"id":13308,"n":"Chemises Esquisse 24x32cm x15","p":3.3,"img":"https://fd11-photos.leclercdrive.fr/image.ashx?id=1678706&use=l&cat=p&typeid=i","cat":284745},{"id":13315,"n":"Calculatrice de poche Eco+ 1 pièce","p":1.79,"u":"Dont 0,13 € d'éco-part.","img":"https://fd11-photos.leclercdrive.fr/image.ashx?id=1699669&use=l&cat=p&typeid=i","cat":334133},{"id":13321,"n":"Stylo bille Bic 4 couleurs - x1","p":1.2,"img":"https://fd11-photos.leclercdrive.fr/image.ashx?id=2730874&use=l&cat=p&typeid=i","cat":284696},{"id":13342,"n":"Thon entier Le Savoureux Huile d'olive - 160g","p":3.14,"u":"19,63 €/KG","img":"https://fd11-photos.leclercdrive.fr/image.ashx?id=2960159&use=l&cat=p&typeid=i","cat":303867},{"id":13349,"n":"Etui de mines pour compas Maped 10 mines de 2mm","p":0.95,"img":"https://fd11-photos.leclercdrive.fr/image.ashx?id=2508957&use=l&cat=p&typeid=i","cat":334133},{"id":13364,"n":"Agrafes n°10 Maped x2000","p":1.5,"img":"https://fd11-photos.leclercdrive.fr/image.ashx?id=2962254&use=l&cat=p&typeid=i","cat":334133},{"id":13371,"n":"Gomme dessin blanche Maped x1","p":0.63,"img":"https://fd11-photos.leclercdrive.fr/image.ashx?id=2384235&use=l&cat=p&typeid=i","cat":334133},{"id":13377,"n":"Taille-crayon Galatic Maped avec réserve - 1 pièce","p":1.15,"img":"https://fd11-photos.leclercdrive.fr/image.ashx?id=2762070&use=l&cat=p&typeid=i","cat":334133},{"id":13425,"n":"Beurre Moulé Paysan Breton Demi-sel - 80% MG - 500g","p":6.14,"u":"12,28 €/KG","img":"https://fd11-photos.leclercdrive.fr/image.ashx?id=2774499&use=l&cat=p&typeid=i","cat":284379},{"id":13428,"n":"Beurre Moulé Paysan Breton Demi-sel - 80% MG - 125g","p":1.69,"u":"13,52 €/KG","img":"https://fd11-photos.leclercdrive.fr/image.ashx?id=2939766&use=l&cat=p&typeid=i","cat":284379},{"id":13434,"n":"Dessert Empresure Malo Chocolat - 4x125g","p":1.85,"u":"3,70 €/KG","img":"https://fd11-photos.leclercdrive.fr/image.ashx?id=2842684&use=l&cat=p&typeid=i","cat":285041},{"id":13440,"n":"Purée de fruit NATURNES Fruits du verger 6M+ - 4x130g","p":2.18,"u":"4,19 €/KG","img":"https://fd11-photos.leclercdrive.fr/image.ashx?id=2478387&use=l&cat=p&typeid=i","cat":312388},{"id":13503,"n":"Biscottes bio Bio Village Au germe de blé x36 - 300g","p":1.99,"u":"6,63 €/KG","img":"https://fd11-photos.leclercdrive.fr/image.ashx?id=2634881&use=l&cat=p&typeid=i","cat":284479},{"id":13532,"n":"Purée pomme de terre Pom'lisse Saveur d'antan - 4x125g - 500g","p":2.49,"u":"4,98 €/KG","img":"https://fd11-photos.leclercdrive.fr/image.ashx?id=2929867&use=l&cat=p&typeid=i","cat":284431},{"id":13579,"n":"Nettoyant biberons Tigex 300ml","p":4.7,"u":"15,67 €/L","img":"https://fd11-photos.leclercdrive.fr/image.ashx?id=2689835&use=l&cat=p&typeid=i","cat":284742},{"id":13589,"n":"Fromage Brillat Savarin NRT  IGP - 200g","p":3.39,"u":"16,95 €/KG","img":"https://fd11-photos.leclercdrive.fr/image.ashx?id=2771064&use=l&cat=p&typeid=i","cat":329558},{"id":13604,"n":"Poissons panés au fromage Pêche Océan MSC - 180g","p":1.89,"u":"10,50 €/KG","img":"https://fd11-photos.leclercdrive.fr/image.ashx?id=2953608&use=l&cat=p&typeid=i","cat":284344},{"id":13605,"n":"Panés de colin Pêche Océan Colin d'Alaska - 200g","p":1.99,"u":"9,95 €/KG","img":"https://fd11-photos.leclercdrive.fr/image.ashx?id=2953605&use=l&cat=p&typeid=i","cat":284344},{"id":13643,"n":"Biscuits nappés Bio Village Bio Chocolat au lait 200g","p":2.43,"u":"12,15 €/KG","img":"https://fd11-photos.leclercdrive.fr/image.ashx?id=1937516&use=l&cat=p&typeid=i","cat":284488},{"id":13646,"n":"Rochers Equador Chocolat noir x7 245g","p":2.49,"u":"10,16 €/KG","img":"https://fd11-photos.leclercdrive.fr/image.ashx?id=2842483&use=l&cat=p&typeid=i","cat":327600},{"id":13647,"n":"Rochers Equador Chocolat au lait x7 - 245g","p":2.45,"u":"10,00 €/KG","img":"https://fd11-photos.leclercdrive.fr/image.ashx?id=2842480&use=l&cat=p&typeid=i","cat":327600},{"id":13648,"n":"Biscuit Croc Break P'tit Déli Lait et goût chocolat - 300g","p":1.24,"u":"4,13 €/KG","img":"https://fd11-photos.leclercdrive.fr/image.ashx?id=1993182&use=l&cat=p&typeid=i","cat":284488},{"id":13678,"n":"Croûtons salade Epi d'Or Ail et fines herbes - 60g","p":0.6,"u":"10,00 €/KG","img":"https://fd11-photos.leclercdrive.fr/image.ashx?id=2606040&use=l&cat=p&typeid=i","cat":284464},{"id":13679,"n":"Croûtons salade Epi d'Or Nature - 60g","p":0.6,"u":"10,00 €/KG","img":"https://fd11-photos.leclercdrive.fr/image.ashx?id=2607909&use=l&cat=p&typeid=i","cat":284464},{"id":13681,"n":"Pâté pur porc Côtés Table 2 Foie 1 campagne - 3x78g","p":1.9,"u":"8,12 €/KG","img":"https://fd11-photos.leclercdrive.fr/image.ashx?id=2518505&use=l&cat=p&typeid=i","cat":305149},{"id":13682,"n":"Pâté de campagne Côté Table Pur porc - 3x78g","p":1.85,"u":"7,91 €/KG","img":"https://fd11-photos.leclercdrive.fr/image.ashx?id=2478763&use=l&cat=p&typeid=i","cat":305149},{"id":13683,"n":"Pâté de foie Côté Table Pur porc - 3x78g","p":1.99,"u":"8,50 €/KG","img":"https://fd11-photos.leclercdrive.fr/image.ashx?id=2518502&use=l&cat=p&typeid=i","cat":305149},{"id":13684,"n":"Bouillon de légumes Rustica Cubes - 12x10g","p":0.67,"u":"5,58 €/KG","img":"https://fd11-photos.leclercdrive.fr/image.ashx?id=1753198&use=l&cat=p&typeid=i","cat":288379},{"id":13685,"n":"Bouillon de volaille Rustica Cubes - 12x10g","p":0.8,"u":"6,67 €/KG","img":"https://fd11-photos.leclercdrive.fr/image.ashx?id=1880027&use=l&cat=p&typeid=i","cat":288379},{"id":13686,"n":"Bouillon Pot au feu Rustica Cubes - 12x10g","p":1.39,"u":"11,58 €/KG","img":"https://fd11-photos.leclercdrive.fr/image.ashx?id=1880024&use=l&cat=p&typeid=i","cat":288379},{"id":13689,"n":"Pop corn caramélisé Tokapi 100g","p":0.71,"u":"7,10 €/KG","img":"https://fd11-photos.leclercdrive.fr/image.ashx?id=2920175&use=l&cat=p&typeid=i","cat":304249},{"id":13696,"n":"Soufflés Snack's Tokapi Cacahuète - 90g","p":0.47,"u":"5,22 €/KG","img":"https://fd11-photos.leclercdrive.fr/image.ashx?id=2677026&use=l&cat=p&typeid=i","cat":284449},{"id":13698,"n":"Légumes couscous Notre Jardin 400g","p":1.43,"u":"3,58 €/KG","img":"https://fd11-photos.leclercdrive.fr/image.ashx?id=2854216&use=l&cat=p&typeid=i","cat":312612},{"id":13701,"n":"Riz Thaï Comptoir du Grain Sélection Riz long - 500g","p":1.79,"u":"3,58 €/KG","img":"https://fd11-photos.leclercdrive.fr/image.ashx?id=2565610&use=l&cat=p&typeid=i","cat":284428},{"id":13703,"n":"Petits pois Notre Jardin A l'étuvée - Très fins - 560g","p":1.29,"u":"2,30 €/KG","img":"https://fd11-photos.leclercdrive.fr/image.ashx?id=2691018&use=l&cat=p&typeid=i","cat":312607},{"id":13715,"n":"Croquettes chat Purina One Stérilisé - Boeuf/Blé-1.5kg","p":6.59,"u":"4,39 €/KG","img":"https://fd11-photos.leclercdrive.fr/image.ashx?id=2488040&use=l&cat=p&typeid=i","cat":284680},{"id":13719,"n":"Croquettes chat Purina One Adulte - Poulet/Céréales -1.5kg","p":6.26,"u":"4,17 €/KG","img":"https://fd11-photos.leclercdrive.fr/image.ashx?id=2537682&use=l&cat=p&typeid=i","cat":284680},{"id":13731,"n":"Barquettes chats Gourmet Gold Les mousselines - 12x85g","p":5.45,"u":"5,34 €/KG","img":"https://fd11-photos.leclercdrive.fr/image.ashx?id=2967046&use=l&cat=p&typeid=i","cat":285286},{"id":13733,"n":"Barquettes chats Gourmet Gold Les terrines - 12x85g","p":5.53,"u":"5,42 €/KG","img":"https://fd11-photos.leclercdrive.fr/image.ashx?id=2979069&use=l&cat=p&typeid=i","cat":285286},{"id":13770,"n":"Croissants surgelés Epi d'Or Cuisson four - 6x60g","p":2.58,"u":"7,17 €/KG","img":"https://fd11-photos.leclercdrive.fr/image.ashx?id=2900088&use=l&cat=p&typeid=i","cat":284267},{"id":13776,"n":"Mouchoirs blancs 3 plis Caresse Boîte - x110","p":1.35,"u":"0,01 €/P","img":"https://fd11-photos.leclercdrive.fr/image.ashx?id=2777921&use=l&cat=p&typeid=i","cat":284638},{"id":13777,"n":"Lingettes bébé Eco+ Epaisses - x72","p":0.72,"u":"0,01 €/P","img":"https://fd11-photos.leclercdrive.fr/image.ashx?id=2874672&use=l&cat=p&typeid=i","cat":284738},{"id":13782,"n":"Déodorant Manava anti-traces 200ml","p":1.29,"u":"6,45 €/L","img":"https://fd11-photos.leclercdrive.fr/image.ashx?id=2692952&use=l&cat=p&typeid=i","cat":284595},{"id":13784,"n":"Gel douche et shampooing Carré Homme Energisante - 250ml","p":1.15,"u":"4,60 €/L","img":"https://fd11-photos.leclercdrive.fr/image.ashx?id=2927845&use=l&cat=p&typeid=i","cat":284619},{"id":13785,"n":"Shampooing Vitanove Réparateur - 250ml","p":1.45,"u":"5,80 €/L","img":"https://fd11-photos.leclercdrive.fr/image.ashx?id=1879257&use=l&cat=p&typeid=i","cat":284606},{"id":13975,"n":"Salade Notre Jardin Mâche - 200g","p":1.52,"u":"7,60 €/KG","img":"https://fd11-photos.leclercdrive.fr/image.ashx?id=2718799&use=l&cat=p&typeid=i","cat":284353},{"id":13977,"n":"Salade Notre Jardin Coeurs de laitue - 320g","p":1.58,"u":"4,94 €/KG","img":"https://fd11-photos.leclercdrive.fr/image.ashx?id=2686326&use=l&cat=p&typeid=i","cat":284353},{"id":13978,"n":"Salade composée Notre Jardin 250g","p":1.21,"u":"4,84 €/KG","img":"https://fd11-photos.leclercdrive.fr/image.ashx?id=2663266&use=l&cat=p&typeid=i","cat":284353},{"id":13992,"n":"Recharge savon mains Manava Gel lavande - 250ml","p":0.69,"u":"2,76 €/L","img":"https://fd11-photos.leclercdrive.fr/image.ashx?id=2935477&use=l&cat=p&typeid=i","cat":284597},{"id":13998,"n":"Pâte feuilletée Eco+ A dérouler - 230g","p":0.53,"u":"2,30 €/KG","img":"https://fd11-photos.leclercdrive.fr/image.ashx?id=2744350&use=l&cat=p&typeid=i","cat":333681},{"id":14007,"n":"Jambon de Bayonne IGP NRT 4 Grandes Tranches - 120g","p":3.63,"u":"30,25 €/KG","img":"https://fd11-photos.leclercdrive.fr/image.ashx?id=2049214&use=l&cat=p&typeid=i","cat":316007},{"id":14018,"n":"Chocolat Pâtissier Tablette dOr Noir corsé - 64% cacao - 200g","p":2.09,"u":"10,45 €/KG","img":"https://fd11-photos.leclercdrive.fr/image.ashx?id=2602349&use=l&cat=p&typeid=i","cat":285562},{"id":14027,"n":"Lingettes Hygiène intime Doulys x20","p":1.8,"img":"https://fd11-photos.leclercdrive.fr/image.ashx?id=1760077&use=l&cat=p&typeid=i","cat":284627},{"id":14063,"n":"Préparation NRT Agrumes de Corse - 315g","p":2.82,"u":"8,95 €/KG","img":"https://fd11-photos.leclercdrive.fr/image.ashx?id=2460646&use=l&cat=p&typeid=i","cat":284480},{"id":14066,"n":"Crème anchoïade NRT à la provençale - 90g","p":2.09,"u":"23,22 €/KG","img":"https://fd11-photos.leclercdrive.fr/image.ashx?id=2991166&use=l&cat=p&typeid=i","cat":285191},{"id":14068,"n":"Miel Nid d'Abeille A tartiner - 500 g","p":3.19,"u":"6,38 €/KG","img":"https://fd11-photos.leclercdrive.fr/image.ashx?id=2693120&use=l&cat=p&typeid=i","cat":287643},{"id":14075,"n":"Lait de coco Tables du monde 400ml","p":1.52,"u":"3,80 €/L","img":"https://fd11-photos.leclercdrive.fr/image.ashx?id=1960758&use=l&cat=p&typeid=i","cat":288992},{"id":14081,"n":"Ratatouille Bio Village Bio A la provençale - 650g","p":2.35,"u":"3,62 €/KG","img":"https://fd11-photos.leclercdrive.fr/image.ashx?id=2762513&use=l&cat=p&typeid=i","cat":312612},{"id":14082,"n":"Miel de fleurs bio Bio Village 500g","p":4.99,"u":"9,98 €/KG","img":"https://fd11-photos.leclercdrive.fr/image.ashx?id=2348265&use=l&cat=p&typeid=i","cat":287643},{"id":14087,"n":"Quenelles de veau Coté Table Sauce financière 400g","p":1.85,"u":"4,63 €/KG","img":"https://fd11-photos.leclercdrive.fr/image.ashx?id=2977864&use=l&cat=p&typeid=i","cat":284441},{"id":14088,"n":"Garnit bouchée reine Coté Table 400g","p":1.79,"u":"4,48 €/KG","img":"https://fd11-photos.leclercdrive.fr/image.ashx?id=2977150&use=l&cat=p&typeid=i","cat":284441},{"id":14099,"n":"Spray nettoyant Eco+ avec Javel 750ml","p":0.87,"u":"1,16 €/L","img":"https://fd11-photos.leclercdrive.fr/image.ashx?id=2837003&use=l&cat=p&typeid=i","cat":325357},{"id":14111,"n":"Houmous Tables du Monde 200g","p":1.43,"u":"7,15 €/KG","img":"https://fd11-photos.leclercdrive.fr/image.ashx?id=2872258&use=l&cat=p&typeid=i","cat":315999},{"id":14114,"n":"Brosse à dents Dentamyl Médium x4","p":0.99,"u":"0,25 €/P","img":"https://fd11-photos.leclercdrive.fr/image.ashx?id=2790922&use=l&cat=p&typeid=i","cat":284614},{"id":14118,"n":"Carottes râpées Eco+ Assaisonnées - 500g","p":0.84,"u":"1,68 €/KG","img":"https://fd11-photos.leclercdrive.fr/image.ashx?id=2850805&use=l&cat=p&typeid=i","cat":333657},{"id":14122,"n":"Bâtonnets crâbe Eco+ x24 - 400g","p":1.25,"u":"3,13 €/KG","img":"https://fd11-photos.leclercdrive.fr/image.ashx?id=3001193&use=l&cat=p&typeid=i","cat":285189},{"id":14124,"n":"Rosette pur porc Eco+ 12 tranches - 150g","p":1.24,"u":"8,27 €/KG","img":"https://fd11-photos.leclercdrive.fr/image.ashx?id=2728222&use=l&cat=p&typeid=i","cat":316007},{"id":14126,"n":"Lasagnes bolognaise Eco+ 1kg","p":3.31,"u":"3,31 €/KG","img":"https://fd11-photos.leclercdrive.fr/image.ashx?id=2814842&use=l&cat=p&typeid=i","cat":333666},{"id":14131,"n":"Désodorisant Visior Lave-vaisselle Citron - x2","p":1.29,"u":"0,65 €/P","img":"https://fd11-photos.leclercdrive.fr/image.ashx?id=2951119&use=l&cat=p&typeid=i","cat":284657},{"id":14132,"n":"Bloc wc javel Syphon 2x40g","p":1.46,"u":"18,25 €/KG","img":"https://fd11-photos.leclercdrive.fr/image.ashx?id=2302540&use=l&cat=p&typeid=i","cat":284662},{"id":14138,"n":"Lingettes dépoussiérantes Eco+ x40","p":1.76,"u":"0,04 €/P","img":"https://fd11-photos.leclercdrive.fr/image.ashx?id=2805972&use=l&cat=p&typeid=i","cat":325364},{"id":14140,"n":"Savon extra-doux Manava Douceur d'amande 6x100g","p":3.16,"u":"5,27 €/KG","img":"https://fd11-photos.leclercdrive.fr/image.ashx?id=2331312&use=l&cat=p&typeid=i","cat":284597},{"id":14155,"n":"Gnocchi Turini à poêler 300g","p":0.89,"u":"2,97 €/KG","img":"https://fd11-photos.leclercdrive.fr/image.ashx?id=3010566&use=l&cat=p&typeid=i","cat":333682},{"id":14158,"n":"Fromage Mystère du Prieuré Lait pasteurisé - 340g","p":2.65,"u":"7,79 €/KG","img":"https://fd11-photos.leclercdrive.fr/image.ashx?id=2900085&use=l&cat=p&typeid=i","cat":329184},{"id":14159,"n":"Bonbons gélifiés Eco+ Goût cola - 200g","p":0.95,"u":"4,75 €/KG","img":"https://fd11-photos.leclercdrive.fr/image.ashx?id=2717099&use=l&cat=p&typeid=i","cat":304250},{"id":14164,"n":"Roquefort AOP Eco+ Lait cru brebis 150g","p":2.16,"u":"14,40 €/KG","img":"https://fd11-photos.leclercdrive.fr/image.ashx?id=2712858&use=l&cat=p&typeid=i","cat":314032},{"id":14165,"n":"Crème de soin cheveux Vitanove Boucles sans rinçage 200ml","p":1.29,"u":"6,45 €/L","img":"https://fd11-photos.leclercdrive.fr/image.ashx?id=1947997&use=l&cat=p&typeid=i","cat":284608},{"id":14170,"n":"Nettoyant lave-vaisselle Visior 250ml","p":2.65,"u":"10,60 €/L","img":"https://fd11-photos.leclercdrive.fr/image.ashx?id=776479&use=l&cat=p&typeid=i","cat":284657},{"id":14190,"n":"Savon mains en crème Manava nourrissante à l'amande - 300ml","p":0.9,"u":"3,00 €/L","img":"https://fd11-photos.leclercdrive.fr/image.ashx?id=2935471&use=l&cat=p&typeid=i","cat":284597},{"id":14218,"n":"Dentifrice enfant Dentamyl Bubble gum - 3 à 6 ans - 50ml","p":0.89,"u":"17,80 €/L","img":"https://fd11-photos.leclercdrive.fr/image.ashx?id=2075185&use=l&cat=p&typeid=i","cat":288898},{"id":14219,"n":"Dentifrice enfant Dentamyl Menthe - 7 à 13 ans - 75ml","p":0.74,"u":"9,87 €/L","img":"https://fd11-photos.leclercdrive.fr/image.ashx?id=2489113&use=l&cat=p&typeid=i","cat":288898},{"id":14223,"n":"Dépoussiérant meubles Clair Multi-surfaces 300ml","p":1.03,"u":"3,43 €/L","img":"https://fd11-photos.leclercdrive.fr/image.ashx?id=2531098&use=l&cat=p&typeid=i","cat":325364},{"id":14224,"n":"Gel wc Syphon surpuissant 750ml","p":1.07,"u":"1,43 €/L","img":"https://fd11-photos.leclercdrive.fr/image.ashx?id=2558790&use=l&cat=p&typeid=i","cat":284662},{"id":14243,"n":"Pain de mie nature Epi d'Or Grandes tranches - 825g","p":1.59,"u":"1,93 €/KG","img":"https://fd11-photos.leclercdrive.fr/image.ashx?id=2860724&use=l&cat=p&typeid=i","cat":284477},{"id":14271,"n":"Crème de marrons NRT De l'Ardèche - 325g","p":3.03,"u":"9,32 €/KG","img":"https://fd11-photos.leclercdrive.fr/image.ashx?id=2771061&use=l&cat=p&typeid=i","cat":284481},{"id":14273,"n":"Fromage Pont-l'Evêque AOP  Nos Régions ont du Talent 220g","p":2.65,"u":"12,05 €/KG","img":"https://fd11-photos.leclercdrive.fr/image.ashx?id=2356344&use=l&cat=p&typeid=i","cat":329558},{"id":14276,"n":"Cassoulet au confit canard NRT - 840g","p":4.99,"u":"5,94 €/KG","img":"https://fd11-photos.leclercdrive.fr/image.ashx?id=2791410&use=l&cat=p&typeid=i","cat":284440},{"id":14285,"n":"Fromage Emmental Eco+ Râpé - 200g","p":1.5,"u":"7,50 €/KG","img":"https://fd11-photos.leclercdrive.fr/image.ashx?id=2942166&use=l&cat=p&typeid=i","cat":314035},{"id":14292,"n":"Eau aromatisée Volvic Zest  Citron - 1,5L","p":1.06,"u":"0,71 €/L","img":"https://fd11-photos.leclercdrive.fr/image.ashx?id=2730253&use=l&cat=p&typeid=i","cat":284537},{"id":14293,"n":"Eau aromatisée Volvic Zest Citron - 6x50cl","p":3.14,"u":"1,05 €/L","img":"https://fd11-photos.leclercdrive.fr/image.ashx?id=2730256&use=l&cat=p&typeid=i","cat":284537},{"id":14316,"n":"Lasagnes saumon Côté Table 1kg","p":7.26,"u":"7,26 €/KG","img":"https://fd11-photos.leclercdrive.fr/image.ashx?id=2790928&use=l&cat=p&typeid=i","cat":284254},{"id":14324,"n":"Lasagnes bolognaise Côté Table 300g","p":2.05,"u":"6,83 €/KG","img":"https://fd11-photos.leclercdrive.fr/image.ashx?id=2951335&use=l&cat=p&typeid=i","cat":284254},{"id":14327,"n":"Poêlée Côté Table Franc-Comtoise - 900g","p":4.19,"u":"4,66 €/KG","img":"https://fd11-photos.leclercdrive.fr/image.ashx?id=2048440&use=l&cat=p&typeid=i","cat":319823},{"id":14329,"n":"Brandade de morue Côté Table MSC - 300g","p":2.72,"u":"9,07 €/KG","img":"https://fd11-photos.leclercdrive.fr/image.ashx?id=2779187&use=l&cat=p&typeid=i","cat":284254},{"id":14330,"n":"Poêlée de légumes Notre Jardin Légumes grillés - 750g","p":3.11,"u":"4,15 €/KG","img":"https://fd11-photos.leclercdrive.fr/image.ashx?id=2771369&use=l&cat=p&typeid=i","cat":319823},{"id":14334,"n":"Ratatouille Notre Jardin Cuisinée 750g","p":2.85,"u":"3,80 €/KG","img":"https://fd11-photos.leclercdrive.fr/image.ashx?id=2873129&use=l&cat=p&typeid=i","cat":319823},{"id":14336,"n":"Pavé saumon Pêche Océan ASC Atlantique -  500g","p":11.19,"u":"22,38 €/KG","img":"https://fd11-photos.leclercdrive.fr/image.ashx?id=2953731&use=l&cat=p&typeid=i","cat":319786},{"id":14344,"n":"Pain de mie Nature Harrys Longue conservation - 550g","p":2.05,"u":"3,73 €/KG","img":"https://fd11-photos.leclercdrive.fr/image.ashx?id=2518109&use=l&cat=p&typeid=i","cat":284477},{"id":14359,"n":"Change complet Chorys Taille L - x20","p":10.7,"u":"0,54 €/P","img":"https://fd11-photos.leclercdrive.fr/image.ashx?id=2699435&use=l&cat=p&typeid=i","cat":284628},{"id":14360,"n":"Yaourts à boire Délisse Petits Délis fruits - 8x100g","p":3.2,"u":"4,00 €/KG","img":"https://fd11-photos.leclercdrive.fr/image.ashx?id=2754886&use=l&cat=p&typeid=i","cat":284415},{"id":14371,"n":"Mousse à la crème Duodélisse Nature - 4x100g","p":1.49,"u":"3,73 €/KG","img":"https://fd11-photos.leclercdrive.fr/image.ashx?id=2387334&use=l&cat=p&typeid=i","cat":284409},{"id":14376,"n":"Dés de fromage Les Croisés Ail et fines herbes - 120g","p":1.54,"u":"12,83 €/KG","img":"https://fd11-photos.leclercdrive.fr/image.ashx?id=2741616&use=l&cat=p&typeid=i","cat":314027},{"id":14389,"n":"Abricots Maitre Prunille Moelleux - 250g","p":3.62,"u":"14,48 €/KG","img":"https://fd11-photos.leclercdrive.fr/image.ashx?id=1747031&use=l&cat=p&typeid=i","cat":284357},{"id":14427,"n":"Pastis Ricard Anisé 45% vol - 70cl","p":15.05,"u":"21,50 €/L","img":"https://fd11-photos.leclercdrive.fr/image.ashx?id=2976776&use=l&cat=p&typeid=i","cat":284548},{"id":14428,"n":"Whisky Clan Campbell Blended Scotch 40% vol - 1L","p":19.16,"u":"19,16 €/L","img":"https://fd11-photos.leclercdrive.fr/image.ashx?id=2868921&use=l&cat=p&typeid=i","cat":284547},{"id":14431,"n":"Rhum Lagoa 40%vol - 1L","p":13.59,"u":"13,59 €/L","img":"https://fd11-photos.leclercdrive.fr/image.ashx?id=2966481&use=l&cat=p&typeid=i","cat":284550},{"id":14440,"n":"Bière blonde Desquiles Canette - 5.9%vol. - 50cl","p":1.35,"u":"2,70 €/L","img":"https://fd11-photos.leclercdrive.fr/image.ashx?id=2646991&use=l&cat=p&typeid=i","cat":334853},{"id":14441,"n":"Eau minérale naturelle Evian  6x1l","p":2.88,"u":"0,48 €/L","img":"https://fd11-photos.leclercdrive.fr/image.ashx?id=2969019&use=l&cat=p&typeid=i","cat":284535},{"id":14442,"n":"Champagne brut blanc Pol Carson - 37,5cl","p":11.94,"u":"31,84 €/L","img":"https://fd11-photos.leclercdrive.fr/image.ashx?id=1468965&use=l&cat=p&typeid=i","cat":284542},{"id":14447,"n":"Sirop Frucci Thé Pêche - 75cl","p":3.2,"u":"4,27 €/L","img":"https://fd11-photos.leclercdrive.fr/image.ashx?id=2922697&use=l&cat=p&typeid=i","cat":295020},{"id":14452,"n":"Sirop Sport Citron - 1L","p":2.34,"u":"2,34 €/L","img":"https://fd11-photos.leclercdrive.fr/image.ashx?id=3011182&use=l&cat=p&typeid=i","cat":295020},{"id":14458,"n":"Biscuits tablette Eco+ Chocolat au lait - 150g","p":0.98,"u":"6,53 €/KG","img":"https://fd11-photos.leclercdrive.fr/image.ashx?id=2682750&use=l&cat=p&typeid=i","cat":284488},{"id":14478,"n":"Pomme de terre de consommation Lunor précuites 2x500g","p":2.9,"u":"2,90 €/KG","img":"https://fd11-photos.leclercdrive.fr/image.ashx?id=2281372&use=l&cat=p&typeid=i","cat":284352},{"id":14512,"n":"Sachets glaçons Elembal x15","p":0.8,"img":"https://fd11-photos.leclercdrive.fr/image.ashx?id=2671810&use=l&cat=p&typeid=i","cat":334134},{"id":14538,"n":"Aiguillettes poulet Le Gaulois Jaune - 210g","p":3.87,"u":"18,43 €/KG","img":"https://fd11-photos.leclercdrive.fr/image.ashx?id=2315107&use=l&cat=p&typeid=i","cat":284336},{"id":14543,"n":"Serviettes papier Homeside Double épaisseur 33x33cm - x100","p":2.29,"img":"https://fd11-photos.leclercdrive.fr/image.ashx?id=1659678&use=l&cat=p&typeid=i","cat":334134},{"id":14544,"n":"Serviettes papier Homeside Triple épaisseur 40x40 x50","p":2.99,"u":"0,06 €/P","img":"https://fd11-photos.leclercdrive.fr/image.ashx?id=1659681&use=l&cat=p&typeid=i","cat":334134},{"id":14563,"n":"Serviettes Eco+ papier blanc x200","p":1.23,"u":"0,01 €/P","img":"https://fd11-photos.leclercdrive.fr/image.ashx?id=1413111&use=l&cat=p&typeid=i","cat":334134},{"id":14574,"n":"Serviette incontinence Chorys Normal - x12","p":1.99,"u":"0,17 €/P","img":"https://fd11-photos.leclercdrive.fr/image.ashx?id=2393848&use=l&cat=p&typeid=i","cat":284628},{"id":14579,"n":"Papier toilette Mimosa Blanc - Ultra doux - x6","p":2.65,"u":"0,44 €/P","img":"https://fd11-photos.leclercdrive.fr/image.ashx?id=2816118&use=l&cat=p&typeid=i","cat":284634},{"id":14582,"n":"Bandes de cire froide Siliss Corps - Peaux sensibles - x40","p":2.21,"u":"0,06 €/P","img":"https://fd11-photos.leclercdrive.fr/image.ashx?id=2699426&use=l&cat=p&typeid=i","cat":325351},{"id":14625,"n":"Boisson énergétique Powerade Ice storm - 50cl","p":1.05,"u":"2,10 €/L","img":"https://fd11-photos.leclercdrive.fr/image.ashx?id=2970756&use=l&cat=p&typeid=i","cat":284533},{"id":14633,"n":"AOP Bordeaux rouge La Croix d'Austéran - 75cl","p":4.55,"u":"6,07 €/L","img":"https://fd11-photos.leclercdrive.fr/image.ashx?id=1672093&use=l&cat=p&typeid=i","cat":289556},{"id":14637,"n":"Biscuits P'tit Déli ronds Chocolat noir 200g","p":1.34,"u":"6,70 €/KG","img":"https://fd11-photos.leclercdrive.fr/image.ashx?id=2884207&use=l&cat=p&typeid=i","cat":284488},{"id":14654,"n":"Soupe liquide Liebig  Potiron - Brique 1L","p":2.71,"u":"2,71 €/L","img":"https://fd11-photos.leclercdrive.fr/image.ashx?id=2785355&use=l&cat=p&typeid=i","cat":284462},{"id":14659,"n":"Gel désinfectant mains Sanytol Au thé vert - 250ml","p":3.38,"u":"13,52 €/L","img":"https://fd11-photos.leclercdrive.fr/image.ashx?id=1754056&use=l&cat=p&typeid=i","cat":284630},{"id":14660,"n":"Gel désinfectant mains Sanytol Au thé vert - 75ml","p":1.94,"u":"25,87 €/L","img":"https://fd11-photos.leclercdrive.fr/image.ashx?id=2338730&use=l&cat=p&typeid=i","cat":284630},{"id":14661,"n":"Lingettes Hygiène Intime Usage Quotidien Intima Hamamélis x20","p":2.01,"u":"0,10 €/P","img":"https://fd11-photos.leclercdrive.fr/image.ashx?id=2886675&use=l&cat=p&typeid=i","cat":284627},{"id":14688,"n":"Biscuits Bjorg Fourrés Chocolat lait bio 225g","p":2.92,"u":"12,98 €/KG","img":"https://fd11-photos.leclercdrive.fr/image.ashx?id=2970927&use=l&cat=p&typeid=i","cat":284488},{"id":14713,"n":"Rasoirs jetables Bic Twin Lady x8","p":1.65,"u":"0,21 €/P","img":"https://fd11-photos.leclercdrive.fr/image.ashx?id=2887569&use=l&cat=p&typeid=i","cat":325352},{"id":14749,"n":"Eau nettoyante Mixa Bébé  Hydratante - 250ml","p":3.03,"u":"12,12 €/L","img":"https://fd11-photos.leclercdrive.fr/image.ashx?id=2286603&use=l&cat=p&typeid=i","cat":284741},{"id":14763,"n":"Shampooing Pétrol Hahn Force -  250ml","p":2.25,"u":"9,00 €/L","img":"https://fd11-photos.leclercdrive.fr/image.ashx?id=2104450&use=l&cat=p&typeid=i","cat":284621},{"id":14778,"n":"Recharges absorbeur Foxter Neutre absorbeur humidité x4","p":10.99,"u":"2,75 €/P","img":"https://fd11-photos.leclercdrive.fr/image.ashx?id=2162207&use=l&cat=p&typeid=i","cat":300576},{"id":14814,"n":"Compotes pommes Andros 4x100g","p":1.23,"u":"3,08 €/KG","img":"https://fd11-photos.leclercdrive.fr/image.ashx?id=2883925&use=l&cat=p&typeid=i","cat":284416},{"id":14827,"n":"Bloc notes adhésif Esquisse  76mmx76mm - 2x100","p":1.25,"img":"https://fd11-photos.leclercdrive.fr/image.ashx?id=1678694&use=l&cat=p&typeid=i","cat":334133},{"id":14828,"n":"Rouleau adhésif transparent Eco + x1","p":0.19,"img":"https://fd11-photos.leclercdrive.fr/image.ashx?id=1701136&use=l&cat=p&typeid=i","cat":334133},{"id":14833,"n":"Copies doubles Eco+ Grands carreaux A4 - x400","p":2.29,"u":"0,01 €/P","img":"https://fd11-photos.leclercdrive.fr/image.ashx?id=1929750&use=l&cat=p&typeid=i","cat":284697},{"id":14837,"n":"Stylos bille assortis Eco+ x4","p":0.25,"img":"https://fd11-photos.leclercdrive.fr/image.ashx?id=1699675&use=l&cat=p&typeid=i","cat":284696},{"id":14852,"n":"Kit traçage Eco+ 3 pièces","p":0.32,"img":"https://fd11-photos.leclercdrive.fr/image.ashx?id=2943136&use=l&cat=p&typeid=i","cat":334133},{"id":14854,"n":"Crayons de couleur Eco+ x12","p":0.37,"img":"https://fd11-photos.leclercdrive.fr/image.ashx?id=1929756&use=l&cat=p&typeid=i","cat":284696},{"id":14858,"n":"Feutres Eco+ x12","p":0.35,"img":"https://fd11-photos.leclercdrive.fr/image.ashx?id=2553941&use=l&cat=p&typeid=i","cat":284696},{"id":14880,"n":"Compote Charles & Alice Pommes Mangues - 4x100g","p":1.4,"u":"3,50 €/KG","img":"https://fd11-photos.leclercdrive.fr/image.ashx?id=2757347&use=l&cat=p&typeid=i","cat":284416},{"id":14887,"n":"Compote Charles & Alice Pommes - 4x100g","p":1.39,"u":"3,48 €/KG","img":"https://fd11-photos.leclercdrive.fr/image.ashx?id=2757677&use=l&cat=p&typeid=i","cat":284416},{"id":14888,"n":"Compote Charles & Alice Pommes Poires - 4x100g","p":1.42,"u":"3,55 €/KG","img":"https://fd11-photos.leclercdrive.fr/image.ashx?id=2936902&use=l&cat=p&typeid=i","cat":284416},{"id":14892,"n":"Yaourts allégés Sveltesse   Café - 4x125g","p":1.56,"u":"3,12 €/KG","img":"https://fd11-photos.leclercdrive.fr/image.ashx?id=3009215&use=l&cat=p&typeid=i","cat":315000},{"id":14898,"n":"Coeur de laitue Florette 200g","p":1.98,"u":"9,90 €/KG","img":"https://fd11-photos.leclercdrive.fr/image.ashx?id=2476542&use=l&cat=p&typeid=i","cat":284353},{"id":14901,"n":"Mozzarella di Buffala AOP Les Croisés - 125g","p":1.65,"u":"13,20 €/KG","img":"https://fd11-photos.leclercdrive.fr/image.ashx?id=2146137&use=l&cat=p&typeid=i","cat":314026},{"id":14904,"n":"Fromage frais nature Bio Bio village - 3.5% MG - 500g","p":1.75,"u":"3,50 €/KG","img":"https://fd11-photos.leclercdrive.fr/image.ashx?id=2839944&use=l&cat=p&typeid=i","cat":284409},{"id":14911,"n":"Bloc WC cuvette Harpic  Eau Bleue - x2","p":1.24,"u":"16,32 €/KG","img":"https://fd11-photos.leclercdrive.fr/image.ashx?id=2264743&use=l&cat=p&typeid=i","cat":284662},{"id":14918,"n":"Dessert fruitier framboise Douceur du Verger s/sucre 4x97g","p":1.49,"u":"3,84 €/KG","img":"https://fd11-photos.leclercdrive.fr/image.ashx?id=1957075&use=l&cat=p&typeid=i","cat":284416},{"id":14919,"n":"Compote Douceur du Verger Pomme Abricot - 4x97g","p":1.23,"u":"3,17 €/KG","img":"https://fd11-photos.leclercdrive.fr/image.ashx?id=2406396&use=l&cat=p&typeid=i","cat":284416},{"id":14923,"n":"Brocolis fleurettes Bio Village Bio - 600g","p":2.21,"u":"3,68 €/KG","img":"https://fd11-photos.leclercdrive.fr/image.ashx?id=2891788&use=l&cat=p&typeid=i","cat":319805},{"id":14924,"n":"Lasagnes chèvre épinards Côté Table - 500g","p":2.95,"u":"5,90 €/KG","img":"https://fd11-photos.leclercdrive.fr/image.ashx?id=2647874&use=l&cat=p&typeid=i","cat":284254},{"id":14932,"n":"Rhum blanc Saint James 40% vol - 70cl","p":11.29,"u":"16,13 €/L","img":"https://fd11-photos.leclercdrive.fr/image.ashx?id=2970948&use=l&cat=p&typeid=i","cat":284550},{"id":14934,"n":"Gin Gibson 37.5%vol - 70cl","p":11.27,"u":"16,10 €/L","img":"https://fd11-photos.leclercdrive.fr/image.ashx?id=2755396&use=l&cat=p&typeid=i","cat":284550},{"id":15007,"n":"Protège-slips Doulys Ultra-mince Normal Plié - x30","p":1.19,"u":"0,04 €/P","img":"https://fd11-photos.leclercdrive.fr/image.ashx?id=2816109&use=l&cat=p&typeid=i","cat":284625},{"id":15010,"n":"Serviette incontinence Chorys Extra - x10","p":1.99,"u":"0,20 €/P","img":"https://fd11-photos.leclercdrive.fr/image.ashx?id=2393851&use=l&cat=p&typeid=i","cat":284628},{"id":15016,"n":"AOP Crémant d'Alsace Wolfberger Brut - 75cl","p":7.33,"u":"9,77 €/L","img":"https://fd11-photos.leclercdrive.fr/image.ashx?id=2323502&use=l&cat=p&typeid=i","cat":284544},{"id":15022,"n":"Jus de pamplemousse rose Bio Bio Village - 1L","p":3.82,"u":"3,82 €/L","img":"https://fd11-photos.leclercdrive.fr/image.ashx?id=2901524&use=l&cat=p&typeid=i","cat":284914},{"id":15053,"n":"Déodorant Manava Grenade - 200ml","p":1.39,"u":"6,95 €/L","img":"https://fd11-photos.leclercdrive.fr/image.ashx?id=2699276&use=l&cat=p&typeid=i","cat":284595},{"id":15058,"n":"Biscuits tablettes Bio Village Bio Chocolat au lait 150g","p":2.38,"u":"15,87 €/KG","img":"https://fd11-photos.leclercdrive.fr/image.ashx?id=2650819&use=l&cat=p&typeid=i","cat":284488},{"id":15095,"n":"Boisson végétale Noisette Bio  Bjorg- 1L","p":2.64,"u":"2,64 €/L","img":"https://fd11-photos.leclercdrive.fr/image.ashx?id=2972970&use=l&cat=p&typeid=i","cat":316067},{"id":15131,"n":"Nectar multifruits Jafaden 2L","p":2.49,"u":"1,25 €/L","img":"https://fd11-photos.leclercdrive.fr/image.ashx?id=2956032&use=l&cat=p&typeid=i","cat":284917},{"id":15139,"n":"Boisson instantanée cacao Eco+ Granules - 800g","p":3.12,"u":"3,90 €/KG","img":"https://fd11-photos.leclercdrive.fr/image.ashx?id=2843093&use=l&cat=p&typeid=i","cat":293235},{"id":15170,"n":"Pain de campagne  300g","p":1.3,"u":"4,33 €/KG","img":"https://fd11-photos.leclercdrive.fr/image.ashx?id=2062924&use=l&cat=p&typeid=i","cat":284359},{"id":15181,"n":"Boisson aux fruits Oasis Saveur Fraise Framboise - 2L","p":2.35,"u":"1,18 €/L","img":"https://fd11-photos.leclercdrive.fr/image.ashx?id=2677819&use=l&cat=p&typeid=i","cat":295018},{"id":15286,"n":"Pain tradition  400g","p":1.19,"u":"2,98 €/KG","img":"https://fd11-photos.leclercdrive.fr/image.ashx?id=594617&use=l&cat=p&typeid=i","cat":284359},{"id":15288,"n":"Mouchoirs blancs 4 plis Caresse Mini étuis x15","p":1.16,"u":"0,08 €/P","img":"https://fd11-photos.leclercdrive.fr/image.ashx?id=2824262&use=l&cat=p&typeid=i","cat":284638},{"id":15305,"n":"Eau minérale Saint Antonin 6x1L","p":2.68,"u":"0,45 €/L","img":"https://fd11-photos.leclercdrive.fr/image.ashx?id=2653891&use=l&cat=p&typeid=i","cat":284535},{"id":15342,"n":"Chocolat Eco+ Noir - 5x100g","p":3.78,"u":"7,56 €/KG","img":"https://fd11-photos.leclercdrive.fr/image.ashx?id=2775460&use=l&cat=p&typeid=i","cat":284956},{"id":15451,"n":"Escalope de dinde Maître Coq Fine x2 - 240g","p":3.88,"u":"16,17 €/KG","img":"https://fd11-photos.leclercdrive.fr/image.ashx?id=2770088&use=l&cat=p&typeid=i","cat":284337},{"id":15452,"n":"Escalope dinde Maître Coq 600g","p":8.02,"u":"13,37 €/KG","img":"https://fd11-photos.leclercdrive.fr/image.ashx?id=2773421&use=l&cat=p&typeid=i","cat":284337},{"id":15564,"n":"Chips paysannes Pom'lisse Nature - 150g","p":0.99,"u":"6,60 €/KG","img":"https://fd11-photos.leclercdrive.fr/image.ashx?id=2927854&use=l&cat=p&typeid=i","cat":284447},{"id":15590,"n":"pain complet 3 céréales bio  bjorg 500g","p":2.33,"u":"4,66 €/KG","img":"https://fd11-photos.leclercdrive.fr/image.ashx?id=2752951&use=l&cat=p&typeid=i","cat":325069},{"id":15592,"n":"Fromage enfant Ficello Nature à effilocher x8 - 168g","p":3.41,"u":"20,30 €/KG","img":"https://fd11-photos.leclercdrive.fr/image.ashx?id=2375376&use=l&cat=p&typeid=i","cat":314030},{"id":15602,"n":"Bière La Goudale 7.2%vol. - 75cl","p":2.35,"u":"3,13 €/L","img":"https://fd11-photos.leclercdrive.fr/image.ashx?id=2830153&use=l&cat=p&typeid=i","cat":334852},{"id":15615,"n":"Multifruits Jafaden 100% Pur jus - 1,5L","p":1.99,"u":"1,33 €/L","img":"https://fd11-photos.leclercdrive.fr/image.ashx?id=2966650&use=l&cat=p&typeid=i","cat":284917},{"id":15626,"n":"Salade maxi Florette Laitue iceberg - 450g","p":2.54,"u":"5,64 €/KG","img":"https://fd11-photos.leclercdrive.fr/image.ashx?id=2090039&use=l&cat=p&typeid=i","cat":284353},{"id":15629,"n":"Salade maxi Florette Mâche - 200g","p":2.44,"u":"12,20 €/KG","img":"https://fd11-photos.leclercdrive.fr/image.ashx?id=2228849&use=l&cat=p&typeid=i","cat":284353},{"id":15635,"n":"Jeunes pousses douces  Florette - 175g","p":2.38,"u":"13,60 €/KG","img":"https://fd11-photos.leclercdrive.fr/image.ashx?id=2844070&use=l&cat=p&typeid=i","cat":284353},{"id":15646,"n":"Saumon Atlantique Connétable 112g","p":4.16,"u":"37,14 €/KG","img":"https://fd11-photos.leclercdrive.fr/image.ashx?id=2960162&use=l&cat=p&typeid=i","cat":305147},{"id":15746,"n":"Soupe Liquide Liebig  Bisque de Homard - 300g","p":2.37,"u":"7,90 €/KG","img":"https://fd11-photos.leclercdrive.fr/image.ashx?id=2651390&use=l&cat=p&typeid=i","cat":287366},{"id":15801,"n":"IGP Pays d'Oc rosé Cinsault Syrah Ormes de Cambras 12% 75cl","p":2.64,"u":"3,52 €/L","img":"https://fd11-photos.leclercdrive.fr/image.ashx?id=2105158&use=l&cat=p&typeid=i","cat":289558},{"id":15805,"n":"Boisson énergisante Red Bull sans sucres, 4x250ml","p":4.08,"u":"4,08 €/L","img":"https://fd11-photos.leclercdrive.fr/image.ashx?id=3009371&use=l&cat=p&typeid=i","cat":284533},{"id":15807,"n":"Boisson aux fruits Oasis Goût Pomme Cassis Framboise 2L","p":2.61,"u":"1,31 €/L","img":"https://fd11-photos.leclercdrive.fr/image.ashx?id=3014452&use=l&cat=p&typeid=i","cat":295018},{"id":15875,"n":"Eau de Cologne Bien Etre Naturelle - 250ml","p":4.36,"u":"17,44 €/L","img":"https://fd11-photos.leclercdrive.fr/image.ashx?id=2353665&use=l&cat=p&typeid=i","cat":291525},{"id":15889,"n":"Huile sèche Petit Marseillais Sublimante - 150ml","p":4.42,"u":"29,47 €/L","img":"https://fd11-photos.leclercdrive.fr/image.ashx?id=2830138&use=l&cat=p&typeid=i","cat":325349},{"id":15895,"n":"Soin cheveux nutrition Garnier Cheveu bouclé à frisé - 200ml","p":2.34,"u":"11,70 €/L","img":"https://fd11-photos.leclercdrive.fr/image.ashx?id=2985354&use=l&cat=p&typeid=i","cat":284608},{"id":15909,"n":"Shampooing Pétrol Hahn Anti-chûte 250ml","p":2.32,"u":"9,28 €/L","img":"https://fd11-photos.leclercdrive.fr/image.ashx?id=2450649&use=l&cat=p&typeid=i","cat":284606},{"id":15912,"n":"Mousse à raser Williams Peau sensible 200ml","p":1.62,"u":"8,10 €/L","img":"https://fd11-photos.leclercdrive.fr/image.ashx?id=2785976&use=l&cat=p&typeid=i","cat":284617},{"id":15919,"n":"Soin hydratant L'Oréal Paris Men Expert Anti-fatigue - 50ml","p":5.61,"u":"112,20 €/L","img":"https://fd11-photos.leclercdrive.fr/image.ashx?id=2811278&use=l&cat=p&typeid=i","cat":284622},{"id":15937,"n":"Serviette Hygienique Vania  Maxi confort normal plus - x16","p":1.74,"u":"0,11 €/P","img":"https://fd11-photos.leclercdrive.fr/image.ashx?id=2908027&use=l&cat=p&typeid=i","cat":284624},{"id":15969,"n":"Gel nettoyant canalisations  Destop Javel Agrumes - 750ml","p":2.6,"u":"3,47 €/L","img":"https://fd11-photos.leclercdrive.fr/image.ashx?id=2885956&use=l&cat=p&typeid=i","cat":284908},{"id":16025,"n":"Yaourts Lait entier Bio Village Bio Fraise morceaux - 4x125g","p":1.5,"u":"3,00 €/KG","img":"https://fd11-photos.leclercdrive.fr/image.ashx?id=2841968&use=l&cat=p&typeid=i","cat":284410},{"id":16026,"n":"Yaourts brassé Bio Village Bio Pêche - 4x125g","p":1.5,"u":"3,00 €/KG","img":"https://fd11-photos.leclercdrive.fr/image.ashx?id=2841965&use=l&cat=p&typeid=i","cat":284410},{"id":16029,"n":"Carottes Bio Bio Village En rondelles - 600g","p":1.79,"u":"2,98 €/KG","img":"https://fd11-photos.leclercdrive.fr/image.ashx?id=2891809&use=l&cat=p&typeid=i","cat":319805},{"id":16034,"n":"Petits pois Bio Bio Village Très fins - 600g","p":2.39,"u":"3,98 €/KG","img":"https://fd11-photos.leclercdrive.fr/image.ashx?id=2996021&use=l&cat=p&typeid=i","cat":319805},{"id":16042,"n":"Bâtonnets Trium Café x4 - 280g","p":3.11,"u":"11,11 €/KG","img":"https://fd11-photos.leclercdrive.fr/image.ashx?id=2920767&use=l&cat=p&typeid=i","cat":284265},{"id":16043,"n":"Crevettes cuites Pêche Océan Décortiquées - MSC - 200g","p":3.49,"u":"17,45 €/KG","img":"https://fd11-photos.leclercdrive.fr/image.ashx?id=2478766&use=l&cat=p&typeid=i","cat":319787},{"id":16046,"n":"Fromage de chèvre Les Croisés Frais rond - 200g","p":1.89,"u":"9,45 €/KG","img":"https://fd11-photos.leclercdrive.fr/image.ashx?id=2999565&use=l&cat=p&typeid=i","cat":314031},{"id":16061,"n":"Sauce Tomates Barilla Basilic - 400g","p":1.65,"u":"4,13 €/KG","img":"https://fd11-photos.leclercdrive.fr/image.ashx?id=2832518&use=l&cat=p&typeid=i","cat":287599},{"id":16062,"n":"Sauce Pesto Genovese Barilla Au basilic frais - 190g","p":1.97,"u":"10,37 €/KG","img":"https://fd11-photos.leclercdrive.fr/image.ashx?id=2737585&use=l&cat=p&typeid=i","cat":287599},{"id":16063,"n":"Sauce Pesto Barilla Rosso - 200g","p":1.95,"u":"9,75 €/KG","img":"https://fd11-photos.leclercdrive.fr/image.ashx?id=2308348&use=l&cat=p&typeid=i","cat":287599},{"id":16065,"n":"Bouillon de boeuf Maggi 8 tablettes 80g","p":0.88,"u":"11,00 €/KG","img":"https://fd11-photos.leclercdrive.fr/image.ashx?id=2729932&use=l&cat=p&typeid=i","cat":288379},{"id":16095,"n":"Spray anti-moustique Marie Rose 8h - 100ml","p":5.87,"u":"58,70 €/L","img":"https://fd11-photos.leclercdrive.fr/image.ashx?id=2666749&use=l&cat=p&typeid=i","cat":299654},{"id":16142,"n":"Eau de source de Montagne 6x1L","p":1.55,"u":"0,26 €/L","img":"https://fd11-photos.leclercdrive.fr/image.ashx?id=2597621&use=l&cat=p&typeid=i","cat":284535},{"id":16153,"n":"Biscuits petit déj Bio Village Bio Chocolat / Noisettes - 200g","p":2.08,"u":"10,40 €/KG","img":"https://fd11-photos.leclercdrive.fr/image.ashx?id=2371560&use=l&cat=p&typeid=i","cat":284491},{"id":16159,"n":"Brume d'eau pure Inell 400ml","p":1.65,"u":"4,13 €/L","img":"https://fd11-photos.leclercdrive.fr/image.ashx?id=806289&use=l&cat=p&typeid=i","cat":290295},{"id":16171,"n":"Riz Thaï Bio Village Bio - 500g","p":2.45,"u":"4,90 €/KG","img":"https://fd11-photos.leclercdrive.fr/image.ashx?id=2441510&use=l&cat=p&typeid=i","cat":284428},{"id":16172,"n":"Mini Barres chocolatées Lion x18 barres - 350g","p":3.83,"u":"10,94 €/KG","img":"https://fd11-photos.leclercdrive.fr/image.ashx?id=2925553&use=l&cat=p&typeid=i","cat":284498},{"id":16254,"n":"Câpres surfines Rustica Au vinaigre - 60g","p":1.23,"u":"20,50 €/KG","img":"https://fd11-photos.leclercdrive.fr/image.ashx?id=2916686&use=l&cat=p&typeid=i","cat":284458},{"id":16271,"n":"Maïs Géant Vert extra croquant sans résidu pesticides - 285g","p":1.14,"u":"4,00 €/KG","img":"https://fd11-photos.leclercdrive.fr/image.ashx?id=2754267&use=l&cat=p&typeid=i","cat":312611},{"id":16272,"n":"Maïs Géant Vert extra tendre sans résidu pesticides - 285g","p":1.12,"u":"3,93 €/KG","img":"https://fd11-photos.leclercdrive.fr/image.ashx?id=2462448&use=l&cat=p&typeid=i","cat":312611},{"id":16429,"n":"Oeufs frais plein air Bio Bio village - x10","p":3.41,"u":"0,34 €/P","img":"https://fd11-photos.leclercdrive.fr/image.ashx?id=2670986&use=l&cat=p&typeid=i","cat":284378},{"id":16431,"n":"Raviolis bio boeuf Jardin Bio 72cl","p":4.38,"u":"6,08 €/L","img":"https://fd11-photos.leclercdrive.fr/image.ashx?id=2972469&use=l&cat=p&typeid=i","cat":284442},{"id":16432,"n":"Pâte brisée Bio  Bio village - 230g","p":1.99,"u":"8,65 €/KG","img":"https://fd11-photos.leclercdrive.fr/image.ashx?id=2969009&use=l&cat=p&typeid=i","cat":333681},{"id":16433,"n":"Pâte feuilletée Bio Bio village - 230g","p":1.65,"u":"7,17 €/KG","img":"https://fd11-photos.leclercdrive.fr/image.ashx?id=2969006&use=l&cat=p&typeid=i","cat":333681},{"id":16435,"n":"Tagliatelles fraîches Bio Bio village - 250g","p":1.39,"u":"5,56 €/KG","img":"https://fd11-photos.leclercdrive.fr/image.ashx?id=2875735&use=l&cat=p&typeid=i","cat":333682},{"id":16436,"n":"Pâtes torsades Bio Village Bio -  500g","p":0.85,"u":"1,70 €/KG","img":"https://fd11-photos.leclercdrive.fr/image.ashx?id=2625367&use=l&cat=p&typeid=i","cat":284427},{"id":16438,"n":"Riz long Bio Village Bio - 500g","p":1.94,"u":"3,88 €/KG","img":"https://fd11-photos.leclercdrive.fr/image.ashx?id=2582996&use=l&cat=p&typeid=i","cat":284428},{"id":16439,"n":"Riz Basmati Bio Village Bio - 500g","p":1.5,"u":"3,00 €/KG","img":"https://fd11-photos.leclercdrive.fr/image.ashx?id=2441507&use=l&cat=p&typeid=i","cat":284428},{"id":16490,"n":"Yaourt nature 0% MG Bio Bio village - 4x125g","p":1.34,"u":"2,68 €/KG","img":"https://fd11-photos.leclercdrive.fr/image.ashx?id=2077427&use=l&cat=p&typeid=i","cat":315000},{"id":16491,"n":"Yaourts Lait brebis Bio Village Bio Vanille - 2x125g","p":1.89,"u":"7,56 €/KG","img":"https://fd11-photos.leclercdrive.fr/image.ashx?id=2646994&use=l&cat=p&typeid=i","cat":314998},{"id":16492,"n":"Légumes pour couscous bio Jardin Bio - 660g","p":2.64,"u":"3,67 €/L","img":"https://fd11-photos.leclercdrive.fr/image.ashx?id=2534887&use=l&cat=p&typeid=i","cat":312612},{"id":16493,"n":"Pâte à tartiner bio Jardin Bio Cacao noisettes - 350g","p":3.75,"u":"10,71 €/KG","img":"https://fd11-photos.leclercdrive.fr/image.ashx?id=2918844&use=l&cat=p&typeid=i","cat":284481},{"id":16520,"n":"Mayonnaise Eco+ Bocal - 470g","p":1.17,"u":"2,49 €/KG","img":"https://fd11-photos.leclercdrive.fr/image.ashx?id=2954322&use=l&cat=p&typeid=i","cat":298295},{"id":16521,"n":"Lait demi-écrémé Eco+ Brique UHT -  6x1L","p":5.52,"u":"0,92 €/L","img":"https://fd11-photos.leclercdrive.fr/image.ashx?id=2865038&use=l&cat=p&typeid=i","cat":284377},{"id":16522,"n":"Soufflés cacahuète Eco+ 100g","p":0.34,"u":"3,40 €/KG","img":"https://fd11-photos.leclercdrive.fr/image.ashx?id=2678785&use=l&cat=p&typeid=i","cat":284449},{"id":16524,"n":"Pâtes Eco+ Spaghetti - 1kg","p":1.02,"u":"1,02 €/KG","img":"https://fd11-photos.leclercdrive.fr/image.ashx?id=2757494&use=l&cat=p&typeid=i","cat":284427},{"id":16525,"n":"Purée de pommes de terre Eco+ Déshydratée 4x125g","p":1.39,"u":"2,78 €/KG","img":"https://fd11-photos.leclercdrive.fr/image.ashx?id=2929858&use=l&cat=p&typeid=i","cat":284431},{"id":16527,"n":"Bouillon déshydraté Eco+ Volaille - 12x10g","p":0.67,"u":"5,58 €/KG","img":"https://fd11-photos.leclercdrive.fr/image.ashx?id=1735897&use=l&cat=p&typeid=i","cat":288379},{"id":16528,"n":"Bouillon déshydraté Eco+ Boeuf - 12x10g","p":0.69,"u":"5,75 €/KG","img":"https://fd11-photos.leclercdrive.fr/image.ashx?id=1735894&use=l&cat=p&typeid=i","cat":288379},{"id":16536,"n":"Sucre Eco+ En morceaux - 1kg","p":1.33,"u":"1,33 €/KG","img":"https://fd11-photos.leclercdrive.fr/image.ashx?id=3010407&use=l&cat=p&typeid=i","cat":284502},{"id":16547,"n":"Barquette chiens Eco+ A la Volaille - 300g","p":0.52,"u":"1,73 €/KG","img":"https://fd11-photos.leclercdrive.fr/image.ashx?id=2052727&use=l&cat=p&typeid=i","cat":284673},{"id":16548,"n":"Barquette pour chats Eco+ Riche en volaille - 100g","p":0.24,"u":"2,40 €/KG","img":"https://fd11-photos.leclercdrive.fr/image.ashx?id=2052736&use=l&cat=p&typeid=i","cat":285286},{"id":16550,"n":"Limonade Eco+ 1,5L","p":0.38,"u":"0,25 €/L","img":"https://fd11-photos.leclercdrive.fr/image.ashx?id=2634842&use=l&cat=p&typeid=i","cat":284531},{"id":16552,"n":"Jus de pomme abc Eco+ 1L","p":0.85,"u":"0,85 €/L","img":"https://fd11-photos.leclercdrive.fr/image.ashx?id=2802269&use=l&cat=p&typeid=i","cat":284522},{"id":16554,"n":"Soda cola light 1,5l","p":0.4,"u":"0,27 €/L","img":"https://fd11-photos.leclercdrive.fr/image.ashx?id=2821792&use=l&cat=p&typeid=i","cat":284530},{"id":16558,"n":"Thé glacé pêche Eco  2L","p":1.25,"u":"0,63 €/L","img":"https://fd11-photos.leclercdrive.fr/image.ashx?id=2764955&use=l&cat=p&typeid=i","cat":295019},{"id":16560,"n":"Lingettes multi-usages Eco+ Citron x50","p":0.62,"img":"https://fd11-photos.leclercdrive.fr/image.ashx?id=2308533&use=l&cat=p&typeid=i","cat":325358},{"id":16570,"n":"Saucisse sèche droite Eco+ 250g","p":1.78,"u":"7,12 €/KG","img":"https://fd11-photos.leclercdrive.fr/image.ashx?id=2845137&use=l&cat=p&typeid=i","cat":316006},{"id":16571,"n":"Tagliatelles fraiches Eco+ 500g","p":1.4,"u":"2,80 €/KG","img":"https://fd11-photos.leclercdrive.fr/image.ashx?id=2751850&use=l&cat=p&typeid=i","cat":333682},{"id":16577,"n":"Crème sous pression Eco+ Crème légère et sucrée - 250g","p":1.69,"u":"6,76 €/KG","img":"https://fd11-photos.leclercdrive.fr/image.ashx?id=2856242&use=l&cat=p&typeid=i","cat":284382},{"id":16582,"n":"Pommes frites Eco+ 2,5kg","p":2.81,"u":"1,12 €/KG","img":"https://fd11-photos.leclercdrive.fr/image.ashx?id=2660523&use=l&cat=p&typeid=i","cat":319791},{"id":16583,"n":"Pommes rissolées surgelées Eco+ 1kg","p":1.11,"u":"1,11 €/KG","img":"https://fd11-photos.leclercdrive.fr/image.ashx?id=2085934&use=l&cat=p&typeid=i","cat":319792},{"id":16642,"n":"Génoises fourrées P'tit Déli Agrumes - 150g","p":1.09,"u":"7,27 €/KG","img":"https://fd11-photos.leclercdrive.fr/image.ashx?id=2482502&use=l&cat=p&typeid=i","cat":284489},{"id":16701,"n":"Bouchées RAFFAELLO Noix de coco Amandes - 180g","p":3.24,"u":"18,00 €/KG","img":"https://fd11-photos.leclercdrive.fr/image.ashx?id=2937857&use=l&cat=p&typeid=i","cat":327595},{"id":16737,"n":"Viande hachée 15% MG Férial 500g","p":7.29,"u":"14,58 €/KG","img":"https://fd11-photos.leclercdrive.fr/image.ashx?id=2904013&use=l&cat=p&typeid=i","cat":284332},{"id":16741,"n":"Viande hachée 5% MG Férial 350g","p":5.71,"u":"16,31 €/KG","img":"https://fd11-photos.leclercdrive.fr/image.ashx?id=2904010&use=l&cat=p&typeid=i","cat":284332},{"id":16742,"n":"Steak haché Férial 15%mg - 800g","p":10.37,"u":"12,96 €/KG","img":"https://fd11-photos.leclercdrive.fr/image.ashx?id=2904004&use=l&cat=p&typeid=i","cat":284332},{"id":16765,"n":"Steak haché Férial pur boeuf 5%mg - 250g","p":4.74,"u":"18,96 €/KG","img":"https://fd11-photos.leclercdrive.fr/image.ashx?id=2903998&use=l&cat=p&typeid=i","cat":284332},{"id":16766,"n":"Viande hachée 20% MG Férial 700g","p":9.45,"u":"13,50 €/KG","img":"https://fd11-photos.leclercdrive.fr/image.ashx?id=2904016&use=l&cat=p&typeid=i","cat":284332},{"id":16782,"n":"Steak haché Férial 15%mg 250g","p":3.99,"u":"15,96 €/KG","img":"https://fd11-photos.leclercdrive.fr/image.ashx?id=2904001&use=l&cat=p&typeid=i","cat":284332},{"id":16783,"n":"AOP Saumur brut Les Caractères - 75cl","p":4.49,"u":"5,99 €/L","img":"https://fd11-photos.leclercdrive.fr/image.ashx?id=2895774&use=l&cat=p&typeid=i","cat":284544},{"id":16841,"n":"Génoises fourrées P'tit Déli Framboise cassis - 150g","p":1.06,"u":"7,07 €/KG","img":"https://fd11-photos.leclercdrive.fr/image.ashx?id=2473981&use=l&cat=p&typeid=i","cat":284489},{"id":16842,"n":"Spéculoos P'tit Déli 2x250g","p":1.47,"u":"2,94 €/KG","img":"https://fd11-photos.leclercdrive.fr/image.ashx?id=2046364&use=l&cat=p&typeid=i","cat":284487},{"id":16847,"n":"Chewing-gum Freedent white Menthe douce 70g","p":2.12,"u":"30,29 €/KG","img":"https://fd11-photos.leclercdrive.fr/image.ashx?id=2237289&use=l&cat=p&typeid=i","cat":304251},{"id":16848,"n":"Chewing gum Freedent white Menthe verte 70g","p":2.11,"u":"30,14 €/KG","img":"https://fd11-photos.leclercdrive.fr/image.ashx?id=2355899&use=l&cat=p&typeid=i","cat":304251},{"id":16849,"n":"Chewing-gum Freedent white Menthe forte 70g","p":2.11,"u":"30,14 €/KG","img":"https://fd11-photos.leclercdrive.fr/image.ashx?id=2237292&use=l&cat=p&typeid=i","cat":304251},{"id":16916,"n":"Croquette Tous Mes Amis Vitalité - viande de boeuf 10kg","p":12.99,"u":"1,30 €/KG","img":"https://fd11-photos.leclercdrive.fr/image.ashx?id=2078635&use=l&cat=p&typeid=i","cat":284672},{"id":16920,"n":"Coeurs d'artichaut Notre Jardin 240g","p":2.49,"u":"10,38 €/KG","img":"https://fd11-photos.leclercdrive.fr/image.ashx?id=2674023&use=l&cat=p&typeid=i","cat":312611},{"id":16996,"n":"Liquide de rinçage Visior Lave-vaisselle - 750ml","p":0.89,"u":"1,19 €/L","img":"https://fd11-photos.leclercdrive.fr/image.ashx?id=2158206&use=l&cat=p&typeid=i","cat":284657},{"id":17014,"n":"Fromage apéritif Apéricube Sélection festive 48 cubes","p":4.17,"u":"16,68 €/KG","img":"https://fd11-photos.leclercdrive.fr/image.ashx?id=2882665&use=l&cat=p&typeid=i","cat":314027},{"id":17036,"n":"Mouchoirs blancs 3 plis Caresse Boîte mouchoirs papier x90","p":1.04,"u":"0,01 €/P","img":"https://fd11-photos.leclercdrive.fr/image.ashx?id=2777915&use=l&cat=p&typeid=i","cat":284638},{"id":17104,"n":"Tuiles Tokapi  Nature - 170g","p":1.35,"u":"7,94 €/KG","img":"https://fd11-photos.leclercdrive.fr/image.ashx?id=2632849&use=l&cat=p&typeid=i","cat":287899},{"id":17105,"n":"Chips Tuiles Tokapi Crème oignon - 170g","p":1.35,"u":"7,94 €/KG","img":"https://fd11-photos.leclercdrive.fr/image.ashx?id=2643375&use=l&cat=p&typeid=i","cat":287899},{"id":17108,"n":"Brume d'eau pure Inell 150ml","p":1.25,"u":"8,33 €/L","img":"https://fd11-photos.leclercdrive.fr/image.ashx?id=2712980&use=l&cat=p&typeid=i","cat":290295},{"id":17112,"n":"Limonade Bio village Bio - 1L","p":0.96,"u":"0,96 €/L","img":"https://fd11-photos.leclercdrive.fr/image.ashx?id=2632900&use=l&cat=p&typeid=i","cat":284531},{"id":17113,"n":"Cidre bouché Bio village Bio 4% vol - 75cl","p":2.29,"u":"3,05 €/L","img":"https://fd11-photos.leclercdrive.fr/image.ashx?id=2907255&use=l&cat=p&typeid=i","cat":334880},{"id":17147,"n":"Baguette de pain           200g","p":0.28,"u":"1,40 €/KG","img":"https://fd11-photos.leclercdrive.fr/image.ashx?id=2062930&use=l&cat=p&typeid=i","cat":284359},{"id":17156,"n":"Pains aux raisins 5p","p":3.5,"u":"0,70 €/P","img":"https://fd11-photos.leclercdrive.fr/image.ashx?id=597474&use=l&cat=p&typeid=i","cat":284984},{"id":17158,"n":"Mozzarella Bio  Bio village - 125g","p":1.21,"u":"9,68 €/KG","img":"https://fd11-photos.leclercdrive.fr/image.ashx?id=2856350&use=l&cat=p&typeid=i","cat":314026},{"id":17189,"n":"Biscuit petit dej P'tit Déli Miel/pépites chocolat - 400g","p":2.15,"u":"5,38 €/KG","img":"https://fd11-photos.leclercdrive.fr/image.ashx?id=2999502&use=l&cat=p&typeid=i","cat":284491},{"id":17218,"n":"Tétines silicone Mots D'enfants + 6 mois bout rond x2","p":1.45,"u":"0,73 €/P","img":"https://fd11-photos.leclercdrive.fr/image.ashx?id=597566&use=l&cat=p&typeid=i","cat":284743},{"id":17223,"n":"Mouchoirs blancs 3 plis Caresse Boîte déco décor aléatoire x70","p":1.52,"u":"0,02 €/P","img":"https://fd11-photos.leclercdrive.fr/image.ashx?id=2812548&use=l&cat=p&typeid=i","cat":284638},{"id":17290,"n":"Pâtes Alpina Avoine - 500g","p":1.45,"u":"2,90 €/KG","img":"https://fd11-photos.leclercdrive.fr/image.ashx?id=2789856&use=l&cat=p&typeid=i","cat":284427},{"id":17292,"n":"Polenta Alpina Semoule de maïs - 500g","p":1.42,"u":"2,84 €/KG","img":"https://fd11-photos.leclercdrive.fr/image.ashx?id=2834485&use=l&cat=p&typeid=i","cat":284431},{"id":17293,"n":"Génoise mix milk Balconi Pâtissier x10 280g","p":1.86,"u":"10,33 €/KG","img":"https://fd11-photos.leclercdrive.fr/image.ashx?id=2878411&use=l&cat=p&typeid=i","cat":284495},{"id":17294,"n":"Pâtes crozets nature Alpina 400g","p":2.68,"u":"6,70 €/KG","img":"https://fd11-photos.leclercdrive.fr/image.ashx?id=2795072&use=l&cat=p&typeid=i","cat":284427},{"id":17295,"n":"Pâtes crozets Alpina Savoie Au sarrasin - 400g","p":2.7,"u":"6,75 €/KG","img":"https://fd11-photos.leclercdrive.fr/image.ashx?id=2795075&use=l&cat=p&typeid=i","cat":284427},{"id":17303,"n":"Gros sel de mer iodé Baleine 1kg","p":0.66,"u":"0,66 €/KG","img":"https://fd11-photos.leclercdrive.fr/image.ashx?id=2788526&use=l&cat=p&typeid=i","cat":284457},{"id":17336,"n":"Brosses soie de porc Esquisse x3 -  n°8 n°10 et n°12","p":0.99,"img":"https://fd11-photos.leclercdrive.fr/image.ashx?id=2187260&use=l&cat=p&typeid=i","cat":334133},{"id":17338,"n":"Feutres de coloriage Esquisse Lavable - Pointe moyenne x24","p":2.3,"img":"https://fd11-photos.leclercdrive.fr/image.ashx?id=2727659&use=l&cat=p&typeid=i","cat":284696},{"id":17340,"n":"Pizza Cuite sur pierre Turini  Poulet rôti poivrons - 400g","p":2.23,"u":"5,58 €/KG","img":"https://fd11-photos.leclercdrive.fr/image.ashx?id=2815235&use=l&cat=p&typeid=i","cat":284256},{"id":17348,"n":"Lanières poivrons Notre Jardin 600g","p":2.15,"u":"3,58 €/KG","img":"https://fd11-photos.leclercdrive.fr/image.ashx?id=2996018&use=l&cat=p&typeid=i","cat":319805},{"id":17362,"n":"Moules ASC Pêche Océan Décortiquées - 500g","p":3.38,"u":"6,76 €/KG","img":"https://fd11-photos.leclercdrive.fr/image.ashx?id=2835023&use=l&cat=p&typeid=i","cat":319787},{"id":17392,"n":"Mouchoirs blanc 4 plis Univert Etuis x15 - Ecolabel","p":1.95,"u":"0,13 €/P","img":"https://fd11-photos.leclercdrive.fr/image.ashx?id=2549951&use=l&cat=p&typeid=i","cat":284638},{"id":17413,"n":"Sacs congélation zip Elembal Petit modèle x25","p":1.45,"u":"0,06 €/P","img":"https://fd11-photos.leclercdrive.fr/image.ashx?id=2751883&use=l&cat=p&typeid=i","cat":334134},{"id":17425,"n":"Fromage blanc Délisse Vanille 2,5%MG - 8x100g","p":2.82,"u":"3,53 €/KG","img":"https://fd11-photos.leclercdrive.fr/image.ashx?id=3012827&use=l&cat=p&typeid=i","cat":284409},{"id":17469,"n":"Biscuits P'tit Déli Bâtonnets Chocolat blanc 150g","p":1.7,"u":"11,33 €/KG","img":"https://fd11-photos.leclercdrive.fr/image.ashx?id=2470195&use=l&cat=p&typeid=i","cat":284488},{"id":17472,"n":"Macaroni chiens 4Pat Au lait vitaminé - 5kg","p":9.32,"u":"1,86 €/KG","img":"https://fd11-photos.leclercdrive.fr/image.ashx?id=2877835&use=l&cat=p&typeid=i","cat":284672},{"id":17476,"n":"Boudins noirs aux oignons Tradilège x3 - 375g","p":2.65,"u":"7,07 €/KG","img":"https://fd11-photos.leclercdrive.fr/image.ashx?id=2930754&use=l&cat=p&typeid=i","cat":316012},{"id":17571,"n":"Crème entière fluide UHT Délisse - Brique 30%mg - 1L","p":4.25,"u":"4,25 €/L","img":"https://fd11-photos.leclercdrive.fr/image.ashx?id=2509980&use=l&cat=p&typeid=i","cat":284381},{"id":17625,"n":"Bûche glacée Eskiss Fruits rouges et biscuit - 564g","p":3.59,"u":"6,37 €/KG","img":"https://fd11-photos.leclercdrive.fr/image.ashx?id=2459156&use=l&cat=p&typeid=i","cat":284266},{"id":17627,"n":"Mini bûches glacées Eskiss Assortiment - 311g","p":2.29,"u":"7,36 €/KG","img":"https://fd11-photos.leclercdrive.fr/image.ashx?id=2791263&use=l&cat=p&typeid=i","cat":284266},{"id":17653,"n":"Fromage apéritif Apéricube Best of des saveurs 48 cubes","p":4.17,"u":"16,68 €/KG","img":"https://fd11-photos.leclercdrive.fr/image.ashx?id=2882662&use=l&cat=p&typeid=i","cat":314027},{"id":17694,"n":"Couches bébé Mots d'Enfants T4+ Ultra confort - 9/20kg - x144","p":20.5,"u":"0,14 €/P","img":"https://fd11-photos.leclercdrive.fr/image.ashx?id=2689426&use=l&cat=p&typeid=i","cat":284737},{"id":17709,"n":"Sauce au poivre Knorr A la crème fraiche - 30cl","p":1.36,"u":"4,53 €/L","img":"https://fd11-photos.leclercdrive.fr/image.ashx?id=2985096&use=l&cat=p&typeid=i","cat":288381},{"id":17710,"n":"Sauce Hollandaise Knorr Au jus de citron - 30cl","p":1.44,"u":"4,80 €/L","img":"https://fd11-photos.leclercdrive.fr/image.ashx?id=2985099&use=l&cat=p&typeid=i","cat":288381},{"id":17717,"n":"Blanc de poulet Tradilège x4 160g","p":1.36,"u":"8,50 €/KG","img":"https://fd11-photos.leclercdrive.fr/image.ashx?id=2925738&use=l&cat=p&typeid=i","cat":316010},{"id":17718,"n":"Blanc de dinde Tradilège 4 tranches 160g","p":1.65,"u":"10,31 €/KG","img":"https://fd11-photos.leclercdrive.fr/image.ashx?id=2925735&use=l&cat=p&typeid=i","cat":316010},{"id":17768,"n":"Boudins blancs au porto Tradilège x3 - 375g","p":3.9,"u":"10,40 €/KG","img":"https://fd11-photos.leclercdrive.fr/image.ashx?id=2252040&use=l&cat=p&typeid=i","cat":316012},{"id":17783,"n":"Chocolats Ferrero Rocher x24 pralines - 300g","p":9.75,"u":"32,50 €/KG","img":"https://fd11-photos.leclercdrive.fr/image.ashx?id=2944999&use=l&cat=p&typeid=i","cat":327600},{"id":17845,"n":"Saumon crème fraîche Marie Fondue poireaux 400g","p":4.85,"u":"12,13 €/KG","img":"https://fd11-photos.leclercdrive.fr/image.ashx?id=2996785&use=l&cat=p&typeid=i","cat":319786},{"id":17899,"n":"Knacks pur porc Tradilège Fumées au bois x10 - 350g","p":1.52,"u":"4,34 €/KG","img":"https://fd11-photos.leclercdrive.fr/image.ashx?id=2448321&use=l&cat=p&typeid=i","cat":316012},{"id":17901,"n":"Macaroni d'Alsace NRT 250g","p":1.39,"u":"5,56 €/KG","img":"https://fd11-photos.leclercdrive.fr/image.ashx?id=2839989&use=l&cat=p&typeid=i","cat":284427},{"id":17917,"n":"Nettoyant canalisations Ouragan Fraîcheur mentholée - 1L","p":3.19,"u":"3,19 €/L","img":"https://fd11-photos.leclercdrive.fr/image.ashx?id=2367544&use=l&cat=p&typeid=i","cat":284662},{"id":17938,"n":"Flan nappé caramel Bio Bio Village - 4x125g","p":1.99,"u":"3,98 €/KG","img":"https://fd11-photos.leclercdrive.fr/image.ashx?id=2992627&use=l&cat=p&typeid=i","cat":284420},{"id":17969,"n":"Purée de fruit NATURNES Pomme pêche 4M+ - 4x130g","p":2.18,"u":"4,19 €/KG","img":"https://fd11-photos.leclercdrive.fr/image.ashx?id=2629644&use=l&cat=p&typeid=i","cat":312387},{"id":17995,"n":"Acide chlorhydrique Phébus Détartrant puissant 1L","p":2.15,"u":"2,15 €/L","img":"https://fd11-photos.leclercdrive.fr/image.ashx?id=2432088&use=l&cat=p&typeid=i","cat":300576},{"id":18001,"n":"Lait céréales Blédidej 6 mois Briochée - 4x250ml","p":3.63,"u":"3,63 €/L","img":"https://fd11-photos.leclercdrive.fr/image.ashx?id=2921049&use=l&cat=p&typeid=i","cat":312226},{"id":18002,"n":"Lait céréales Blédidej 12 mois Biscuité vanille - 4x250ml","p":3.35,"u":"3,35 €/L","img":"https://fd11-photos.leclercdrive.fr/image.ashx?id=2921034&use=l&cat=p&typeid=i","cat":312226},{"id":18003,"n":"Lait céréales Blédidej 12 mois Vanille chocolat - 4x250ml","p":3.35,"u":"3,35 €/L","img":"https://fd11-photos.leclercdrive.fr/image.ashx?id=2921031&use=l&cat=p&typeid=i","cat":312226},{"id":18004,"n":"Lait céréales Blédidej 6 mois Cacao - 4x250ml","p":3.35,"u":"3,35 €/L","img":"https://fd11-photos.leclercdrive.fr/image.ashx?id=2921037&use=l&cat=p&typeid=i","cat":312226},{"id":18066,"n":"Nouilles chinoises Suzi Wan En nid - 250g","p":1.61,"u":"6,44 €/KG","img":"https://fd11-photos.leclercdrive.fr/image.ashx?id=2886253&use=l&cat=p&typeid=i","cat":288992},{"id":18070,"n":"Fromage frais bio Bio Village Fruits panachés - 12x50g","p":2.76,"u":"4,60 €/KG","img":"https://fd11-photos.leclercdrive.fr/image.ashx?id=2992630&use=l&cat=p&typeid=i","cat":284409},{"id":18096,"n":"Plat bébé Blédina 8 mois  Légumes saumon - 2x200g","p":2.61,"u":"6,53 €/KG","img":"https://fd11-photos.leclercdrive.fr/image.ashx?id=2975059&use=l&cat=p&typeid=i","cat":312236},{"id":18124,"n":"Pêche poire cerise  Douceur du Verger - 4x70g","p":2.79,"u":"9,96 €/KG","img":"https://fd11-photos.leclercdrive.fr/image.ashx?id=2149378&use=l&cat=p&typeid=i","cat":284507},{"id":18207,"n":"Lingettes démaquillantes Inell x25","p":1.34,"u":"0,05 €/P","img":"https://fd11-photos.leclercdrive.fr/image.ashx?id=2769579&use=l&cat=p&typeid=i","cat":284603},{"id":18208,"n":"Lingettes démaquillantes Inell x25","p":1.34,"u":"0,05 €/P","img":"https://fd11-photos.leclercdrive.fr/image.ashx?id=2752622&use=l&cat=p&typeid=i","cat":284603},{"id":18218,"n":"Chipolatas Férial x6 - 330g","p":3.49,"u":"10,58 €/KG","img":"https://fd11-photos.leclercdrive.fr/image.ashx?id=2837096&use=l&cat=p&typeid=i","cat":284334},{"id":18219,"n":"Merguez Férial x6 - 330g","p":4.19,"u":"12,70 €/KG","img":"https://fd11-photos.leclercdrive.fr/image.ashx?id=2840019&use=l&cat=p&typeid=i","cat":284334},{"id":18221,"n":"Lardons supérieurs Tradilège Nature - 2x100g","p":1.85,"u":"9,25 €/KG","img":"https://fd11-photos.leclercdrive.fr/image.ashx?id=2933340&use=l&cat=p&typeid=i","cat":316011},{"id":18223,"n":"Lardons supérieurs Tradilège Fumés - 2x100g","p":1.85,"u":"9,25 €/KG","img":"https://fd11-photos.leclercdrive.fr/image.ashx?id=2933343&use=l&cat=p&typeid=i","cat":316011},{"id":18224,"n":"Allumettes Tradilège Nature - 2x100g","p":1.75,"u":"8,75 €/KG","img":"https://fd11-photos.leclercdrive.fr/image.ashx?id=2933349&use=l&cat=p&typeid=i","cat":316011},{"id":18225,"n":"Allumettes Tradilège Fumées - 2x100g","p":1.75,"u":"8,75 €/KG","img":"https://fd11-photos.leclercdrive.fr/image.ashx?id=2933346&use=l&cat=p&typeid=i","cat":316011},{"id":18227,"n":"Lardons supérieurs Tradilège Nature - 160g","p":1.5,"u":"9,38 €/KG","img":"https://fd11-photos.leclercdrive.fr/image.ashx?id=2751949&use=l&cat=p&typeid=i","cat":316011},{"id":18230,"n":"Lardons supérieurs Tradilège Fumés - 160g","p":1.5,"u":"9,38 €/KG","img":"https://fd11-photos.leclercdrive.fr/image.ashx?id=2816636&use=l&cat=p&typeid=i","cat":316011},{"id":18233,"n":"Poitrine Fumée Tradilège Tranches fines - 2x7T - 200g","p":2.48,"u":"12,40 €/KG","img":"https://fd11-photos.leclercdrive.fr/image.ashx?id=2852267&use=l&cat=p&typeid=i","cat":316011},{"id":18235,"n":"Mousse de foie Tradilège Supérieure 180g","p":1.24,"u":"6,89 €/KG","img":"https://fd11-photos.leclercdrive.fr/image.ashx?id=2693147&use=l&cat=p&typeid=i","cat":316008},{"id":18238,"n":"Mousse de canard Tradilège 180g","p":1.15,"u":"6,39 €/KG","img":"https://fd11-photos.leclercdrive.fr/image.ashx?id=2925729&use=l&cat=p&typeid=i","cat":316008},{"id":18240,"n":"Mousse de canard Tradilège 2x50g","p":1.09,"u":"10,90 €/KG","img":"https://fd11-photos.leclercdrive.fr/image.ashx?id=2840404&use=l&cat=p&typeid=i","cat":316008},{"id":18241,"n":"Pâté de campagne Tradilège Supérieur 180g","p":1.25,"u":"6,94 €/KG","img":"https://fd11-photos.leclercdrive.fr/image.ashx?id=2844848&use=l&cat=p&typeid=i","cat":316008},{"id":18245,"n":"Rillettes du Mans Tradilège 220g","p":1.45,"u":"6,59 €/KG","img":"https://fd11-photos.leclercdrive.fr/image.ashx?id=2548124&use=l&cat=p&typeid=i","cat":316008},{"id":18246,"n":"Rillettes du Mans Tradilège 400g","p":2.32,"u":"5,80 €/KG","img":"https://fd11-photos.leclercdrive.fr/image.ashx?id=2580385&use=l&cat=p&typeid=i","cat":316008},{"id":18250,"n":"Saucisses Francfort Tradilège x4 240g","p":2.07,"u":"8,63 €/KG","img":"https://fd11-photos.leclercdrive.fr/image.ashx?id=2905955&use=l&cat=p&typeid=i","cat":316012},{"id":18251,"n":"Knacks Tradilège Fumées au bois - x4 - 140g","p":1.05,"u":"7,50 €/KG","img":"https://fd11-photos.leclercdrive.fr/image.ashx?id=2930739&use=l&cat=p&typeid=i","cat":316012},{"id":18252,"n":"Knacks Tradilège Fumées au bois - x6 - 210g","p":1.38,"u":"6,57 €/KG","img":"https://fd11-photos.leclercdrive.fr/image.ashx?id=2448318&use=l&cat=p&typeid=i","cat":316012},{"id":18257,"n":"Saucisses Cocktail Tradilège 400g","p":2.82,"u":"7,05 €/KG","img":"https://fd11-photos.leclercdrive.fr/image.ashx?id=2659082&use=l&cat=p&typeid=i","cat":316012},{"id":18258,"n":"Saucisse Tradilège Mini Knacks Pot micro ondable 200g","p":2.59,"u":"12,95 €/KG","img":"https://fd11-photos.leclercdrive.fr/image.ashx?id=1728452&use=l&cat=p&typeid=i","cat":316012},{"id":18259,"n":"Saucisson à l'ail Tradilège Fumé - 300g","p":2.08,"u":"6,93 €/KG","img":"https://fd11-photos.leclercdrive.fr/image.ashx?id=2930742&use=l&cat=p&typeid=i","cat":316006},{"id":18262,"n":"Cervelas supérieur Tradilège 300g","p":2.09,"u":"6,97 €/KG","img":"https://fd11-photos.leclercdrive.fr/image.ashx?id=2421636&use=l&cat=p&typeid=i","cat":316012},{"id":18266,"n":"Dés de jambon Tradilège 2x75g","p":1.49,"u":"9,93 €/KG","img":"https://fd11-photos.leclercdrive.fr/image.ashx?id=2925732&use=l&cat=p&typeid=i","cat":316011},{"id":18267,"n":"Allumettes de jambon Tradilège 2x75g","p":1.05,"u":"7,00 €/KG","img":"https://fd11-photos.leclercdrive.fr/image.ashx?id=2925716&use=l&cat=p&typeid=i","cat":316011},{"id":18268,"n":"Rôti de porc Tradilège 4 tranches 160g","p":2.14,"u":"13,38 €/KG","img":"https://fd11-photos.leclercdrive.fr/image.ashx?id=2984173&use=l&cat=p&typeid=i","cat":316009},{"id":18279,"n":"Dés de poulet Tradilège 2x75g","p":2.82,"u":"18,80 €/KG","img":"https://fd11-photos.leclercdrive.fr/image.ashx?id=2984185&use=l&cat=p&typeid=i","cat":316011},{"id":18281,"n":"Beignets Chocolat Noisette  4 p","p":2.5,"u":"0,63 €/P","img":"https://fd11-photos.leclercdrive.fr/image.ashx?id=2070992&use=l&cat=p&typeid=i","cat":284984},{"id":18287,"n":"Céréales Extra Kellogg's Chocolat au lait - 500g","p":3.17,"u":"6,34 €/KG","img":"https://fd11-photos.leclercdrive.fr/image.ashx?id=2692707&use=l&cat=p&typeid=i","cat":309512},{"id":18347,"n":"Porc : Paupiette Férial x6 780g","p":7.78,"u":"9,97 €/KG","img":"https://fd11-photos.leclercdrive.fr/image.ashx?id=2852291&use=l&cat=p&typeid=i","cat":284331},{"id":18351,"n":"Fromage à tartiner Les Croisés Nature - 25%mg - 150g","p":1.24,"u":"8,27 €/KG","img":"https://fd11-photos.leclercdrive.fr/image.ashx?id=1671226&use=l&cat=p&typeid=i","cat":314029},{"id":18352,"n":"Chouquettes x20  180g","p":2.3,"u":"12,78 €/KG","img":"https://fd11-photos.leclercdrive.fr/image.ashx?id=2070995&use=l&cat=p&typeid=i","cat":284984},{"id":18353,"n":"Mini viennoiseries 12p","p":2.99,"u":"0,25 €/P","img":"https://fd11-photos.leclercdrive.fr/image.ashx?id=599241&use=l&cat=p&typeid=i","cat":284984},{"id":18355,"n":"Gambas sauvage Pêche Océan Taille 4/7 500g","p":11.47,"u":"22,94 €/KG","img":"https://fd11-photos.leclercdrive.fr/image.ashx?id=1991086&use=l&cat=p&typeid=i","cat":319787},{"id":18362,"n":"Biscuit bébé Blédina 10 mois Boudoir - 120g","p":1.74,"u":"14,50 €/KG","img":"https://fd11-photos.leclercdrive.fr/image.ashx?id=2801114&use=l&cat=p&typeid=i","cat":312227},{"id":18363,"n":"Pots bébé bio Babybio Maïs poulet - 8 mois - 2x200g","p":2.77,"u":"6,93 €/KG","img":"https://fd11-photos.leclercdrive.fr/image.ashx?id=2827461&use=l&cat=p&typeid=i","cat":312236},{"id":18364,"n":"Haricots rouges D'aucy  250g","p":1.11,"u":"4,44 €/KG","img":"https://fd11-photos.leclercdrive.fr/image.ashx?id=2538434&use=l&cat=p&typeid=i","cat":312606},{"id":18375,"n":"Petits pois carottes d''Aucy Extra fins - 265g","p":1.03,"u":"3,89 €/KG","img":"https://fd11-photos.leclercdrive.fr/image.ashx?id=2475324&use=l&cat=p&typeid=i","cat":312607},{"id":18384,"n":"Fagot bouquet garni Ducros 17g","p":1.8,"u":"105,88 €/KG","img":"https://fd11-photos.leclercdrive.fr/image.ashx?id=2326667&use=l&cat=p&typeid=i","cat":298297},{"id":18387,"n":"Herbes de Provence Ducros Barbecue - 100g","p":1.25,"u":"12,50 €/KG","img":"https://fd11-photos.leclercdrive.fr/image.ashx?id=2414717&use=l&cat=p&typeid=i","cat":298297},{"id":18389,"n":"Poivre Ducros Spécial moulin - 100g","p":3.53,"u":"35,30 €/KG","img":"https://fd11-photos.leclercdrive.fr/image.ashx?id=2559439&use=l&cat=p&typeid=i","cat":284457},{"id":18392,"n":"Paprika doux moulu Ducros 40g","p":1.62,"u":"40,50 €/KG","img":"https://fd11-photos.leclercdrive.fr/image.ashx?id=2854414&use=l&cat=p&typeid=i","cat":298297},{"id":18393,"n":"Persil Ducros 17g","p":1.63,"u":"95,88 €/KG","img":"https://fd11-photos.leclercdrive.fr/image.ashx?id=2559436&use=l&cat=p&typeid=i","cat":298297},{"id":18394,"n":"Persil Ducros 30g","p":3.42,"u":"114,00 €/KG","img":"https://fd11-photos.leclercdrive.fr/image.ashx?id=2486554&use=l&cat=p&typeid=i","cat":298297},{"id":18398,"n":"Piment doux moulu Ducros 40g","p":1.94,"u":"48,50 €/KG","img":"https://fd11-photos.leclercdrive.fr/image.ashx?id=2490494&use=l&cat=p&typeid=i","cat":298297},{"id":18399,"n":"Poivre gris moulu Ducros 2x18g","p":2.43,"u":"67,50 €/KG","img":"https://fd11-photos.leclercdrive.fr/image.ashx?id=2759454&use=l&cat=p&typeid=i","cat":298297},{"id":18403,"n":"Poivre saveur et épices Ducros Moulin - 30g","p":3.06,"u":"102,00 €/KG","img":"https://fd11-photos.leclercdrive.fr/image.ashx?id=2353698&use=l&cat=p&typeid=i","cat":284457},{"id":18404,"n":"Safran moulu Ducros 4 doses - 0.4g","p":3.99,"img":"https://fd11-photos.leclercdrive.fr/image.ashx?id=2580490&use=l&cat=p&typeid=i","cat":298297},{"id":18408,"n":"Thon entier Pêche Océan Naturel - 140g","p":1.9,"u":"13,57 €/KG","img":"https://fd11-photos.leclercdrive.fr/image.ashx?id=2942187&use=l&cat=p&typeid=i","cat":303867},{"id":18409,"n":"Thon entier Pêche Océan Naturel - 93g","p":1.39,"u":"14,95 €/KG","img":"https://fd11-photos.leclercdrive.fr/image.ashx?id=2053800&use=l&cat=p&typeid=i","cat":303867},{"id":18437,"n":"Allumettes Bacon Tradilège Fumées - 2x100g","p":1.74,"u":"8,70 €/KG","img":"https://fd11-photos.leclercdrive.fr/image.ashx?id=2905952&use=l&cat=p&typeid=i","cat":316011},{"id":18501,"n":"Aromat Knorr 70g","p":1.69,"u":"24,14 €/KG","img":"https://fd11-photos.leclercdrive.fr/image.ashx?id=2866750&use=l&cat=p&typeid=i","cat":298297},{"id":18521,"n":"Papier toilette Mimosa Blanc double épaisseur - x12","p":2.85,"u":"0,24 €/P","img":"https://fd11-photos.leclercdrive.fr/image.ashx?id=2434230&use=l&cat=p&typeid=i","cat":284634},{"id":18556,"n":"Feutres pour ardoise Velleda 1721 Fin bleu - Odeur neutre x2","p":1.23,"u":"0,62 €/P","img":"https://fd11-photos.leclercdrive.fr/image.ashx?id=2318465&use=l&cat=p&typeid=i","cat":334133},{"id":18562,"n":"Feuille papier calque Esquisse x12 21x29,7cm","p":1.19,"img":"https://fd11-photos.leclercdrive.fr/image.ashx?id=2943172&use=l&cat=p&typeid=i","cat":284697},{"id":18564,"n":"Papier millimétré Esquisse 21x29,7cm - x12","p":1.19,"img":"https://fd11-photos.leclercdrive.fr/image.ashx?id=2943175&use=l&cat=p&typeid=i","cat":284697},{"id":18568,"n":"Tubes de peinture Esquisse Gouache - 10x10ml","p":2.59,"u":"25,90 €/L","img":"https://fd11-photos.leclercdrive.fr/image.ashx?id=1700854&use=l&cat=p&typeid=i","cat":334133},{"id":18571,"n":"Surligneur Stabilo Boss Original - Jaune","p":1.25,"img":"https://fd11-photos.leclercdrive.fr/image.ashx?id=2736265&use=l&cat=p&typeid=i","cat":284696},{"id":18572,"n":"Surligneur Stabilo Boss Original - Vert","p":1.3,"img":"https://fd11-photos.leclercdrive.fr/image.ashx?id=2614642&use=l&cat=p&typeid=i","cat":284696},{"id":18573,"n":"Surligneur Stabilo Boss Original - Rose","p":1.28,"img":"https://fd11-photos.leclercdrive.fr/image.ashx?id=2614645&use=l&cat=p&typeid=i","cat":284696},{"id":18577,"n":"Papier toilette Mimosa Blanc - Ultra doux - x24","p":4.33,"u":"0,18 €/P","img":"https://fd11-photos.leclercdrive.fr/image.ashx?id=2796488&use=l&cat=p&typeid=i","cat":284634},{"id":18598,"n":"Yaourts à la Grecque Délisse Mûre Framboise - 4x150g","p":1.99,"u":"3,32 €/KG","img":"https://fd11-photos.leclercdrive.fr/image.ashx?id=2699441&use=l&cat=p&typeid=i","cat":314999},{"id":18669,"n":"Snacks Tokapi 4 saveurs - 100g","p":0.87,"u":"8,70 €/KG","img":"https://fd11-photos.leclercdrive.fr/image.ashx?id=2884234&use=l&cat=p&typeid=i","cat":284449},{"id":18670,"n":"Tuiles Tokapi Bacon - 170g","p":1.39,"u":"8,18 €/KG","img":"https://fd11-photos.leclercdrive.fr/image.ashx?id=2657205&use=l&cat=p&typeid=i","cat":287899},{"id":18671,"n":"Tuiles Tokapi Paprika - 170g","p":1.35,"u":"7,94 €/KG","img":"https://fd11-photos.leclercdrive.fr/image.ashx?id=2632852&use=l&cat=p&typeid=i","cat":287899},{"id":18676,"n":"Allume-feu Silex cubes 18 sachets individuels","p":3.23,"img":"https://fd11-photos.leclercdrive.fr/image.ashx?id=2643584&use=l&cat=p&typeid=i","cat":300578},{"id":18695,"n":"IGP Ail blanc de Lomagne  Nos Régions ont du Talent 320g","p":3.99,"u":"12,47 €/KG","img":"https://fd11-photos.leclercdrive.fr/image.ashx?id=2039593&use=l&cat=p&typeid=i","cat":284352},{"id":18723,"n":"Boulettes provençale Férial x12 - 300g","p":4.09,"u":"13,63 €/KG","img":"https://fd11-photos.leclercdrive.fr/image.ashx?id=2816627&use=l&cat=p&typeid=i","cat":284332},{"id":18746,"n":"Pavés de boeuf à l'échalote Férial x2 - 240g","p":4.79,"u":"19,96 €/KG","img":"https://fd11-photos.leclercdrive.fr/image.ashx?id=2854273&use=l&cat=p&typeid=i","cat":284328},{"id":18754,"n":"Boulettes nature Férial x12 - 300g","p":4.09,"u":"13,63 €/KG","img":"https://fd11-photos.leclercdrive.fr/image.ashx?id=2816624&use=l&cat=p&typeid=i","cat":284332},{"id":18953,"n":"Thon entier Pêche Océan Naturel - 186g","p":2.5,"u":"13,44 €/KG","img":"https://fd11-photos.leclercdrive.fr/image.ashx?id=2942193&use=l&cat=p&typeid=i","cat":303867},{"id":18968,"n":"Gâteaux mini marbrés P'tit Déli Chocolat x7 - 189g","p":1.59,"u":"8,41 €/KG","img":"https://fd11-photos.leclercdrive.fr/image.ashx?id=1947360&use=l&cat=p&typeid=i","cat":284495},{"id":18983,"n":"Crème glacée Eskiss Noix de coco - 494g","p":2.82,"u":"5,71 €/KG","img":"https://fd11-photos.leclercdrive.fr/image.ashx?id=2982607&use=l&cat=p&typeid=i","cat":284263},{"id":18996,"n":"Confiture Bonne Maman 4 fruits rouges - 370g","p":2.57,"u":"6,95 €/KG","img":"https://fd11-photos.leclercdrive.fr/image.ashx?id=2547474&use=l&cat=p&typeid=i","cat":284480},{"id":19023,"n":"Sirop Frucci Citron - 1L","p":2.04,"u":"2,04 €/L","img":"https://fd11-photos.leclercdrive.fr/image.ashx?id=2955656&use=l&cat=p&typeid=i","cat":295020},{"id":19066,"n":"Vodka Poliakov 37,5%vol - 1L","p":15.82,"u":"15,82 €/L","img":"https://fd11-photos.leclercdrive.fr/image.ashx?id=2576916&use=l&cat=p&typeid=i","cat":284550},{"id":19098,"n":"Cookies gros éclats Granola Chocolat - 184g","p":1.72,"u":"9,35 €/KG","img":"https://fd11-photos.leclercdrive.fr/image.ashx?id=2996413&use=l&cat=p&typeid=i","cat":325066},{"id":19102,"n":"Croquettes chat Purina One Stérilisé-Saumon/Céréales-1,5kg","p":6.59,"u":"4,39 €/KG","img":"https://fd11-photos.leclercdrive.fr/image.ashx?id=2541268&use=l&cat=p&typeid=i","cat":284680},{"id":19110,"n":"Boeuf Bourguignon Côté Table 300g","p":2.04,"u":"6,80 €/KG","img":"https://fd11-photos.leclercdrive.fr/image.ashx?id=2517679&use=l&cat=p&typeid=i","cat":284953},{"id":19112,"n":"Thé vert Bio Ethiquable Gingembre Citron vert x20 - 36g","p":2.22,"u":"61,67 €/KG","img":"https://fd11-photos.leclercdrive.fr/image.ashx?id=2870842&use=l&cat=p&typeid=i","cat":293233},{"id":19119,"n":"Pains au lait La Boulangère Bio x8 - 280g","p":2.01,"u":"7,18 €/KG","img":"https://fd11-photos.leclercdrive.fr/image.ashx?id=2972460&use=l&cat=p&typeid=i","cat":293505},{"id":19138,"n":"Semoule Couscous Bio Village Semi complet Bio - 500g","p":1.95,"u":"3,90 €/KG","img":"https://fd11-photos.leclercdrive.fr/image.ashx?id=2814217&use=l&cat=p&typeid=i","cat":284429},{"id":19146,"n":"Cappelletti bio Céréal Bio tofu et Chèvre express-220g","p":1.96,"u":"8,91 €/KG","img":"https://fd11-photos.leclercdrive.fr/image.ashx?id=2642372&use=l&cat=p&typeid=i","cat":287600},{"id":19150,"n":"Compotes Andros Délice de rhubarbe - 4x100g","p":2.49,"u":"6,23 €/KG","img":"https://fd11-photos.leclercdrive.fr/image.ashx?id=2845461&use=l&cat=p&typeid=i","cat":284416},{"id":19199,"n":"Pain de mie La Boulangère à la  Farine complète Bio - 500g","p":2.01,"u":"4,02 €/KG","img":"https://fd11-photos.leclercdrive.fr/image.ashx?id=2912386&use=l&cat=p&typeid=i","cat":284477},{"id":19202,"n":"Galettes bio Bio Village 4 céréales x17 - 130g","p":0.99,"u":"7,62 €/KG","img":"https://fd11-photos.leclercdrive.fr/image.ashx?id=2816154&use=l&cat=p&typeid=i","cat":318651},{"id":19211,"n":"Lentilles Préparées Cassegrain Tendres et Fondants 265g","p":1.62,"u":"6,11 €/KG","img":"https://fd11-photos.leclercdrive.fr/image.ashx?id=2952460&use=l&cat=p&typeid=i","cat":312609},{"id":19231,"n":"Petit Pois Cassegrain Tendres et Fondants 140g","p":1.25,"u":"8,93 €/KG","img":"https://fd11-photos.leclercdrive.fr/image.ashx?id=2912974&use=l&cat=p&typeid=i","cat":312607},{"id":19255,"n":"Croquettes chat Purina One Light Adulte -Poulet/Blé -1,5kg","p":6.85,"u":"4,57 €/KG","img":"https://fd11-photos.leclercdrive.fr/image.ashx?id=2432010&use=l&cat=p&typeid=i","cat":284680},{"id":19256,"n":"Croquettes chat Purina One Adulte d'intérieur-Dinde -1,5kg","p":6.95,"u":"4,63 €/KG","img":"https://fd11-photos.leclercdrive.fr/image.ashx?id=2902271&use=l&cat=p&typeid=i","cat":284680},{"id":19257,"n":"Croquettes chat Purina One Sensible Adulte-Dinde/Riz-450g","p":2.55,"u":"5,67 €/KG","img":"https://fd11-photos.leclercdrive.fr/image.ashx?id=2459658&use=l&cat=p&typeid=i","cat":284680},{"id":19263,"n":"Filets de maquereaux Saupiquet A la moutarde - 169g","p":1.88,"u":"11,12 €/KG","img":"https://fd11-photos.leclercdrive.fr/image.ashx?id=2829961&use=l&cat=p&typeid=i","cat":303868},{"id":19279,"n":"Sucre de canne Daddy En morceaux - 1kg","p":2.06,"u":"2,06 €/KG","img":"https://fd11-photos.leclercdrive.fr/image.ashx?id=2908576&use=l&cat=p&typeid=i","cat":284502},{"id":19285,"n":"Sauce crudités Rustica Fines herbes - 50cl","p":0.88,"u":"1,76 €/L","img":"https://fd11-photos.leclercdrive.fr/image.ashx?id=1972916&use=l&cat=p&typeid=i","cat":284456},{"id":19293,"n":"Lait céréales bébé Blédiner 12m Carotte pois soir - 2x250ml","p":1.7,"u":"3,40 €/L","img":"https://fd11-photos.leclercdrive.fr/image.ashx?id=2949856&use=l&cat=p&typeid=i","cat":312239},{"id":19296,"n":"Gressins Tokapi Sésame - 125g","p":1.17,"u":"9,36 €/KG","img":"https://fd11-photos.leclercdrive.fr/image.ashx?id=1993574&use=l&cat=p&typeid=i","cat":297000},{"id":19297,"n":"Lait céréales bébé Blédiner 6m Potiron soir - 2x250ml","p":1.76,"u":"3,52 €/L","img":"https://fd11-photos.leclercdrive.fr/image.ashx?id=2960141&use=l&cat=p&typeid=i","cat":312239},{"id":19298,"n":"Gressins Tokapi  Huile d'olive romarin - 125g","p":1.41,"u":"11,28 €/KG","img":"https://fd11-photos.leclercdrive.fr/image.ashx?id=1993577&use=l&cat=p&typeid=i","cat":297000},{"id":19303,"n":"Mini penne Turini 500g","p":0.98,"u":"1,96 €/KG","img":"https://fd11-photos.leclercdrive.fr/image.ashx?id=3015063&use=l&cat=p&typeid=i","cat":284427},{"id":19304,"n":"Mini farfalle Turini 500g","p":1.26,"u":"2,52 €/KG","img":"https://fd11-photos.leclercdrive.fr/image.ashx?id=2607494&use=l&cat=p&typeid=i","cat":284427},{"id":19305,"n":"Pâtes Spaghetti Panzani 3 Minutes - 500G","p":1.15,"u":"2,30 €/KG","img":"https://fd11-photos.leclercdrive.fr/image.ashx?id=3008035&use=l&cat=p&typeid=i","cat":284427},{"id":19308,"n":"Epices pour guacamole Old el paso - 20g","p":1.09,"u":"54,50 €/KG","img":"https://fd11-photos.leclercdrive.fr/image.ashx?id=2858168&use=l&cat=p&typeid=i","cat":288993},{"id":19319,"n":"Cookies Eco+ Pépites de chocolat - 200g","p":0.92,"u":"4,60 €/KG","img":"https://fd11-photos.leclercdrive.fr/image.ashx?id=2821875&use=l&cat=p&typeid=i","cat":325066},{"id":19347,"n":"Allume-feu Silex liquide 1L","p":3.99,"u":"3,99 €/L","img":"https://fd11-photos.leclercdrive.fr/image.ashx?id=2779193&use=l&cat=p&typeid=i","cat":300578},{"id":19353,"n":"Mao Croqui Haribo Sachet bonbons - 250g","p":1.32,"u":"5,28 €/KG","img":"https://fd11-photos.leclercdrive.fr/image.ashx?id=2805192&use=l&cat=p&typeid=i","cat":304250},{"id":19356,"n":"Infusion bio Jardin Bio Thym Menthe - x20 sachets - 30g","p":1.79,"u":"59,67 €/KG","img":"https://fd11-photos.leclercdrive.fr/image.ashx?id=2792654&use=l&cat=p&typeid=i","cat":293234},{"id":19364,"n":"Madeleines extra Ker Cadélac Coquilles moelleuses x24 - 600g","p":3.03,"u":"5,05 €/KG","img":"https://fd11-photos.leclercdrive.fr/image.ashx?id=2939511&use=l&cat=p&typeid=i","cat":284492},{"id":19366,"n":"Barres céréales Grany Chocolat - 125g","p":1.72,"u":"13,76 €/KG","img":"https://fd11-photos.leclercdrive.fr/image.ashx?id=2773613&use=l&cat=p&typeid=i","cat":285869},{"id":19386,"n":"Méli mélo céréales lég Tipiak 330g","p":1.99,"u":"6,03 €/KG","img":"https://fd11-photos.leclercdrive.fr/image.ashx?id=2563715&use=l&cat=p&typeid=i","cat":284429},{"id":19408,"n":"Soupe Velouté Bio Village Bio Légumes verts - 1L","p":2.42,"u":"2,42 €/L","img":"https://fd11-photos.leclercdrive.fr/image.ashx?id=2352237&use=l&cat=p&typeid=i","cat":284462},{"id":19411,"n":"Compote Allégée en sucres Eco+ Coupelle pomme - 4x100g","p":0.55,"u":"1,38 €/KG","img":"https://fd11-photos.leclercdrive.fr/image.ashx?id=2953188&use=l&cat=p&typeid=i","cat":284508},{"id":19416,"n":"Dessert fruitier Andros Pomme allégé 730g","p":1.2,"u":"1,64 €/KG","img":"https://fd11-photos.leclercdrive.fr/image.ashx?id=2369930&use=l&cat=p&typeid=i","cat":284508},{"id":19418,"n":"Pâtes serpentini Turini 500g","p":0.84,"u":"1,68 €/KG","img":"https://fd11-photos.leclercdrive.fr/image.ashx?id=2744231&use=l&cat=p&typeid=i","cat":284427},{"id":19420,"n":"Pâtes Torsades Turini Nature tomate épinard - 500g","p":1.1,"u":"2,20 €/KG","img":"https://fd11-photos.leclercdrive.fr/image.ashx?id=2607485&use=l&cat=p&typeid=i","cat":284427},{"id":19424,"n":"Spaghetti Turini Au blé complet - 500g","p":0.95,"u":"1,90 €/KG","img":"https://fd11-photos.leclercdrive.fr/image.ashx?id=2607497&use=l&cat=p&typeid=i","cat":284427},{"id":19426,"n":"Gâteaux L'Ourson Lulu LU Chocolat - 150g","p":1.25,"u":"8,33 €/KG","img":"https://fd11-photos.leclercdrive.fr/image.ashx?id=3014425&use=l&cat=p&typeid=i","cat":284495},{"id":19427,"n":"Pâtes penne Turini Blé complet - 500g","p":1.0,"u":"2,00 €/KG","img":"https://fd11-photos.leclercdrive.fr/image.ashx?id=2607500&use=l&cat=p&typeid=i","cat":284427},{"id":19432,"n":"Pains au chocolat Eco+ x10 - 450g","p":1.55,"u":"3,44 €/KG","img":"https://fd11-photos.leclercdrive.fr/image.ashx?id=2927833&use=l&cat=p&typeid=i","cat":296366},{"id":19433,"n":"Pain au lait Eco+ x10 - 400g","p":0.99,"u":"2,48 €/KG","img":"https://fd11-photos.leclercdrive.fr/image.ashx?id=2643578&use=l&cat=p&typeid=i","cat":293505},{"id":19440,"n":"Flageolets d'aucy  Extra-fins - 530g","p":1.81,"u":"3,42 €/KG","img":"https://fd11-photos.leclercdrive.fr/image.ashx?id=2486152&use=l&cat=p&typeid=i","cat":312606},{"id":19463,"n":"Sticks dentaires Lydog Moyen chien - x7 - 180g","p":1.39,"u":"7,72 €/KG","img":"https://fd11-photos.leclercdrive.fr/image.ashx?id=1878598&use=l&cat=p&typeid=i","cat":294527},{"id":19473,"n":"Assiettes rondes Homeside Biodégradables 23cm x25","p":2.99,"img":"https://fd11-photos.leclercdrive.fr/image.ashx?id=1659687&use=l&cat=p&typeid=i","cat":334134},{"id":19487,"n":"Cassoulet Toulousain   Raynal Et Roquelaure - 840g","p":4.57,"u":"5,44 €/KG","img":"https://fd11-photos.leclercdrive.fr/image.ashx?id=2928387&use=l&cat=p&typeid=i","cat":284440},{"id":19491,"n":"Couscous tunisien Côté Table Kefta merguez - 300g","p":2.19,"u":"7,30 €/KG","img":"https://fd11-photos.leclercdrive.fr/image.ashx?id=2900097&use=l&cat=p&typeid=i","cat":284953},{"id":19493,"n":"Colin d'alaska Côté Table Barquette micro-ondable 300g","p":1.99,"u":"6,63 €/KG","img":"https://fd11-photos.leclercdrive.fr/image.ashx?id=2770311&use=l&cat=p&typeid=i","cat":284953},{"id":19518,"n":"Cahier de Brouillon Eco+ 96 pages","p":0.49,"img":"https://fd11-photos.leclercdrive.fr/image.ashx?id=2943133&use=l&cat=p&typeid=i","cat":284697},{"id":19519,"n":"Enveloppes Eco+ 11,4x16,2cm - x100","p":1.53,"u":"0,02 €/P","img":"https://fd11-photos.leclercdrive.fr/image.ashx?id=1698592&use=l&cat=p&typeid=i","cat":284697},{"id":19542,"n":"Filets de saumon rose Findus Pacifique - MSC - x4 - 400g","p":11.34,"u":"28,35 €/KG","img":"https://fd11-photos.leclercdrive.fr/image.ashx?id=2735326&use=l&cat=p&typeid=i","cat":319786},{"id":19601,"n":"Gâteaux marbrés P'tit Déli x14 378g","p":2.97,"u":"7,86 €/KG","img":"https://fd11-photos.leclercdrive.fr/image.ashx?id=1947363&use=l&cat=p&typeid=i","cat":284495},{"id":19604,"n":"Gâteaux P'tit Déli A base de yaourt x7 - 189g","p":1.88,"u":"9,95 €/KG","img":"https://fd11-photos.leclercdrive.fr/image.ashx?id=2059086&use=l&cat=p&typeid=i","cat":294776},{"id":19609,"n":"Tuiles Tokapi Fromage - 170g","p":1.39,"u":"8,18 €/KG","img":"https://fd11-photos.leclercdrive.fr/image.ashx?id=2647426&use=l&cat=p&typeid=i","cat":287899},{"id":19611,"n":"Soupe Velouté Régal Soupe Tomates - 2x30cl","p":1.49,"u":"2,48 €/L","img":"https://fd11-photos.leclercdrive.fr/image.ashx?id=2819271&use=l&cat=p&typeid=i","cat":284462},{"id":19617,"n":"Soupe Boeuf tomates Régal Soupe Vermicelles - 54g","p":0.99,"u":"18,33 €/KG","img":"https://fd11-photos.leclercdrive.fr/image.ashx?id=2663278&use=l&cat=p&typeid=i","cat":284463},{"id":19625,"n":"Mini goûters P'tit Déli Fraise 168g","p":1.13,"u":"6,73 €/KG","img":"https://fd11-photos.leclercdrive.fr/image.ashx?id=2310498&use=l&cat=p&typeid=i","cat":284489},{"id":19639,"n":"Bougies chauffe plats Eco+ Blanches - x100","p":3.33,"u":"0,03 €/P","img":"https://fd11-photos.leclercdrive.fr/image.ashx?id=2635544&use=l&cat=p&typeid=i","cat":335913},{"id":19644,"n":"Assiettes rondes Homeside Dessert Biodégradables 18cm x25","p":2.23,"img":"https://fd11-photos.leclercdrive.fr/image.ashx?id=1659684&use=l&cat=p&typeid=i","cat":334134},{"id":19659,"n":"Poêlée landaise Côté Table Surgelée - 900g","p":5.79,"u":"6,43 €/KG","img":"https://fd11-photos.leclercdrive.fr/image.ashx?id=2762629&use=l&cat=p&typeid=i","cat":319823},{"id":19660,"n":"Cordons bleus Pic'Express Au poulet 4x100g","p":3.63,"u":"9,08 €/KG","img":"https://fd11-photos.leclercdrive.fr/image.ashx?id=2852949&use=l&cat=p&typeid=i","cat":319780},{"id":19684,"n":"tofu nature bio bjorg  - 2x200g","p":2.43,"u":"6,08 €/KG","img":"https://fd11-photos.leclercdrive.fr/image.ashx?id=2907979&use=l&cat=p&typeid=i","cat":284953},{"id":19699,"n":"Sucre pure canne blond Beghin Say - 1kg","p":3.04,"u":"3,04 €/KG","img":"https://fd11-photos.leclercdrive.fr/image.ashx?id=2977321&use=l&cat=p&typeid=i","cat":284502},{"id":19702,"n":"Sucre en poudre Béghin Say 750g","p":1.62,"u":"2,16 €/KG","img":"https://fd11-photos.leclercdrive.fr/image.ashx?id=2866352&use=l&cat=p&typeid=i","cat":284502},{"id":19710,"n":"Tipp-Ex Ruban correcteur - 1 pièce","p":2.0,"img":"https://fd11-photos.leclercdrive.fr/image.ashx?id=1939099&use=l&cat=p&typeid=i","cat":334133},{"id":19719,"n":"Yaourts Lait entier Bio Village Bio Vanille - 4x125g","p":1.27,"u":"2,54 €/KG","img":"https://fd11-photos.leclercdrive.fr/image.ashx?id=2702336&use=l&cat=p&typeid=i","cat":286006},{"id":19729,"n":"Biscuit P'tit Déli Palmiers Chocolat au lait 110g","p":1.25,"u":"11,36 €/KG","img":"https://fd11-photos.leclercdrive.fr/image.ashx?id=2573403&use=l&cat=p&typeid=i","cat":284488},{"id":19732,"n":"Les p'tites spirales P'tit Déli Chocolat  x6 - 150g","p":1.35,"u":"9,00 €/KG","img":"https://fd11-photos.leclercdrive.fr/image.ashx?id=2660422&use=l&cat=p&typeid=i","cat":284495},{"id":19738,"n":"Duo Mâche Roquette Florette 175g","p":2.48,"u":"14,17 €/KG","img":"https://fd11-photos.leclercdrive.fr/image.ashx?id=2333929&use=l&cat=p&typeid=i","cat":284353},{"id":19743,"n":"Déodorant atomiseur Carré Homme Musc 200ml","p":1.35,"u":"6,75 €/L","img":"https://fd11-photos.leclercdrive.fr/image.ashx?id=2375998&use=l&cat=p&typeid=i","cat":284618},{"id":19744,"n":"Déodorant atomiseur Carré Homme Marine 200ml","p":1.35,"u":"6,75 €/L","img":"https://fd11-photos.leclercdrive.fr/image.ashx?id=2390707&use=l&cat=p&typeid=i","cat":284618},{"id":19750,"n":"Cotons Duo Démaquillants Inell Duo carré - Disques x50","p":1.24,"u":"0,02 €/P","img":"https://fd11-photos.leclercdrive.fr/image.ashx?id=1709937&use=l&cat=p&typeid=i","cat":285593},{"id":19758,"n":"Essuie-tout Bobine Uni Vert Compact - 500 feuilles x1","p":4.5,"img":"https://fd11-photos.leclercdrive.fr/image.ashx?id=2684826&use=l&cat=p&typeid=i","cat":284635},{"id":19788,"n":"Stick lèvres Inell Hydratant - 2 pièces","p":1.5,"u":"0,75 €/P","img":"https://fd11-photos.leclercdrive.fr/image.ashx?id=2776042&use=l&cat=p&typeid=i","cat":285485},{"id":19796,"n":"Papier aluminium Elembal 30m","p":2.76,"img":"https://fd11-photos.leclercdrive.fr/image.ashx?id=2854231&use=l&cat=p&typeid=i","cat":334134},{"id":19798,"n":"Dissolvant doux Inell Sans acétone - 150ml","p":1.42,"u":"9,47 €/L","img":"https://fd11-photos.leclercdrive.fr/image.ashx?id=2691640&use=l&cat=p&typeid=i","cat":325347},{"id":19814,"n":"Piles alcalines Foxter AA/LR6 1,5V - x8","p":1.69,"u":"0,21 €/P","img":"https://fd11-photos.leclercdrive.fr/image.ashx?id=2162174&use=l&cat=p&typeid=i","cat":300572},{"id":19815,"n":"Piles alcalines Foxter AAA/LR3 1,5V - x8","p":1.69,"img":"https://fd11-photos.leclercdrive.fr/image.ashx?id=2162153&use=l&cat=p&typeid=i","cat":300572},{"id":19856,"n":"Pâtes Barilla Coquillettes - 1kg","p":1.85,"u":"1,85 €/KG","img":"https://fd11-photos.leclercdrive.fr/image.ashx?id=2392230&use=l&cat=p&typeid=i","cat":284427},{"id":19877,"n":"Mozzarella Spécial Cuisine Les Croisés - 400g","p":2.94,"u":"7,35 €/KG","img":"https://fd11-photos.leclercdrive.fr/image.ashx?id=2992531&use=l&cat=p&typeid=i","cat":314026},{"id":19881,"n":"Dés Salakis herbes de Provence Fromage brebis - 300g","p":3.22,"u":"10,73 €/KG","img":"https://fd11-photos.leclercdrive.fr/image.ashx?id=2729686&use=l&cat=p&typeid=i","cat":314026},{"id":19898,"n":"Oeufs frais Matines x12","p":2.68,"u":"0,22 €/P","img":"https://fd11-photos.leclercdrive.fr/image.ashx?id=2796231&use=l&cat=p&typeid=i","cat":284378},{"id":19901,"n":"Oeufs De Nos Villages Plein air, moyen  - x12","p":3.39,"u":"0,28 €/P","img":"https://fd11-photos.leclercdrive.fr/image.ashx?id=2153942&use=l&cat=p&typeid=i","cat":284378},{"id":19906,"n":"Yaourts brassés aux fruits Bio Bio village - 12x125g","p":4.49,"u":"2,99 €/KG","img":"https://fd11-photos.leclercdrive.fr/image.ashx?id=2841971&use=l&cat=p&typeid=i","cat":284410},{"id":19909,"n":"Yaourts Lait entier Bio Village Bio Vanille - 12x125g","p":3.27,"u":"2,18 €/KG","img":"https://fd11-photos.leclercdrive.fr/image.ashx?id=2032376&use=l&cat=p&typeid=i","cat":286006},{"id":19924,"n":"Dessert fruitier pomme Bio Bio village - 4x100g","p":1.73,"u":"4,33 €/KG","img":"https://fd11-photos.leclercdrive.fr/image.ashx?id=2462427&use=l&cat=p&typeid=i","cat":284416},{"id":19933,"n":"Pizza Crousti-moelleuse Marie Royale - 3x400g","p":6.75,"u":"5,63 €/KG","img":"https://fd11-photos.leclercdrive.fr/image.ashx?id=2996800&use=l&cat=p&typeid=i","cat":284256},{"id":19935,"n":"Pizza Crousti-moelleuse Marie 4 fromages - 3x390g","p":6.46,"u":"5,52 €/KG","img":"https://fd11-photos.leclercdrive.fr/image.ashx?id=2996803&use=l&cat=p&typeid=i","cat":284256},{"id":19941,"n":"Pur jus d'orange Jafaden Avec pulpe - 1L","p":2.45,"u":"2,45 €/L","img":"https://fd11-photos.leclercdrive.fr/image.ashx?id=2395258&use=l&cat=p&typeid=i","cat":285435},{"id":19957,"n":"Purée brocolis Notre Jardin Nature 750g","p":1.69,"u":"2,25 €/KG","img":"https://fd11-photos.leclercdrive.fr/image.ashx?id=2856163&use=l&cat=p&typeid=i","cat":319805},{"id":19960,"n":"Purée carottes Notre Jardin Nature 750g","p":2.43,"u":"3,24 €/KG","img":"https://fd11-photos.leclercdrive.fr/image.ashx?id=2856166&use=l&cat=p&typeid=i","cat":319805},{"id":19991,"n":"Fromage frais Délisse Fruits panachés - 6x100g","p":2.56,"u":"4,27 €/KG","img":"https://fd11-photos.leclercdrive.fr/image.ashx?id=2913669&use=l&cat=p&typeid=i","cat":284414},{"id":19993,"n":"Crème dessert Délisse Vanille sur lit chocolat 4x125g","p":1.42,"u":"2,84 €/KG","img":"https://fd11-photos.leclercdrive.fr/image.ashx?id=2841950&use=l&cat=p&typeid=i","cat":285041},{"id":20008,"n":"Compote Andros Pomme nature - 12x100g","p":3.15,"u":"2,63 €/KG","img":"https://fd11-photos.leclercdrive.fr/image.ashx?id=2989114&use=l&cat=p&typeid=i","cat":284416},{"id":20010,"n":"Yaourts lait entier nature Bio  Bio village - 12x125g","p":2.46,"u":"1,64 €/KG","img":"https://fd11-photos.leclercdrive.fr/image.ashx?id=2102992&use=l&cat=p&typeid=i","cat":284409},{"id":20013,"n":"Compote Charles & Alice Pommes Abricots - 4x100g","p":1.4,"u":"3,50 €/KG","img":"https://fd11-photos.leclercdrive.fr/image.ashx?id=2757350&use=l&cat=p&typeid=i","cat":284416},{"id":20032,"n":"Whisky Jack Daniel's Old N°7 1L","p":28.5,"pp":25.65,"u":"25,65 €/L","img":"https://fd11-photos.leclercdrive.fr/image.ashx?id=2805189&use=l&cat=p&typeid=i","cat":284547},{"id":20038,"n":"Crème aux œufs La Laitière lit de caramel - 4x100g","p":1.76,"u":"4,40 €/KG","img":"https://fd11-photos.leclercdrive.fr/image.ashx?id=2744593&use=l&cat=p&typeid=i","cat":284419},{"id":20075,"n":"Corned beef Hereford 340g","p":3.29,"u":"9,68 €/KG","img":"https://fd11-photos.leclercdrive.fr/image.ashx?id=2896946&use=l&cat=p&typeid=i","cat":305149},{"id":20085,"n":"Bière bleue Chimay Brune - 9%vol. - 33cl","p":1.57,"u":"4,76 €/L","img":"https://fd11-photos.leclercdrive.fr/image.ashx?id=1758849&use=l&cat=p&typeid=i","cat":334872},{"id":20110,"n":"Jus d'orange Jafaden A base de concentré  - 6x1L","p":10.56,"u":"1,76 €/L","img":"https://fd11-photos.leclercdrive.fr/image.ashx?id=2842486&use=l&cat=p&typeid=i","cat":284521},{"id":20138,"n":"Chips Pom'Lisse Nature - 200g","p":1.19,"u":"5,95 €/KG","img":"https://fd11-photos.leclercdrive.fr/image.ashx?id=2710783&use=l&cat=p&typeid=i","cat":284447},{"id":20146,"n":"Brique de brebis Les Croisés 150g","p":2.45,"u":"16,33 €/KG","img":"https://fd11-photos.leclercdrive.fr/image.ashx?id=2645903&use=l&cat=p&typeid=i","cat":314031},{"id":20172,"n":"Petits pots bébé P'TIT SOUPER Aubergine pâtes 8M+ - 2x200g","p":1.94,"u":"4,85 €/KG","img":"https://fd11-photos.leclercdrive.fr/image.ashx?id=2526511&use=l&cat=p&typeid=i","cat":312239},{"id":20175,"n":"Petits pots bébé P'TIT SOUPER  7 légumes 8M+ - 2x200g","p":1.66,"u":"4,15 €/KG","img":"https://fd11-photos.leclercdrive.fr/image.ashx?id=2526508&use=l&cat=p&typeid=i","cat":312239},{"id":20180,"n":"Crème Fraîche Elle&Vire Epaisse Légère - 12% MG - 33cl","p":1.6,"u":"4,85 €/L","img":"https://fd11-photos.leclercdrive.fr/image.ashx?id=2871949&use=l&cat=p&typeid=i","cat":284381},{"id":20183,"n":"Emmental français Entremont 45%mg - 250g","p":2.68,"u":"10,72 €/KG","img":"https://fd11-photos.leclercdrive.fr/image.ashx?id=2983138&use=l&cat=p&typeid=i","cat":314034},{"id":20195,"n":"Camembert Isigny Ste Mère Au lait cru - 250g","p":3.45,"u":"13,80 €/KG","img":"https://fd11-photos.leclercdrive.fr/image.ashx?id=2284415&use=l&cat=p&typeid=i","cat":314033},{"id":20213,"n":"Camembert Cœur de Lion  8 portions - 240g","p":2.8,"u":"11,67 €/KG","img":"https://fd11-photos.leclercdrive.fr/image.ashx?id=2767962&use=l&cat=p&typeid=i","cat":314033},{"id":20223,"n":"Riz au lait Délisse  Nature - 4x115g","p":1.42,"u":"3,09 €/KG","img":"https://fd11-photos.leclercdrive.fr/image.ashx?id=2595104&use=l&cat=p&typeid=i","cat":284418},{"id":20239,"n":"Gâteaux fourrés P'tit Déli Chocolat x7 - 189g","p":2.18,"u":"11,53 €/KG","img":"https://fd11-photos.leclercdrive.fr/image.ashx?id=2554517&use=l&cat=p&typeid=i","cat":284495},{"id":20267,"n":"Compote bio Bio Village Coupelle pomme poire - 4x100g","p":2.29,"u":"5,73 €/KG","img":"https://fd11-photos.leclercdrive.fr/image.ashx?id=2442710&use=l&cat=p&typeid=i","cat":284508},{"id":20288,"n":"Soufflés Snack's Tokapi Cacahuète - 55g","p":0.39,"u":"7,09 €/KG","img":"https://fd11-photos.leclercdrive.fr/image.ashx?id=2844517&use=l&cat=p&typeid=i","cat":284449},{"id":20291,"n":"Déodorant bille Manava Vanille 50ml","p":1.29,"u":"25,80 €/L","img":"https://fd11-photos.leclercdrive.fr/image.ashx?id=2481213&use=l&cat=p&typeid=i","cat":284595},{"id":20300,"n":"Tarte Tomates Chèvre Courgette Côté Table - 400g","p":2.81,"u":"7,03 €/KG","img":"https://fd11-photos.leclercdrive.fr/image.ashx?id=2791767&use=l&cat=p&typeid=i","cat":284257},{"id":20306,"n":"Rillettes crabe Ronde des Mers 150g","p":1.99,"u":"13,27 €/KG","img":"https://fd11-photos.leclercdrive.fr/image.ashx?id=2981876&use=l&cat=p&typeid=i","cat":285191},{"id":20309,"n":"Jambon supérieur Tradilège -25% de sel - Découenné x4-160g","p":1.95,"u":"12,19 €/KG","img":"https://fd11-photos.leclercdrive.fr/image.ashx?id=2991518&use=l&cat=p&typeid=i","cat":316009},{"id":20362,"n":"Coeurs filets merlu Pêche Océan MSC 4 à 5 pièces 400g","p":5.3,"u":"13,25 €/KG","img":"https://fd11-photos.leclercdrive.fr/image.ashx?id=2953725&use=l&cat=p&typeid=i","cat":319786},{"id":20375,"n":"Saucisson Justin Bridou Bâton de Berger Noisette - 250g","p":4.08,"u":"16,32 €/KG","img":"https://fd11-photos.leclercdrive.fr/image.ashx?id=2948054&use=l&cat=p&typeid=i","cat":316006},{"id":20376,"n":"Colin d'Alaska Marie Beurre citron thym - 400g","p":4.55,"u":"11,38 €/KG","img":"https://fd11-photos.leclercdrive.fr/image.ashx?id=2996809&use=l&cat=p&typeid=i","cat":319786},{"id":20380,"n":"Jambon cru 6 tranches Aoste sans conservateur - 165g","p":4.56,"u":"27,64 €/KG","img":"https://fd11-photos.leclercdrive.fr/image.ashx?id=2950285&use=l&cat=p&typeid=i","cat":316007},{"id":20385,"n":"Poêlée de riz Côté Table Saint jacques, crevettes - 600g","p":6.49,"u":"10,82 €/KG","img":"https://fd11-photos.leclercdrive.fr/image.ashx?id=2483614&use=l&cat=p&typeid=i","cat":284254},{"id":20397,"n":"Tagliatelles Weight Watchers Poulet champignons 300g","p":3.31,"u":"11,03 €/KG","img":"https://fd11-photos.leclercdrive.fr/image.ashx?id=2960759&use=l&cat=p&typeid=i","cat":333665},{"id":20414,"n":"Essuie-tout blanc Mimosa Super absorbant - x2","p":2.75,"u":"1,38 €/P","img":"https://fd11-photos.leclercdrive.fr/image.ashx?id=2752619&use=l&cat=p&typeid=i","cat":284635},{"id":20447,"n":"Chips Pom'lisse Nature - 350g","p":1.89,"u":"5,40 €/KG","img":"https://fd11-photos.leclercdrive.fr/image.ashx?id=2710786&use=l&cat=p&typeid=i","cat":284447},{"id":20452,"n":"Paëlla Valenciana Fleury Michon 400g","p":3.41,"u":"8,53 €/KG","img":"https://fd11-photos.leclercdrive.fr/image.ashx?id=2656739&use=l&cat=p&typeid=i","cat":333665},{"id":20478,"n":"Sauce beurre blanc Tipiak 300g","p":2.56,"u":"8,53 €/KG","img":"https://fd11-photos.leclercdrive.fr/image.ashx?id=2604617&use=l&cat=p&typeid=i","cat":319786},{"id":20484,"n":"AOP Cabernet d'Anjou rosé Plessis-Duval - 75cl","p":4.46,"u":"5,95 €/L","img":"https://fd11-photos.leclercdrive.fr/image.ashx?id=2941035&use=l&cat=p&typeid=i","cat":289558},{"id":20501,"n":"Yaourts aux fruits Délisse Fruits Jaunes - 8x125g","p":2.29,"u":"2,29 €/KG","img":"https://fd11-photos.leclercdrive.fr/image.ashx?id=2533319&use=l&cat=p&typeid=i","cat":284410},{"id":20545,"n":"Haricots verts Bio Bio Village 600g","p":1.46,"u":"2,43 €/KG","img":"https://fd11-photos.leclercdrive.fr/image.ashx?id=2891812&use=l&cat=p&typeid=i","cat":319805},{"id":20627,"n":"Chipolatas Férial x12 - 660g","p":7.09,"u":"10,74 €/KG","img":"https://fd11-photos.leclercdrive.fr/image.ashx?id=2837099&use=l&cat=p&typeid=i","cat":284334},{"id":20635,"n":"Litière agglomérante Catsan  Pour chat - 5L","p":5.7,"u":"1,14 €/L","img":"https://fd11-photos.leclercdrive.fr/image.ashx?id=2681925&use=l&cat=p&typeid=i","cat":284683},{"id":20646,"n":"Filtre à thé Britley x30","p":1.64,"u":"0,05 €/P","img":"https://fd11-photos.leclercdrive.fr/image.ashx?id=2755058&use=l&cat=p&typeid=i","cat":293233},{"id":20648,"n":"Maquereaux Pêche Océan Moutarde à l'ancienne - 169g","p":1.66,"u":"9,82 €/KG","img":"https://fd11-photos.leclercdrive.fr/image.ashx?id=2515676&use=l&cat=p&typeid=i","cat":303868},{"id":20684,"n":"Cordon bleu de poulet Eco+ 800g","p":3.9,"u":"4,88 €/KG","img":"https://fd11-photos.leclercdrive.fr/image.ashx?id=2779871&use=l&cat=p&typeid=i","cat":319780},{"id":20685,"n":"Purée 4 légumes Notre Jardin 750g","p":2.24,"u":"2,99 €/KG","img":"https://fd11-photos.leclercdrive.fr/image.ashx?id=2856160&use=l&cat=p&typeid=i","cat":319805},{"id":20686,"n":"Haricots plats Notre Jardin 1kg","p":1.79,"u":"1,79 €/KG","img":"https://fd11-photos.leclercdrive.fr/image.ashx?id=2431122&use=l&cat=p&typeid=i","cat":319805},{"id":20688,"n":"Tagliatelles carbonara Marie 330g","p":3.04,"u":"9,21 €/KG","img":"https://fd11-photos.leclercdrive.fr/image.ashx?id=2980920&use=l&cat=p&typeid=i","cat":333665},{"id":20692,"n":"Filet de saumon Fleury Michon purée de brocolis - 300g","p":3.63,"u":"12,10 €/KG","img":"https://fd11-photos.leclercdrive.fr/image.ashx?id=3003278&use=l&cat=p&typeid=i","cat":333665},{"id":20700,"n":"Macaroni sauce tomate Marie Boulettes de viande 280g","p":2.69,"u":"9,61 €/KG","img":"https://fd11-photos.leclercdrive.fr/image.ashx?id=2980968&use=l&cat=p&typeid=i","cat":333665},{"id":20705,"n":"Salade Notre Jardin Coeurs de laitue - 70g","p":0.89,"u":"12,71 €/KG","img":"https://fd11-photos.leclercdrive.fr/image.ashx?id=2720166&use=l&cat=p&typeid=i","cat":284353},{"id":20706,"n":"Salade Notre jardin Bouquets de Mâche - 45g","p":0.61,"u":"13,56 €/KG","img":"https://fd11-photos.leclercdrive.fr/image.ashx?id=2720169&use=l&cat=p&typeid=i","cat":284353},{"id":20715,"n":"Betterave rouge Bio  Bio Village - 500g","p":1.25,"u":"2,50 €/KG","img":"https://fd11-photos.leclercdrive.fr/image.ashx?id=2888431&use=l&cat=p&typeid=i","cat":284352},{"id":20724,"n":"Cheeseburger Charal 6x140g - 840g","p":8.67,"u":"10,32 €/KG","img":"https://fd11-photos.leclercdrive.fr/image.ashx?id=2741952&use=l&cat=p&typeid=i","cat":319822},{"id":20744,"n":"Philadelphia Nature - 150g","p":1.67,"u":"11,13 €/KG","img":"https://fd11-photos.leclercdrive.fr/image.ashx?id=1586142&use=l&cat=p&typeid=i","cat":314029},{"id":20753,"n":"Mouchoirs The Original Kleenex® Etuis mini x24","p":2.74,"u":"0,11 €/P","img":"https://fd11-photos.leclercdrive.fr/image.ashx?id=2840301&use=l&cat=p&typeid=i","cat":284638},{"id":20758,"n":"Riz cantonais Tables du Monde 900g","p":3.99,"u":"4,43 €/KG","img":"https://fd11-photos.leclercdrive.fr/image.ashx?id=2903953&use=l&cat=p&typeid=i","cat":284254},{"id":20759,"n":"Purée de céleris Notre Jardin Nature 750g","p":1.88,"u":"2,51 €/KG","img":"https://fd11-photos.leclercdrive.fr/image.ashx?id=2856169&use=l&cat=p&typeid=i","cat":319805},{"id":20760,"n":"Légumes vapeurs Notre Jardin 2x200g","p":2.47,"u":"6,18 €/KG","img":"https://fd11-photos.leclercdrive.fr/image.ashx?id=2900106&use=l&cat=p&typeid=i","cat":319805},{"id":20762,"n":"Légumes vapeurs Notre Jardin Méditerranéens 2x200g","p":1.8,"u":"4,50 €/KG","img":"https://fd11-photos.leclercdrive.fr/image.ashx?id=2916689&use=l&cat=p&typeid=i","cat":319805},{"id":20773,"n":"Anneaux d'encornets Pêche Océan 500g","p":6.55,"u":"13,10 €/KG","img":"https://fd11-photos.leclercdrive.fr/image.ashx?id=3012391&use=l&cat=p&typeid=i","cat":319787},{"id":20775,"n":"Carottes râpées Menu Fraîcheur  1kg","p":1.98,"u":"1,98 €/KG","img":"https://fd11-photos.leclercdrive.fr/image.ashx?id=2850814&use=l&cat=p&typeid=i","cat":333657},{"id":20776,"n":"Taboulé Menu Fraîcheur A l'orientale - 1kg","p":2.77,"u":"2,77 €/KG","img":"https://fd11-photos.leclercdrive.fr/image.ashx?id=2846559&use=l&cat=p&typeid=i","cat":333657},{"id":20777,"n":"Piémontaise Menu Fraîcheur  Au jambon - 1kg","p":4.27,"u":"4,27 €/KG","img":"https://fd11-photos.leclercdrive.fr/image.ashx?id=2965488&use=l&cat=p&typeid=i","cat":333657},{"id":20811,"n":"Couronne de crevettes Delpierre ASC Sauce cocktail - 130g","p":5.15,"u":"39,62 €/KG","img":"https://fd11-photos.leclercdrive.fr/image.ashx?id=2958851&use=l&cat=p&typeid=i","cat":327284},{"id":20834,"n":"AOP Saumur Champigny rouge Charles de Villeneuve - 75cl","p":5.95,"pp":4.46,"u":"5,95 €/L","img":"https://fd11-photos.leclercdrive.fr/image.ashx?id=2859275&use=l&cat=p&typeid=i","cat":289556},{"id":20840,"n":"Yaourts Mamie Nova Panaché de fruits - 6x150g","p":3.32,"u":"3,69 €/KG","img":"https://fd11-photos.leclercdrive.fr/image.ashx?id=2886954&use=l&cat=p&typeid=i","cat":284410},{"id":20858,"n":"Saucisses de Toulouse Férial x4 - 500g","p":4.16,"u":"8,32 €/KG","img":"https://fd11-photos.leclercdrive.fr/image.ashx?id=3004669&use=l&cat=p&typeid=i","cat":284334},{"id":20863,"n":"Allumettes de bacon Herta Fumées 200g","p":2.15,"u":"10,75 €/KG","img":"https://fd11-photos.leclercdrive.fr/image.ashx?id=2876242&use=l&cat=p&typeid=i","cat":316011},{"id":20866,"n":"Crevettes royales Delpierre Décortiquées ASC - 150g","p":6.81,"u":"45,40 €/KG","img":"https://fd11-photos.leclercdrive.fr/image.ashx?id=2733886&use=l&cat=p&typeid=i","cat":284343},{"id":20869,"n":"Chaussons aux pommes  3p","p":2.8,"u":"0,93 €/P","img":"https://fd11-photos.leclercdrive.fr/image.ashx?id=2070998&use=l&cat=p&typeid=i","cat":284984},{"id":20880,"n":"Le Parmentier de saumon Maison Briau - 750g","p":9.65,"u":"12,87 €/KG","img":"https://fd11-photos.leclercdrive.fr/image.ashx?id=2850605&use=l&cat=p&typeid=i","cat":333666},{"id":20881,"n":"La Brandade de morue  Maison Briau - 750g","p":6.66,"u":"8,88 €/KG","img":"https://fd11-photos.leclercdrive.fr/image.ashx?id=2850602&use=l&cat=p&typeid=i","cat":285094},{"id":20882,"n":"Colin pané Alaska Cité Marine MSC - 200g","p":2.41,"u":"12,05 €/KG","img":"https://fd11-photos.leclercdrive.fr/image.ashx?id=2844142&use=l&cat=p&typeid=i","cat":284344},{"id":20986,"n":"Sauce Napolitaine Turini 190g","p":0.85,"u":"4,47 €/KG","img":"https://fd11-photos.leclercdrive.fr/image.ashx?id=2552430&use=l&cat=p&typeid=i","cat":287599},{"id":21017,"n":"Poisson Pané Findus  Colin d'Alaska - x10 - 510g","p":4.17,"u":"8,18 €/KG","img":"https://fd11-photos.leclercdrive.fr/image.ashx?id=2735332&use=l&cat=p&typeid=i","cat":319788},{"id":21027,"n":"Sauce bolognaise Turini 190g","p":0.85,"u":"4,47 €/KG","img":"https://fd11-photos.leclercdrive.fr/image.ashx?id=2634869&use=l&cat=p&typeid=i","cat":287599},{"id":21040,"n":"Whisky Monkey Shoulder 40%vol - 70cl","p":24.55,"u":"35,07 €/L","img":"https://fd11-photos.leclercdrive.fr/image.ashx?id=2917528&use=l&cat=p&typeid=i","cat":284547},{"id":21077,"n":"Bière blonde La Goudale 7.2%vol. - 6x25cl","p":3.95,"u":"2,63 €/L","img":"https://fd11-photos.leclercdrive.fr/image.ashx?id=2789865&use=l&cat=p&typeid=i","cat":334852},{"id":21081,"n":"Bière blonde Rince Cochon 50cl","p":1.81,"u":"3,62 €/L","img":"https://fd11-photos.leclercdrive.fr/image.ashx?id=2021232&use=l&cat=p&typeid=i","cat":334853},{"id":21115,"n":"Lambrusco Rosato Vilaveroni 75cl","p":4.19,"u":"5,59 €/L","img":"https://fd11-photos.leclercdrive.fr/image.ashx?id=2333030&use=l&cat=p&typeid=i","cat":289558},{"id":21127,"n":"Jambon de Bayonne Dupuy 10 tranches - 250g","p":6.99,"u":"27,96 €/KG","img":"https://fd11-photos.leclercdrive.fr/image.ashx?id=2339697&use=l&cat=p&typeid=i","cat":316007},{"id":21222,"n":"Déodorant Bille Homme Nivea Men Dry Impact 72H - 50ml","p":1.92,"u":"38,40 €/L","img":"https://fd11-photos.leclercdrive.fr/image.ashx?id=2865995&use=l&cat=p&typeid=i","cat":284618},{"id":21241,"n":"Spirales Insectivor Anti-moustiques - x10","p":1.73,"u":"0,17 €/P","img":"https://fd11-photos.leclercdrive.fr/image.ashx?id=2675682&use=l&cat=p&typeid=i","cat":298368},{"id":21246,"n":"Pièges Insectivor Anti-mites alimentaires - x2","p":2.76,"u":"1,38 €/P","img":"https://fd11-photos.leclercdrive.fr/image.ashx?id=2884237&use=l&cat=p&typeid=i","cat":298368},{"id":21480,"n":"Moules farcies Ronde des Mers MSC - x24 - 250g","p":7.85,"u":"31,40 €/KG","img":"https://fd11-photos.leclercdrive.fr/image.ashx?id=2627637&use=l&cat=p&typeid=i","cat":319787},{"id":21572,"n":"Baguette La Boulangère Viennoise fendue 340g","p":1.4,"u":"4,12 €/KG","img":"https://fd11-photos.leclercdrive.fr/image.ashx?id=2912392&use=l&cat=p&typeid=i","cat":284985},{"id":21573,"n":"Bonbons LUTTI Arlequin Original 250g","p":1.42,"u":"5,68 €/KG","img":"https://fd11-photos.leclercdrive.fr/image.ashx?id=2817422&use=l&cat=p&typeid=i","cat":304252},{"id":21584,"n":"Olives noires Crespo Dénoyautées - 170g","p":1.44,"u":"8,47 €/KG","img":"https://fd11-photos.leclercdrive.fr/image.ashx?id=2616892&use=l&cat=p&typeid=i","cat":284458},{"id":21592,"n":"Filets de cabillaud Findus MSC - x10 - 510g","p":7.11,"u":"13,94 €/KG","img":"https://fd11-photos.leclercdrive.fr/image.ashx?id=2735329&use=l&cat=p&typeid=i","cat":319788},{"id":21606,"n":"Cornichons Maille extra fins 380g","p":3.13,"u":"8,24 €/KG","img":"https://fd11-photos.leclercdrive.fr/image.ashx?id=2945826&use=l&cat=p&typeid=i","cat":284458},{"id":21609,"n":"Cornichons Extra-Fins MAILLE 220g","p":2.2,"u":"10,00 €/KG","img":"https://fd11-photos.leclercdrive.fr/image.ashx?id=2945823&use=l&cat=p&typeid=i","cat":284458},{"id":21612,"n":"Liquide vaisselle Eco+ Citron 1L","p":0.7,"u":"0,70 €/L","img":"https://fd11-photos.leclercdrive.fr/image.ashx?id=2874368&use=l&cat=p&typeid=i","cat":284655},{"id":21662,"n":"Boîte chiens Lydog Bouchées Poulet légumes - 1,2kg","p":1.98,"u":"1,65 €/KG","img":"https://fd11-photos.leclercdrive.fr/image.ashx?id=2548100&use=l&cat=p&typeid=i","cat":288578},{"id":21663,"n":"Bouchées au poulet foie et  aux carottes Lydog - 1.23kg","p":2.39,"u":"1,94 €/KG","img":"https://fd11-photos.leclercdrive.fr/image.ashx?id=2691225&use=l&cat=p&typeid=i","cat":288578},{"id":21685,"n":"Nuggets de poulet Côté Croc x20 - 400g","p":3.0,"u":"7,50 €/KG","img":"https://fd11-photos.leclercdrive.fr/image.ashx?id=2837045&use=l&cat=p&typeid=i","cat":333684},{"id":21686,"n":"Saucisson sec Saint Azay Spécialité 200g","p":2.99,"u":"14,95 €/KG","img":"https://fd11-photos.leclercdrive.fr/image.ashx?id=2970613&use=l&cat=p&typeid=i","cat":316006},{"id":21687,"n":"Fromage Cheddar Burger Les Croisés 10 Tranches - 200g","p":1.25,"u":"6,25 €/KG","img":"https://fd11-photos.leclercdrive.fr/image.ashx?id=2946835&use=l&cat=p&typeid=i","cat":314028},{"id":21688,"n":"Fromage Emmental Croque Les Croisés 10 Tranches - 200g","p":1.19,"u":"5,95 €/KG","img":"https://fd11-photos.leclercdrive.fr/image.ashx?id=2893316&use=l&cat=p&typeid=i","cat":314028},{"id":21699,"n":"Crème fraîche Eco  Epaisse - 30% MG - 50cl","p":1.89,"u":"3,78 €/L","img":"https://fd11-photos.leclercdrive.fr/image.ashx?id=2981445&use=l&cat=p&typeid=i","cat":284381},{"id":21701,"n":"Glace Eco+ Vanille - 500g","p":1.25,"u":"2,50 €/KG","img":"https://fd11-photos.leclercdrive.fr/image.ashx?id=2711580&use=l&cat=p&typeid=i","cat":284263},{"id":21702,"n":"Haricots verts Eco+ Très fins - 1kg","p":1.39,"u":"1,39 €/KG","img":"https://fd11-photos.leclercdrive.fr/image.ashx?id=2847934&use=l&cat=p&typeid=i","cat":319805},{"id":21703,"n":"Fromage frais Eco+ Nature 20%MG - 1kg","p":1.79,"u":"1,79 €/KG","img":"https://fd11-photos.leclercdrive.fr/image.ashx?id=2699919&use=l&cat=p&typeid=i","cat":284409},{"id":21711,"n":"Brandade de morue Pêcheries Basques parmentière - 900g","p":6.66,"u":"7,40 €/KG","img":"https://fd11-photos.leclercdrive.fr/image.ashx?id=2608259&use=l&cat=p&typeid=i","cat":285094},{"id":21809,"n":"Boules chocolat Jacquot Praliné noir - 1kg","p":10.28,"u":"10,28 €/KG","img":"https://fd11-photos.leclercdrive.fr/image.ashx?id=2303303&use=l&cat=p&typeid=i","cat":327595},{"id":21877,"n":"Purée surgelée Pom'lisse Pommes de terre 750g","p":2.04,"u":"2,72 €/KG","img":"https://fd11-photos.leclercdrive.fr/image.ashx?id=2759777&use=l&cat=p&typeid=i","cat":319793},{"id":22009,"n":"Eclairs saveur vanille  2x1p","p":2.2,"u":"1,10 €/P","img":"https://fd11-photos.leclercdrive.fr/image.ashx?id=604673&use=l&cat=p&typeid=i","cat":284360},{"id":22033,"n":"Gin Brighton's London Dry 37.5%vol - 70cl","p":9.99,"u":"14,27 €/L","img":"https://fd11-photos.leclercdrive.fr/image.ashx?id=2907183&use=l&cat=p&typeid=i","cat":284550},{"id":22065,"n":"Filets de maquereaux Saupiquet A la moutarde - 3x169g","p":5.89,"u":"11,62 €/KG","img":"https://fd11-photos.leclercdrive.fr/image.ashx?id=2826972&use=l&cat=p&typeid=i","cat":303868},{"id":22066,"n":"Filets de maquereaux Saupiquet Tomate basilic - 3x169g","p":5.88,"u":"11,60 €/KG","img":"https://fd11-photos.leclercdrive.fr/image.ashx?id=2826975&use=l&cat=p&typeid=i","cat":303868},{"id":22087,"n":"Sucettes Chupa Chups Mini Assortiment x30 180g","p":1.92,"u":"10,67 €/KG","img":"https://fd11-photos.leclercdrive.fr/image.ashx?id=2647606&use=l&cat=p&typeid=i","cat":304250},{"id":22112,"n":"Vodka Sobieski 37.5%vol - 70cl","p":10.27,"u":"14,67 €/L","img":"https://fd11-photos.leclercdrive.fr/image.ashx?id=2948474&use=l&cat=p&typeid=i","cat":284550},{"id":22115,"n":"Cidre brut Les Goelleries Bretagne 4.5%vol. - 1,5L","p":1.87,"u":"1,25 €/L","img":"https://fd11-photos.leclercdrive.fr/image.ashx?id=2842277&use=l&cat=p&typeid=i","cat":334880},{"id":22116,"n":"Pain de mie complet Epi d'Or Grandes tranches - 550g","p":1.22,"u":"2,22 €/KG","img":"https://fd11-photos.leclercdrive.fr/image.ashx?id=2861292&use=l&cat=p&typeid=i","cat":284477},{"id":22117,"n":"Pain de mie complet Epi d'Or Grandes tranches - 825g","p":1.78,"u":"2,16 €/KG","img":"https://fd11-photos.leclercdrive.fr/image.ashx?id=2860736&use=l&cat=p&typeid=i","cat":284477},{"id":22141,"n":"Riz Basmati Comptoir du grain Sélection Riz long - 5x90g","p":1.81,"u":"4,02 €/KG","img":"https://fd11-photos.leclercdrive.fr/image.ashx?id=2076685&use=l&cat=p&typeid=i","cat":284428},{"id":22207,"n":"Blanc de Poulet Tradilège -25% de sel - 4 Tranches - 160g","p":1.92,"u":"12,00 €/KG","img":"https://fd11-photos.leclercdrive.fr/image.ashx?id=2974969&use=l&cat=p&typeid=i","cat":316010},{"id":22209,"n":"Lait entier UHT Bio Bio village Bouteille - 6x1L","p":8.94,"u":"1,49 €/L","img":"https://fd11-photos.leclercdrive.fr/image.ashx?id=2970024&use=l&cat=p&typeid=i","cat":285610},{"id":22212,"n":"Vin de l'Union Européenne rouge Vieux Papes - BIB 5L","p":11.66,"u":"2,33 €/L","img":"https://fd11-photos.leclercdrive.fr/image.ashx?id=2136139&use=l&cat=p&typeid=i","cat":289556},{"id":22229,"n":"Terrines chats Tous mes ami Foie volaille - 800g","p":2.01,"u":"2,51 €/KG","img":"https://fd11-photos.leclercdrive.fr/image.ashx?id=2869793&use=l&cat=p&typeid=i","cat":285601},{"id":22348,"n":"Moule à cake Homeside Revêtement antiadhésif - 27cm","p":5.93,"img":"https://fd11-photos.leclercdrive.fr/image.ashx?id=2832634&use=l&cat=p&typeid=i","cat":298490},{"id":22349,"n":"Moule à manqué Homeside Revêtement antiadhésif - 26cm","p":5.99,"img":"https://fd11-photos.leclercdrive.fr/image.ashx?id=2856724&use=l&cat=p&typeid=i","cat":298490},{"id":22373,"n":"Carré pour la vaisselle Mamison x5","p":1.35,"img":"https://fd11-photos.leclercdrive.fr/image.ashx?id=2622010&use=l&cat=p&typeid=i","cat":284667},{"id":22374,"n":"Chiffons secs Clair Dépouissiérants x20","p":1.97,"img":"https://fd11-photos.leclercdrive.fr/image.ashx?id=2558778&use=l&cat=p&typeid=i","cat":325364},{"id":22388,"n":"IGP Ile de Beauté vin rosé Terres Ocrées 11.5%vol - BIB 3L","p":12.99,"u":"4,33 €/L","img":"https://fd11-photos.leclercdrive.fr/image.ashx?id=2863036&use=l&cat=p&typeid=i","cat":289560},{"id":22477,"n":"Pignons de pin Couleurs Vives 125g","p":5.99,"u":"47,92 €/KG","img":"https://fd11-photos.leclercdrive.fr/image.ashx?id=2617201&use=l&cat=p&typeid=i","cat":284357},{"id":22487,"n":"IGP Pays d'Oc rosé Roche Mazet Grenache Cinsault - BIB 3L","p":10.29,"u":"3,43 €/L","img":"https://fd11-photos.leclercdrive.fr/image.ashx?id=2597118&use=l&cat=p&typeid=i","cat":289560},{"id":22488,"n":"IGP Pays d'Oc rouge Roche Mazet Cabernet Sauvignon 12.5% BIB 3L","p":10.29,"u":"3,43 €/L","img":"https://fd11-photos.leclercdrive.fr/image.ashx?id=2597121&use=l&cat=p&typeid=i","cat":289560},{"id":22489,"n":"IGP Pays d'oc blancRoche Mazet Sauvignon - BIB 3L","p":10.35,"u":"3,45 €/L","img":"https://fd11-photos.leclercdrive.fr/image.ashx?id=2597124&use=l&cat=p&typeid=i","cat":289557},{"id":22506,"n":"Yaourts aromatisés Délisse 4 saveurs - 8x125g","p":2.79,"u":"2,79 €/KG","img":"https://fd11-photos.leclercdrive.fr/image.ashx?id=2758713&use=l&cat=p&typeid=i","cat":286006},{"id":22512,"n":"Compote Douceur du Verger  Pomme Abricot - 4x100g","p":1.09,"u":"2,73 €/KG","img":"https://fd11-photos.leclercdrive.fr/image.ashx?id=1910619&use=l&cat=p&typeid=i","cat":284416},{"id":22515,"n":"Boisson énergisante X-tense Canette - 6x25cl","p":2.34,"u":"1,56 €/L","img":"https://fd11-photos.leclercdrive.fr/image.ashx?id=2956062&use=l&cat=p&typeid=i","cat":284533},{"id":22588,"n":"IGP Pays d'Oc Chardonnay Blanc Vieux Carion 12% vol BIB 3L","p":8.99,"u":"3,00 €/L","img":"https://fd11-photos.leclercdrive.fr/image.ashx?id=2591397&use=l&cat=p&typeid=i","cat":289560},{"id":22596,"n":"IGP Pays d'Oc Merlot vin rouge Vieux Carion - 4x25 cl","p":4.75,"u":"4,75 €/L","img":"https://fd11-photos.leclercdrive.fr/image.ashx?id=2824751&use=l&cat=p&typeid=i","cat":289556},{"id":22653,"n":"Crème entière fluide UHT Bio Bio Village 30% MG - 25cl","p":1.85,"u":"7,40 €/L","img":"https://fd11-photos.leclercdrive.fr/image.ashx?id=2801795&use=l&cat=p&typeid=i","cat":284381},{"id":22659,"n":"Cancoillotte nature NRT IGP 250g","p":1.97,"u":"7,88 €/KG","img":"https://fd11-photos.leclercdrive.fr/image.ashx?id=2663845&use=l&cat=p&typeid=i","cat":314037},{"id":22660,"n":"Cancoillotte à l'ail NRT IGP 250g","p":1.97,"u":"7,88 €/KG","img":"https://fd11-photos.leclercdrive.fr/image.ashx?id=2663848&use=l&cat=p&typeid=i","cat":314037},{"id":22689,"n":"Confiture extra bio Bio Village Fraises - 370g","p":1.79,"u":"4,84 €/KG","img":"https://fd11-photos.leclercdrive.fr/image.ashx?id=2965626&use=l&cat=p&typeid=i","cat":284480},{"id":22703,"n":"Chocolat au lait Bio Ethiquable  Riz soufflé - 100g","p":2.37,"u":"23,70 €/KG","img":"https://fd11-photos.leclercdrive.fr/image.ashx?id=2870869&use=l&cat=p&typeid=i","cat":284497},{"id":22786,"n":"Desserts lactés Délisse Chocolat caramel - 6x60g","p":1.36,"u":"3,78 €/KG","img":"https://fd11-photos.leclercdrive.fr/image.ashx?id=2968622&use=l&cat=p&typeid=i","cat":285041},{"id":22787,"n":"Saumon Ronde des Mers Petites tranches - 100g","p":3.69,"u":"36,90 €/KG","img":"https://fd11-photos.leclercdrive.fr/image.ashx?id=3004612&use=l&cat=p&typeid=i","cat":285188},{"id":22803,"n":"Brioche tranchée Epi d'Or Nature - 700g","p":2.22,"u":"3,17 €/KG","img":"https://fd11-photos.leclercdrive.fr/image.ashx?id=2860733&use=l&cat=p&typeid=i","cat":284478},{"id":22804,"n":"Boisson végétale Bio Village Soja nature bio - 1l","p":0.88,"u":"0,88 €/L","img":"https://fd11-photos.leclercdrive.fr/image.ashx?id=2372350&use=l&cat=p&typeid=i","cat":316067},{"id":22805,"n":"Boisson végétale Bio Village Soja vanille bio - 1l","p":1.42,"u":"1,42 €/L","img":"https://fd11-photos.leclercdrive.fr/image.ashx?id=2357707&use=l&cat=p&typeid=i","cat":316067},{"id":22894,"n":"Nettoyant spray Clair Ultra dégraissant - 750ml","p":1.18,"u":"1,57 €/L","img":"https://fd11-photos.leclercdrive.fr/image.ashx?id=2840386&use=l&cat=p&typeid=i","cat":325357},{"id":22898,"n":"Nettoyant Silex vitres d'insert Barbecue ultra décapante 750ml","p":3.99,"u":"5,32 €/L","img":"https://fd11-photos.leclercdrive.fr/image.ashx?id=2657087&use=l&cat=p&typeid=i","cat":325363},{"id":22900,"n":"Eau de Cologne Belles Saisons Lavande 250ml","p":1.69,"u":"6,76 €/L","img":"https://fd11-photos.leclercdrive.fr/image.ashx?id=2851655&use=l&cat=p&typeid=i","cat":291525},{"id":22906,"n":"Gel à raser Carré Homme Sensitive - 75ml","p":1.16,"u":"15,47 €/L","img":"https://fd11-photos.leclercdrive.fr/image.ashx?id=2762952&use=l&cat=p&typeid=i","cat":284617},{"id":22960,"n":"Gants de ménage Mamison Taille M 1 paire","p":1.01,"img":"https://fd11-photos.leclercdrive.fr/image.ashx?id=2635679&use=l&cat=p&typeid=i","cat":284668},{"id":22967,"n":"Tampon à récurer Mamison Surfaces fragiles xs","p":1.32,"u":"0,66 €/P","img":"https://fd11-photos.leclercdrive.fr/image.ashx?id=2669699&use=l&cat=p&typeid=i","cat":284667},{"id":22968,"n":"Eponges grattantes Mamison Surfaces délicates x2","p":1.49,"u":"0,75 €/P","img":"https://fd11-photos.leclercdrive.fr/image.ashx?id=2202392&use=l&cat=p&typeid=i","cat":284667},{"id":22972,"n":"Lames de rasoir Carré Homme 2 lames - x10","p":1.85,"u":"0,19 €/P","img":"https://fd11-photos.leclercdrive.fr/image.ashx?id=1211957&use=l&cat=p&typeid=i","cat":284616},{"id":22976,"n":"Crème visage nourrissante Inell Peau sèche - 50ml","p":1.96,"u":"39,20 €/L","img":"https://fd11-photos.leclercdrive.fr/image.ashx?id=2771124&use=l&cat=p&typeid=i","cat":325345},{"id":22979,"n":"Gel nettoyant Inell visage Purifiant px norm. mixtes 150ml","p":2.58,"u":"17,20 €/L","img":"https://fd11-photos.leclercdrive.fr/image.ashx?id=1961443&use=l&cat=p&typeid=i","cat":284603},{"id":23012,"n":"Huile d'Argan Floressance Pure Argan Bio - 50ml","p":8.09,"u":"161,80 €/L","img":"https://fd11-photos.leclercdrive.fr/image.ashx?id=2990688&use=l&cat=p&typeid=i","cat":325349},{"id":23040,"n":"Café moulu Méo L'original Bio - 500g","p":8.62,"u":"17,24 €/KG","img":"https://fd11-photos.leclercdrive.fr/image.ashx?id=2571287&use=l&cat=p&typeid=i","cat":284750},{"id":23132,"n":"Pâte feuilletée Tablier Blanc Epaisse - 280g","p":1.55,"u":"5,54 €/KG","img":"https://fd11-photos.leclercdrive.fr/image.ashx?id=2635910&use=l&cat=p&typeid=i","cat":333681},{"id":23133,"n":"Pâte brisée Tablier Blanc Epaisse - 280g","p":1.65,"u":"5,89 €/KG","img":"https://fd11-photos.leclercdrive.fr/image.ashx?id=2635913&use=l&cat=p&typeid=i","cat":333681},{"id":23157,"n":"AOP Champagne Brut Nicolas Feuillatte - 75cl","p":26.22,"u":"34,96 €/L","img":"https://fd11-photos.leclercdrive.fr/image.ashx?id=2962791&use=l&cat=p&typeid=i","cat":284542},{"id":23158,"n":"AOC Crémant de Bourgogne  Veuve Ambal Brut - 75cl","p":7.99,"pp":5.99,"u":"7,99 €/L","img":"https://fd11-photos.leclercdrive.fr/image.ashx?id=1737205&use=l&cat=p&typeid=i","cat":284545},{"id":23168,"n":"Beurre léger Les Croisés Doux - 40% MG - 250g","p":1.75,"u":"7,00 €/KG","img":"https://fd11-photos.leclercdrive.fr/image.ashx?id=2839909&use=l&cat=p&typeid=i","cat":284379},{"id":23169,"n":"Papier toilette Mimosa Blanc - Ultra Moelleux - x6","p":3.29,"u":"0,55 €/P","img":"https://fd11-photos.leclercdrive.fr/image.ashx?id=2780674&use=l&cat=p&typeid=i","cat":284634},{"id":23176,"n":"Pur jus de tomate Bio Village Bio - 1L","p":2.77,"u":"2,77 €/L","img":"https://fd11-photos.leclercdrive.fr/image.ashx?id=2954115&use=l&cat=p&typeid=i","cat":284523},{"id":23179,"n":"Pur jus 7 fruits Bio Village Bio - 1L","p":2.78,"u":"2,78 €/L","img":"https://fd11-photos.leclercdrive.fr/image.ashx?id=2901530&use=l&cat=p&typeid=i","cat":284917},{"id":23180,"n":"Rasoirs jetables Carré Homme 3 lames - x4","p":2.65,"img":"https://fd11-photos.leclercdrive.fr/image.ashx?id=2704666&use=l&cat=p&typeid=i","cat":284616},{"id":23182,"n":"Rasoirs jetables Siliss 3 lames - x4","p":1.99,"u":"0,50 €/P","img":"https://fd11-photos.leclercdrive.fr/image.ashx?id=2699438&use=l&cat=p&typeid=i","cat":325352},{"id":23188,"n":"Tomato Ketchup Heinz - 250g","p":1.11,"u":"4,44 €/KG","img":"https://fd11-photos.leclercdrive.fr/image.ashx?id=2943801&use=l&cat=p&typeid=i","cat":284455},{"id":23215,"n":"Biscuits Cookies P'tit Déli Chocolat raisin cranberrie 200g","p":1.44,"u":"7,20 €/KG","img":"https://fd11-photos.leclercdrive.fr/image.ashx?id=2529593&use=l&cat=p&typeid=i","cat":325066},{"id":23216,"n":"Sauce Hollandaise Rustica 32g","p":0.64,"u":"20,00 €/KG","img":"https://fd11-photos.leclercdrive.fr/image.ashx?id=2965491&use=l&cat=p&typeid=i","cat":288381},{"id":23219,"n":"Sauce Pesto Turini Basilic - 185g","p":1.3,"u":"7,03 €/KG","img":"https://fd11-photos.leclercdrive.fr/image.ashx?id=2546248&use=l&cat=p&typeid=i","cat":287599},{"id":23221,"n":"Sauce Tomates Turini Basilic - 420g","p":1.15,"u":"2,74 €/KG","img":"https://fd11-photos.leclercdrive.fr/image.ashx?id=2487458&use=l&cat=p&typeid=i","cat":287599},{"id":23226,"n":"Madeleines bio Bio Village Coquilles - 250g","p":1.88,"u":"7,52 €/KG","img":"https://fd11-photos.leclercdrive.fr/image.ashx?id=2711619&use=l&cat=p&typeid=i","cat":284492},{"id":23227,"n":"Chips Bio Village Bio - Nature - 125g","p":1.99,"u":"15,92 €/KG","img":"https://fd11-photos.leclercdrive.fr/image.ashx?id=2743834&use=l&cat=p&typeid=i","cat":284447},{"id":23235,"n":"Papillotes Préparation Maggi Côtes de porc au barbecue - 18g","p":0.74,"u":"41,11 €/KG","img":"https://fd11-photos.leclercdrive.fr/image.ashx?id=2953971&use=l&cat=p&typeid=i","cat":288380},{"id":23244,"n":"Désodorisant frigo Bien Air Sans parfum 40g","p":1.83,"u":"45,75 €/KG","img":"https://fd11-photos.leclercdrive.fr/image.ashx?id=2287737&use=l&cat=p&typeid=i","cat":311628},{"id":23255,"n":"Déodorant Carré Homme Vétiver longue durée 200ml","p":1.35,"u":"6,75 €/L","img":"https://fd11-photos.leclercdrive.fr/image.ashx?id=2375992&use=l&cat=p&typeid=i","cat":284618},{"id":23271,"n":"Vin mousseux de France blanc Muscador doux 11.5% Vol 75cl","p":2.53,"u":"3,37 €/L","img":"https://fd11-photos.leclercdrive.fr/image.ashx?id=2157052&use=l&cat=p&typeid=i","cat":284544},{"id":23304,"n":"Feuilletés paniers Côté Table Saumon - 4x100g","p":4.45,"u":"11,13 €/KG","img":"https://fd11-photos.leclercdrive.fr/image.ashx?id=2549400&use=l&cat=p&typeid=i","cat":319776},{"id":23336,"n":"Soufflés Grignot' Tokapi Bacon - 90g","p":0.89,"u":"9,89 €/KG","img":"https://fd11-photos.leclercdrive.fr/image.ashx?id=2059480&use=l&cat=p&typeid=i","cat":284449},{"id":23363,"n":"Lait bébé poudre Nidal Nestlé 1er âge - 0-6 mois - 800g","p":12.68,"u":"15,85 €/KG","img":"https://fd11-photos.leclercdrive.fr/image.ashx?id=2811638&use=l&cat=p&typeid=i","cat":284726},{"id":23365,"n":"Lait bébé 2A NIDAL GEST  6-12 mois - 800g","p":12.25,"u":"15,31 €/KG","img":"https://fd11-photos.leclercdrive.fr/image.ashx?id=2890799&use=l&cat=p&typeid=i","cat":284727},{"id":23371,"n":"Mozzarella Maxi Les Croisés - 250g","p":1.86,"u":"7,44 €/KG","img":"https://fd11-photos.leclercdrive.fr/image.ashx?id=2992534&use=l&cat=p&typeid=i","cat":314026},{"id":23372,"n":"Ricotta Les Croisés - 250g","p":1.29,"u":"5,16 €/KG","img":"https://fd11-photos.leclercdrive.fr/image.ashx?id=2133294&use=l&cat=p&typeid=i","cat":314026},{"id":23379,"n":"Croissants au tournesol  10x1 p","p":2.99,"u":"0,30 €/P","img":"https://fd11-photos.leclercdrive.fr/image.ashx?id=606761&use=l&cat=p&typeid=i","cat":284984},{"id":23387,"n":"Gâteaux St Michel Savaroises Chocolat 8 sachets 220g","p":1.82,"u":"8,27 €/KG","img":"https://fd11-photos.leclercdrive.fr/image.ashx?id=2935693&use=l&cat=p&typeid=i","cat":284495},{"id":23405,"n":"Pains au chocolat tournesol  10x1 p","p":3.5,"u":"0,35 €/P","img":"https://fd11-photos.leclercdrive.fr/image.ashx?id=2071010&use=l&cat=p&typeid=i","cat":284984},{"id":23411,"n":"Petits pains grillés Epi d'Or Froment - 400g","p":1.39,"u":"3,48 €/KG","img":"https://fd11-photos.leclercdrive.fr/image.ashx?id=2496413&use=l&cat=p&typeid=i","cat":284479},{"id":23412,"n":"Vermicelles Tables du Monde Haricot mungo - 100g","p":1.23,"u":"12,30 €/KG","img":"https://fd11-photos.leclercdrive.fr/image.ashx?id=2679723&use=l&cat=p&typeid=i","cat":288992},{"id":23430,"n":"Croquettes chat Tous mes amis Lapin/volailles - 2kg","p":3.99,"u":"2,00 €/KG","img":"https://fd11-photos.leclercdrive.fr/image.ashx?id=2301605&use=l&cat=p&typeid=i","cat":284680},{"id":23434,"n":"Cacahuètes Tokapi Sans sel ajouté - 200g","p":0.76,"u":"3,80 €/KG","img":"https://fd11-photos.leclercdrive.fr/image.ashx?id=2858833&use=l&cat=p&typeid=i","cat":284448},{"id":23437,"n":"Maïs Notre Jardin Croquant - 285g","p":0.85,"u":"2,98 €/KG","img":"https://fd11-photos.leclercdrive.fr/image.ashx?id=1993188&use=l&cat=p&typeid=i","cat":312611},{"id":23438,"n":"Soufflés RingsTokapi Oignon - 60g","p":0.77,"u":"12,83 €/KG","img":"https://fd11-photos.leclercdrive.fr/image.ashx?id=2898838&use=l&cat=p&typeid=i","cat":284449},{"id":23439,"n":"Crème dessert Délisse Choco Billes bicompartiment 4x117g","p":1.99,"u":"4,25 €/KG","img":"https://fd11-photos.leclercdrive.fr/image.ashx?id=2965482&use=l&cat=p&typeid=i","cat":285041},{"id":23444,"n":"Quenelles Côté Table volaille Au naturel 255g","p":1.37,"u":"5,37 €/KG","img":"https://fd11-photos.leclercdrive.fr/image.ashx?id=2977870&use=l&cat=p&typeid=i","cat":284441},{"id":23449,"n":"Dessert fruitier pomme mangue Douceur du Verger s/sucre4x100g","p":1.23,"u":"3,08 €/KG","img":"https://fd11-photos.leclercdrive.fr/image.ashx?id=2683532&use=l&cat=p&typeid=i","cat":284416},{"id":23450,"n":"Yaourts aux fruits Délisse Fruits rouges - 8x125g","p":2.29,"u":"2,29 €/KG","img":"https://fd11-photos.leclercdrive.fr/image.ashx?id=2616736&use=l&cat=p&typeid=i","cat":284410},{"id":23452,"n":"Terrines chats Tous mes amis Viandes variées - 4x400g","p":3.74,"u":"2,34 €/KG","img":"https://fd11-photos.leclercdrive.fr/image.ashx?id=2050660&use=l&cat=p&typeid=i","cat":285601},{"id":23459,"n":"Sauce Béchamel Rustica Déshydratée - 60g","p":0.49,"u":"8,17 €/KG","img":"https://fd11-photos.leclercdrive.fr/image.ashx?id=2984492&use=l&cat=p&typeid=i","cat":288381},{"id":23500,"n":"Bouillon de légumes Bio Village Bio - 8x10g","p":1.69,"u":"21,13 €/KG","img":"https://fd11-photos.leclercdrive.fr/image.ashx?id=1943409&use=l&cat=p&typeid=i","cat":288379},{"id":23520,"n":"Bloc de fromage Leerdammer L'Original - 500g","p":5.3,"u":"10,60 €/KG","img":"https://fd11-photos.leclercdrive.fr/image.ashx?id=2699035&use=l&cat=p&typeid=i","cat":314034},{"id":23522,"n":"Bûche de chèvre Les Croisés Format famililal 25%mg 300g","p":2.95,"u":"9,83 €/KG","img":"https://fd11-photos.leclercdrive.fr/image.ashx?id=2915293&use=l&cat=p&typeid=i","cat":314031},{"id":23543,"n":"Bière blonde Leffe 6,6% - 12x33cl","p":12.42,"u":"3,14 €/L","img":"https://fd11-photos.leclercdrive.fr/image.ashx?id=2811578&use=l&cat=p&typeid=i","cat":334852},{"id":23545,"n":"Rösti McCain 800g","p":2.15,"u":"2,69 €/KG","img":"https://fd11-photos.leclercdrive.fr/image.ashx?id=2988728&use=l&cat=p&typeid=i","cat":319792},{"id":23546,"n":"Poêlée savoyarde Marie Aux lardons fumés - 900g","p":4.92,"u":"5,47 €/KG","img":"https://fd11-photos.leclercdrive.fr/image.ashx?id=2996782&use=l&cat=p&typeid=i","cat":319823},{"id":23552,"n":"Lait bébé poudre Nidal Nestlé 2e âge -6-12 mois - 800g","p":10.53,"u":"13,16 €/KG","img":"https://fd11-photos.leclercdrive.fr/image.ashx?id=2805597&use=l&cat=p&typeid=i","cat":284727},{"id":23553,"n":"Lait bébé 1A NIDAL GEST  0-6 mois - 800g","p":14.46,"u":"18,08 €/KG","img":"https://fd11-photos.leclercdrive.fr/image.ashx?id=2890796&use=l&cat=p&typeid=i","cat":284726},{"id":23583,"n":"Crème Fraîche Elle&Vire Epaisse Entière - 30% MG - 33cl","p":1.84,"u":"5,58 €/L","img":"https://fd11-photos.leclercdrive.fr/image.ashx?id=3003333&use=l&cat=p&typeid=i","cat":284381},{"id":23595,"n":"Fromage raclette Les Croisés 3 poivres 26%mg 250g","p":2.99,"u":"11,96 €/KG","img":"https://fd11-photos.leclercdrive.fr/image.ashx?id=2791782&use=l&cat=p&typeid=i","cat":314037},{"id":23598,"n":"Fromage raclette Les Croisés Sans croûte - 28%mg - 400g","p":3.95,"u":"9,88 €/KG","img":"https://fd11-photos.leclercdrive.fr/image.ashx?id=2969752&use=l&cat=p&typeid=i","cat":314037},{"id":23618,"n":"Couscous Weight Watchers Oriental 300g","p":3.17,"u":"10,57 €/KG","img":"https://fd11-photos.leclercdrive.fr/image.ashx?id=2610915&use=l&cat=p&typeid=i","cat":333665},{"id":23628,"n":"Fond de volaille Rustica 110g","p":2.21,"u":"20,09 €/KG","img":"https://fd11-photos.leclercdrive.fr/image.ashx?id=2900103&use=l&cat=p&typeid=i","cat":288379},{"id":23630,"n":"Mouliné de carottes Régal Soupe Poireaux pommes de terre 1L","p":2.16,"u":"2,16 €/L","img":"https://fd11-photos.leclercdrive.fr/image.ashx?id=2607506&use=l&cat=p&typeid=i","cat":284462},{"id":23631,"n":"Chocolat noir Equador Mini carrés 72% cacao 200g","p":4.35,"u":"21,75 €/KG","img":"https://fd11-photos.leclercdrive.fr/image.ashx?id=2856483&use=l&cat=p&typeid=i","cat":284956},{"id":23633,"n":"Crème dessert Délisse Vanille sur lit caramel 4x125g","p":1.47,"u":"2,94 €/KG","img":"https://fd11-photos.leclercdrive.fr/image.ashx?id=2441276&use=l&cat=p&typeid=i","cat":285041},{"id":23636,"n":"Bouillon de volaille Rustica Dégraissé - Tablettes 12x10g","p":0.79,"u":"6,58 €/KG","img":"https://fd11-photos.leclercdrive.fr/image.ashx?id=1880033&use=l&cat=p&typeid=i","cat":288379},{"id":23709,"n":"Riz à la Cantonaise Marie 900g","p":4.95,"u":"5,50 €/KG","img":"https://fd11-photos.leclercdrive.fr/image.ashx?id=2996791&use=l&cat=p&typeid=i","cat":284254},{"id":23712,"n":"Saumon fumé Eco+ Atlantique - 200g","p":4.67,"u":"23,35 €/KG","img":"https://fd11-photos.leclercdrive.fr/image.ashx?id=2815725&use=l&cat=p&typeid=i","cat":285188},{"id":23715,"n":"Samoussa Tables du Monde Au boeuf - x4 - 220g","p":3.29,"u":"14,95 €/KG","img":"https://fd11-photos.leclercdrive.fr/image.ashx?id=2807190&use=l&cat=p&typeid=i","cat":333673},{"id":23717,"n":"Nem au poulet Traditions d'Asie Sauce nuoc mam - x4 - 280g","p":3.0,"u":"10,71 €/KG","img":"https://fd11-photos.leclercdrive.fr/image.ashx?id=2985222&use=l&cat=p&typeid=i","cat":333673},{"id":23726,"n":"Aluminium Eco+ 30m","p":1.89,"u":"0,06 €/MT","img":"https://fd11-photos.leclercdrive.fr/image.ashx?id=2880216&use=l&cat=p&typeid=i","cat":334134},{"id":23727,"n":"Sacs poubelle 100L Eco+ x10","p":0.76,"u":"0,08 €/P","img":"https://fd11-photos.leclercdrive.fr/image.ashx?id=2793137&use=l&cat=p&typeid=i","cat":285168},{"id":23728,"n":"Huile de tournesol Eco+ 1L","p":1.63,"u":"1,63 €/L","img":"https://fd11-photos.leclercdrive.fr/image.ashx?id=2913636&use=l&cat=p&typeid=i","cat":284453},{"id":23729,"n":"Tomato Ketchup Eco+ 560g","p":0.88,"u":"1,57 €/KG","img":"https://fd11-photos.leclercdrive.fr/image.ashx?id=2954328&use=l&cat=p&typeid=i","cat":284455},{"id":23753,"n":"Alcool modifié Primoplast 70° 250ml","p":2.2,"u":"8,80 €/L","img":"https://fd11-photos.leclercdrive.fr/image.ashx?id=2856498&use=l&cat=p&typeid=i","cat":284630},{"id":23754,"n":"Eau oxygénée Primoplast 250ml","p":1.86,"u":"7,44 €/L","img":"https://fd11-photos.leclercdrive.fr/image.ashx?id=2832936&use=l&cat=p&typeid=i","cat":284630},{"id":23780,"n":"Fromage raclette Eco+ Tranché 2x400g","p":6.64,"u":"8,30 €/KG","img":"https://fd11-photos.leclercdrive.fr/image.ashx?id=2712861&use=l&cat=p&typeid=i","cat":314037},{"id":23782,"n":"Mi-bas voile résistant Tissaia Beige rosé taille unique - x3","p":2.7,"u":"0,90 €/P","img":"https://fd11-photos.leclercdrive.fr/image.ashx?id=2193353&use=l&cat=p&typeid=i","cat":334130},{"id":23788,"n":"Pizza Bio Bio Village 3 fromages - 380g","p":3.24,"u":"8,53 €/KG","img":"https://fd11-photos.leclercdrive.fr/image.ashx?id=2946202&use=l&cat=p&typeid=i","cat":284256},{"id":23791,"n":"Tartines craquantes Epi d'Or Au blé complet - 250g","p":1.29,"u":"5,16 €/KG","img":"https://fd11-photos.leclercdrive.fr/image.ashx?id=2843788&use=l&cat=p&typeid=i","cat":284479},{"id":23794,"n":"Pain grillé Epi d'Or Blé complet x24 - 500g","p":1.72,"u":"3,44 €/KG","img":"https://fd11-photos.leclercdrive.fr/image.ashx?id=2680545&use=l&cat=p&typeid=i","cat":284479},{"id":23797,"n":"Lentilles vertes Bio Village Bio 500g","p":2.15,"u":"4,30 €/KG","img":"https://fd11-photos.leclercdrive.fr/image.ashx?id=2120317&use=l&cat=p&typeid=i","cat":284430},{"id":23798,"n":"Riz Risotto Comptoir du Grain 500g","p":1.42,"u":"2,84 €/KG","img":"https://fd11-photos.leclercdrive.fr/image.ashx?id=2363283&use=l&cat=p&typeid=i","cat":284428},{"id":23799,"n":"Riz rond Comptoir du Grain Dessert - 1kg","p":1.94,"u":"1,94 €/KG","img":"https://fd11-photos.leclercdrive.fr/image.ashx?id=1957084&use=l&cat=p&typeid=i","cat":284428},{"id":23827,"n":"Cordon Bleu poulet Père Dodu  Les Bons plans x10 - 1kg","p":6.96,"u":"6,96 €/KG","img":"https://fd11-photos.leclercdrive.fr/image.ashx?id=2971095&use=l&cat=p&typeid=i","cat":333683},{"id":23936,"n":"Fromage blanc jockey Stracciatella - 4x120g","p":2.01,"u":"4,19 €/KG","img":"https://fd11-photos.leclercdrive.fr/image.ashx?id=2280011&use=l&cat=p&typeid=i","cat":314999},{"id":23963,"n":"Beurre Tendre Les Croisés Demi-sel Allegé - 40% MG - 250g","p":2.25,"u":"9,00 €/KG","img":"https://fd11-photos.leclercdrive.fr/image.ashx?id=2839912&use=l&cat=p&typeid=i","cat":284379},{"id":23967,"n":"Lait demi-écrémé Grandlait Candia Bouteille - 6x50cl","p":5.7,"u":"1,90 €/L","img":"https://fd11-photos.leclercdrive.fr/image.ashx?id=2916195&use=l&cat=p&typeid=i","cat":284377},{"id":23968,"n":"Roquefort AOP Les Croisés Tranché 150g","p":2.29,"u":"15,27 €/KG","img":"https://fd11-photos.leclercdrive.fr/image.ashx?id=2676537&use=l&cat=p&typeid=i","cat":314032},{"id":24035,"n":"Echalotes semoule Rustica 36g","p":1.29,"u":"35,83 €/KG","img":"https://fd11-photos.leclercdrive.fr/image.ashx?id=2772951&use=l&cat=p&typeid=i","cat":298297},{"id":24043,"n":"Thé vert Britley Menthe x25 sachets - 40g","p":0.79,"u":"19,75 €/KG","img":"https://fd11-photos.leclercdrive.fr/image.ashx?id=2672930&use=l&cat=p&typeid=i","cat":293233},{"id":24047,"n":"Yaourts aromatisés Délisse Vanille - 4x125g","p":1.29,"u":"2,58 €/KG","img":"https://fd11-photos.leclercdrive.fr/image.ashx?id=2758710&use=l&cat=p&typeid=i","cat":286006},{"id":24049,"n":"Pâtée chats Tous mes amis Thon en sauce - 80g","p":0.99,"u":"12,38 €/KG","img":"https://fd11-photos.leclercdrive.fr/image.ashx?id=2450306&use=l&cat=p&typeid=i","cat":285601},{"id":24050,"n":"Pâtée chats Tous mes amis Poulet en sauce - 80g","p":0.99,"u":"12,38 €/KG","img":"https://fd11-photos.leclercdrive.fr/image.ashx?id=2450309&use=l&cat=p&typeid=i","cat":285601},{"id":24081,"n":"Mayonnaise Fins Gourmets MAILLE Bocal - 320g","p":2.35,"u":"7,34 €/KG","img":"https://fd11-photos.leclercdrive.fr/image.ashx?id=2812750&use=l&cat=p&typeid=i","cat":298295},{"id":24082,"n":"Mayonnaise Fine MAILLE Qualité Traiteur Bocal - 320g","p":2.32,"u":"7,25 €/KG","img":"https://fd11-photos.leclercdrive.fr/image.ashx?id=2908369&use=l&cat=p&typeid=i","cat":298295},{"id":24083,"n":"Nuggets de Poulet  Père Dodu  x50 - 1kg - Les Bons plans","p":7.14,"u":"7,14 €/KG","img":"https://fd11-photos.leclercdrive.fr/image.ashx?id=2957086&use=l&cat=p&typeid=i","cat":333684},{"id":24085,"n":"Pizza la Moelleuse Turini Royale - 600g","p":3.36,"u":"5,60 €/KG","img":"https://fd11-photos.leclercdrive.fr/image.ashx?id=2815641&use=l&cat=p&typeid=i","cat":284256},{"id":24088,"n":"Pizza la Moelleuse Turini 6 Fromages - 600g","p":3.63,"u":"6,05 €/KG","img":"https://fd11-photos.leclercdrive.fr/image.ashx?id=2815638&use=l&cat=p&typeid=i","cat":284256},{"id":24094,"n":"Jus de pommes pressées Andros 1,5L","p":3.78,"u":"2,52 €/L","img":"https://fd11-photos.leclercdrive.fr/image.ashx?id=2902981&use=l&cat=p&typeid=i","cat":285435},{"id":24095,"n":"Jus de clémentines préssées Andros - 1,5L","p":4.2,"u":"2,80 €/L","img":"https://fd11-photos.leclercdrive.fr/image.ashx?id=2902984&use=l&cat=p&typeid=i","cat":285435},{"id":24161,"n":"Boudin blanc Tradilège Truffé 1% x3 375g","p":3.99,"u":"10,64 €/KG","img":"https://fd11-photos.leclercdrive.fr/image.ashx?id=3002836&use=l&cat=p&typeid=i","cat":316012},{"id":24162,"n":"Vinaigre balsamique Bio Village Bio 50cl","p":3.49,"u":"6,98 €/L","img":"https://fd11-photos.leclercdrive.fr/image.ashx?id=2865206&use=l&cat=p&typeid=i","cat":298543},{"id":24163,"n":"Infusion Tiséa Tilleul Citron 25 sachets 34g","p":1.69,"u":"48,29 €/KG","img":"https://fd11-photos.leclercdrive.fr/image.ashx?id=2854240&use=l&cat=p&typeid=i","cat":293234},{"id":24164,"n":"Thé vert Briley 32.5g","p":0.79,"u":"24,69 €/KG","img":"https://fd11-photos.leclercdrive.fr/image.ashx?id=2645939&use=l&cat=p&typeid=i","cat":293233},{"id":24293,"n":"Céréales Extra Kellogg's Chocolat Noir Noisettes - 500g","p":3.18,"u":"6,36 €/KG","img":"https://fd11-photos.leclercdrive.fr/image.ashx?id=2692284&use=l&cat=p&typeid=i","cat":309512},{"id":24294,"n":"Filets de maquereaux Saupiquet Escabèche - 3x169g","p":5.91,"u":"11,66 €/KG","img":"https://fd11-photos.leclercdrive.fr/image.ashx?id=2826978&use=l&cat=p&typeid=i","cat":303868},{"id":24363,"n":"Boisson lactée Délisse Chocolat - 6x20cl","p":2.17,"u":"1,81 €/L","img":"https://fd11-photos.leclercdrive.fr/image.ashx?id=2169879&use=l&cat=p&typeid=i","cat":295246},{"id":24390,"n":"Pétales de blé Eco+ Chocolat - 750g","p":2.03,"u":"2,71 €/KG","img":"https://fd11-photos.leclercdrive.fr/image.ashx?id=2927836&use=l&cat=p&typeid=i","cat":309513},{"id":24403,"n":"Vodka Novotna Pure grain 37.5%vol - 1L","p":14.99,"u":"14,99 €/L","img":"https://fd11-photos.leclercdrive.fr/image.ashx?id=784848&use=l&cat=p&typeid=i","cat":284550},{"id":24410,"n":"Bonbons Copains Copines Tendres fruits - 360 g","p":2.05,"u":"5,69 €/KG","img":"https://fd11-photos.leclercdrive.fr/image.ashx?id=2934694&use=l&cat=p&typeid=i","cat":304250},{"id":24474,"n":"Petites crevettes roses Pêche Océan - 125g","p":2.49,"u":"19,92 €/KG","img":"https://fd11-photos.leclercdrive.fr/image.ashx?id=2953635&use=l&cat=p&typeid=i","cat":284343},{"id":24492,"n":"Blanc de poulet Tradilège Doré à la broche - 120g","p":1.39,"u":"11,58 €/KG","img":"https://fd11-photos.leclercdrive.fr/image.ashx?id=2765858&use=l&cat=p&typeid=i","cat":316010},{"id":24495,"n":"Capsules Nescafé Dolce Gusto  Nesquik - x16","p":4.41,"u":"17,23 €/KG","img":"https://fd11-photos.leclercdrive.fr/image.ashx?id=2946634&use=l&cat=p&typeid=i","cat":293239},{"id":24500,"n":"Pain de mie nature Epi d'Or Sans croute - 500g","p":1.39,"u":"2,78 €/KG","img":"https://fd11-photos.leclercdrive.fr/image.ashx?id=2984658&use=l&cat=p&typeid=i","cat":284477},{"id":24652,"n":"Déodorant Stick Rexona Anti- Transpirant CleanScent 96H 45ml","p":3.45,"u":"76,67 €/L","img":"https://fd11-photos.leclercdrive.fr/image.ashx?id=2895101&use=l&cat=p&typeid=i","cat":284595},{"id":24694,"n":"Brosses à dent souple Dentamyl x4","p":0.99,"u":"0,25 €/P","img":"https://fd11-photos.leclercdrive.fr/image.ashx?id=2790946&use=l&cat=p&typeid=i","cat":284614},{"id":24759,"n":"Mini nems Tables du Monde porc x5/poulet x5 +sauce - 220g","p":2.99,"u":"13,59 €/KG","img":"https://fd11-photos.leclercdrive.fr/image.ashx?id=2613276&use=l&cat=p&typeid=i","cat":333673},{"id":24790,"n":"Oeufs De Nos Villages Plein air - Gros - x6","p":1.79,"u":"0,30 €/P","img":"https://fd11-photos.leclercdrive.fr/image.ashx?id=2228927&use=l&cat=p&typeid=i","cat":284378},{"id":24847,"n":"Gâche tranchée ovale NRT Beurre - 450g","p":2.48,"u":"5,51 €/KG","img":"https://fd11-photos.leclercdrive.fr/image.ashx?id=2670443&use=l&cat=p&typeid=i","cat":284478},{"id":24906,"n":"Mozzarella mini billes  Les Croisés - 150g","p":1.7,"u":"11,33 €/KG","img":"https://fd11-photos.leclercdrive.fr/image.ashx?id=2463468&use=l&cat=p&typeid=i","cat":314026},{"id":24961,"n":"Soin de jour L'Oréal Paris Age Perfect anti-âge - 50ml","p":11.97,"pp":7.9,"u":"158,00 €/L","img":"https://fd11-photos.leclercdrive.fr/image.ashx?id=2868047&use=l&cat=p&typeid=i","cat":325345},{"id":24968,"n":"Fromage de chèvre Petit Billy 45%mg - 200g","p":2.61,"u":"13,05 €/KG","img":"https://fd11-photos.leclercdrive.fr/image.ashx?id=2543136&use=l&cat=p&typeid=i","cat":314031},{"id":24970,"n":"Crottin de chèvre Rians 23%mg - 2x60g","p":2.58,"u":"21,50 €/KG","img":"https://fd11-photos.leclercdrive.fr/image.ashx?id=2762094&use=l&cat=p&typeid=i","cat":314031},{"id":24972,"n":"Chèvre à dorer Les Croisés x4 - 100g","p":1.77,"u":"17,70 €/KG","img":"https://fd11-photos.leclercdrive.fr/image.ashx?id=2978528&use=l&cat=p&typeid=i","cat":314027},{"id":24977,"n":"Pain hot dog Jacquet x4 -  240g","p":1.67,"u":"6,96 €/KG","img":"https://fd11-photos.leclercdrive.fr/image.ashx?id=2799293&use=l&cat=p&typeid=i","cat":284985},{"id":24982,"n":"Fromage à tartiner Philadelphia Light nature - 150g","p":2.26,"u":"15,07 €/KG","img":"https://fd11-photos.leclercdrive.fr/image.ashx?id=1626572&use=l&cat=p&typeid=i","cat":314029},{"id":25005,"n":"Préparation Papillotes Maggi Rôti thym et fines herbes - 30g","p":0.72,"u":"24,00 €/KG","img":"https://fd11-photos.leclercdrive.fr/image.ashx?id=2963964&use=l&cat=p&typeid=i","cat":288380},{"id":25006,"n":"Sauce béchamel Maggi Saveur à l'ancienne sachet -60g","p":0.59,"u":"9,83 €/KG","img":"https://fd11-photos.leclercdrive.fr/image.ashx?id=2697297&use=l&cat=p&typeid=i","cat":288381},{"id":25010,"n":"Barres Chocolatées KINDER Maxi Chocolat au Lait x10 - 210g","p":3.03,"u":"14,43 €/KG","img":"https://fd11-photos.leclercdrive.fr/image.ashx?id=2679609&use=l&cat=p&typeid=i","cat":284498},{"id":25027,"n":"Pots soir bébé bio Babybio Légumes riz - 6 mois - 2x200g","p":2.68,"u":"6,70 €/KG","img":"https://fd11-photos.leclercdrive.fr/image.ashx?id=2833474&use=l&cat=p&typeid=i","cat":312239},{"id":25028,"n":"Assiette Babybio Bio 12 mois Panais carotte polenta - 230g","p":1.77,"u":"7,70 €/KG","img":"https://fd11-photos.leclercdrive.fr/image.ashx?id=2875390&use=l&cat=p&typeid=i","cat":312239},{"id":25029,"n":"Assiette bébé bio Babybio Légumes agneau - 12 mois - 230g","p":2.29,"u":"9,96 €/KG","img":"https://fd11-photos.leclercdrive.fr/image.ashx?id=2855909&use=l&cat=p&typeid=i","cat":312237},{"id":25030,"n":"Petits pots Babynat Petits pois Cabillaud - 8mois 2x200g","p":3.11,"u":"7,78 €/KG","img":"https://fd11-photos.leclercdrive.fr/image.ashx?id=2825742&use=l&cat=p&typeid=i","cat":312236},{"id":25035,"n":"Salade Menu Fraîcheur Concombre au fromage blanc 300g","p":1.64,"u":"5,47 €/KG","img":"https://fd11-photos.leclercdrive.fr/image.ashx?id=2901443&use=l&cat=p&typeid=i","cat":333657},{"id":25051,"n":"Boulettes de boeuf Férial x30 - 900g","p":7.39,"u":"8,21 €/KG","img":"https://fd11-photos.leclercdrive.fr/image.ashx?id=2966520&use=l&cat=p&typeid=i","cat":319779},{"id":25061,"n":"Cornichons Rustica Vinaigre - 360g","p":1.65,"u":"4,58 €/KG","img":"https://fd11-photos.leclercdrive.fr/image.ashx?id=2799763&use=l&cat=p&typeid=i","cat":284458},{"id":25064,"n":"Film étirable Alfapac Extensible auto-adhérent 50m","p":2.08,"img":"https://fd11-photos.leclercdrive.fr/image.ashx?id=2918271&use=l&cat=p&typeid=i","cat":334134},{"id":25067,"n":"Oeufs frais De Nos Régions Plein Air - Label Rouge - x12","p":3.58,"u":"0,30 €/P","img":"https://fd11-photos.leclercdrive.fr/image.ashx?id=2969737&use=l&cat=p&typeid=i","cat":284378},{"id":25068,"n":"Oeufs frais De Nos Régions Plein Air - Label rouge - x6","p":1.79,"u":"0,30 €/P","img":"https://fd11-photos.leclercdrive.fr/image.ashx?id=2969728&use=l&cat=p&typeid=i","cat":284378},{"id":25069,"n":"Fromage à Tartiner St Môret  Nature Léger - 9 portions 180g","p":2.36,"u":"13,11 €/KG","img":"https://fd11-photos.leclercdrive.fr/image.ashx?id=2755453&use=l&cat=p&typeid=i","cat":314029},{"id":25080,"n":"Parmigiano Reggiano AOP Les Croisés - 200G","p":4.99,"u":"24,95 €/KG","img":"https://fd11-photos.leclercdrive.fr/image.ashx?id=2909389&use=l&cat=p&typeid=i","cat":314034},{"id":25093,"n":"Yaourts brassés Délisse Fruits jaunes - 8x125 g","p":2.28,"u":"2,28 €/KG","img":"https://fd11-photos.leclercdrive.fr/image.ashx?id=2495536&use=l&cat=p&typeid=i","cat":284410},{"id":25095,"n":"Yaourts brassés Délisse Fruits rouges - 8X125g","p":2.27,"u":"2,27 €/KG","img":"https://fd11-photos.leclercdrive.fr/image.ashx?id=2494217&use=l&cat=p&typeid=i","cat":284410},{"id":25124,"n":"Pur jus Multifruits Bio Village Bio - 6x20cl","p":3.11,"u":"2,59 €/L","img":"https://fd11-photos.leclercdrive.fr/image.ashx?id=2843626&use=l&cat=p&typeid=i","cat":284524},{"id":25125,"n":"Pur jus d'orange Bio Village Bio - 6x20cl","p":2.99,"u":"2,49 €/L","img":"https://fd11-photos.leclercdrive.fr/image.ashx?id=2671016&use=l&cat=p&typeid=i","cat":284521},{"id":25171,"n":"Lardons fumés Tradilège Moins 25% de sel 2x75g","p":1.64,"u":"10,93 €/KG","img":"https://fd11-photos.leclercdrive.fr/image.ashx?id=2955267&use=l&cat=p&typeid=i","cat":316011},{"id":25193,"n":"Dessert Déli'light Délisse Vanille - 8x125g","p":2.33,"u":"2,33 €/KG","img":"https://fd11-photos.leclercdrive.fr/image.ashx?id=2882319&use=l&cat=p&typeid=i","cat":315000},{"id":25204,"n":"Petits pois d'aucy  Tendres et fondants - 560g","p":1.99,"u":"3,55 €/KG","img":"https://fd11-photos.leclercdrive.fr/image.ashx?id=2438126&use=l&cat=p&typeid=i","cat":312607},{"id":25207,"n":"Cornichons Rustica Extra fins - 185g","p":1.28,"u":"6,92 €/KG","img":"https://fd11-photos.leclercdrive.fr/image.ashx?id=2799760&use=l&cat=p&typeid=i","cat":284458},{"id":25220,"n":"Cotons Démaquillants Demak'Up Sensitive - Disques x64","p":1.36,"u":"0,02 €/P","img":"https://fd11-photos.leclercdrive.fr/image.ashx?id=2966983&use=l&cat=p&typeid=i","cat":285593},{"id":25283,"n":"Barres céréales Grany Pommes - 125g","p":1.75,"u":"14,00 €/KG","img":"https://fd11-photos.leclercdrive.fr/image.ashx?id=3002093&use=l&cat=p&typeid=i","cat":285869},{"id":25322,"n":"Protège pied Tissaia Taille 38/41 noir x2","p":3.5,"u":"1,75 €/P","img":"https://fd11-photos.leclercdrive.fr/image.ashx?id=2193377&use=l&cat=p&typeid=i","cat":334130},{"id":25323,"n":"Protège pieds opaque Tissaia  T35/37 beige - x2","p":3.5,"u":"1,75 €/P","img":"https://fd11-photos.leclercdrive.fr/image.ashx?id=2193374&use=l&cat=p&typeid=i","cat":334130},{"id":25337,"n":"Café moulu L'Or Absolu 100% Arabica - 2x250g","p":9.45,"u":"18,90 €/KG","img":"https://fd11-photos.leclercdrive.fr/image.ashx?id=2294935&use=l&cat=p&typeid=i","cat":284750},{"id":25342,"n":"Céréales Trésor Kellogg's Chocolat au lait - 1kg","p":6.19,"u":"6,19 €/KG","img":"https://fd11-photos.leclercdrive.fr/image.ashx?id=2598319&use=l&cat=p&typeid=i","cat":309513},{"id":25343,"n":"Céréales Trésor de Kellogg's Chocolat Noisettes - 1kg","p":6.19,"u":"6,19 €/KG","img":"https://fd11-photos.leclercdrive.fr/image.ashx?id=2598316&use=l&cat=p&typeid=i","cat":309513},{"id":25359,"n":"Tablette chocolat blanc Lindt Vanille - 100g","p":2.29,"u":"22,90 €/KG","img":"https://fd11-photos.leclercdrive.fr/image.ashx?id=2755318&use=l&cat=p&typeid=i","cat":284957},{"id":25366,"n":"Tablette de chocolat noir Lindt 90% cacao - 100g","p":2.22,"u":"22,20 €/KG","img":"https://fd11-photos.leclercdrive.fr/image.ashx?id=2689502&use=l&cat=p&typeid=i","cat":284956},{"id":25424,"n":"Pâtes Farfalle Panzani 1kg","p":1.99,"u":"1,99 €/KG","img":"https://fd11-photos.leclercdrive.fr/image.ashx?id=2876047&use=l&cat=p&typeid=i","cat":284427},{"id":25425,"n":"Biscuits apéritif Lay's 3D's Goût Cacahuetes - 85g","p":0.78,"u":"9,18 €/KG","img":"https://fd11-photos.leclercdrive.fr/image.ashx?id=2916824&use=l&cat=p&typeid=i","cat":284449},{"id":25432,"n":"Herbes de provence Ducros Boîte ménagère 40g","p":1.65,"u":"41,25 €/KG","img":"https://fd11-photos.leclercdrive.fr/image.ashx?id=2486548&use=l&cat=p&typeid=i","cat":298297},{"id":25445,"n":"Lait poudre Croissance Modilac  De 12 mois à 36 mois - 800g","p":12.48,"u":"15,60 €/KG","img":"https://fd11-photos.leclercdrive.fr/image.ashx?id=2873390&use=l&cat=p&typeid=i","cat":290219},{"id":25446,"n":"Lait croissance Nidal Nestlé Dès 12 mois - 800g","p":9.0,"u":"11,25 €/KG","img":"https://fd11-photos.leclercdrive.fr/image.ashx?id=2806405&use=l&cat=p&typeid=i","cat":290219},{"id":25465,"n":"Recharge distributeur Canderel Comprimés x600 - 51g","p":4.86,"u":"95,29 €/KG","img":"https://fd11-photos.leclercdrive.fr/image.ashx?id=2811008&use=l&cat=p&typeid=i","cat":324846},{"id":25485,"n":"Miel de fleurs Lune de Miel Spécialités 500g","p":4.13,"u":"8,26 €/KG","img":"https://fd11-photos.leclercdrive.fr/image.ashx?id=2972409&use=l&cat=p&typeid=i","cat":287643},{"id":25493,"n":"Bouillon Cube Maggi Pot au feu - 180g","p":1.53,"u":"8,50 €/KG","img":"https://fd11-photos.leclercdrive.fr/image.ashx?id=2212315&use=l&cat=p&typeid=i","cat":288379},{"id":25525,"n":"Boisson aux fruits Oasis Tropical - 4x50cl","p":4.31,"u":"2,16 €/L","img":"https://fd11-photos.leclercdrive.fr/image.ashx?id=3014446&use=l&cat=p&typeid=i","cat":295018},{"id":25530,"n":"Sucre Béghin Say pure canne petits morceaux - 1kg","p":3.17,"u":"3,17 €/KG","img":"https://fd11-photos.leclercdrive.fr/image.ashx?id=2949919&use=l&cat=p&typeid=i","cat":284502},{"id":25540,"n":"Soda à l'orange Orangina 4x50cl","p":4.4,"u":"2,20 €/L","img":"https://fd11-photos.leclercdrive.fr/image.ashx?id=2574952&use=l&cat=p&typeid=i","cat":284532},{"id":25541,"n":"Soda à l'orange Orangina 6x25cl","p":3.92,"u":"2,61 €/L","img":"https://fd11-photos.leclercdrive.fr/image.ashx?id=2495653&use=l&cat=p&typeid=i","cat":284532},{"id":25554,"n":"Soda Schweppes Saveur Citron Zero - 1,5L","p":1.62,"u":"1,08 €/L","img":"https://fd11-photos.leclercdrive.fr/image.ashx?id=2852396&use=l&cat=p&typeid=i","cat":284532},{"id":25567,"n":"Jus d'orange Jafaden A base de concentré  - 2L","p":3.51,"u":"1,76 €/L","img":"https://fd11-photos.leclercdrive.fr/image.ashx?id=2751892&use=l&cat=p&typeid=i","cat":284521},{"id":25587,"n":"Vin mousseux de France Kriter Blanc Brut - 75cl","p":4.4,"u":"5,87 €/L","img":"https://fd11-photos.leclercdrive.fr/image.ashx?id=2840868&use=l&cat=p&typeid=i","cat":284544},{"id":25589,"n":"Nectar Bio Pressade Orange pêche abricot - 1,5L","p":2.52,"u":"1,68 €/L","img":"https://fd11-photos.leclercdrive.fr/image.ashx?id=2732503&use=l&cat=p&typeid=i","cat":284521},{"id":25593,"n":"Boisson aux fruits Capri Sun Multivitaminé - 10x20cl","p":3.38,"u":"1,69 €/L","img":"https://fd11-photos.leclercdrive.fr/image.ashx?id=2447067&use=l&cat=p&typeid=i","cat":295018},{"id":25596,"n":"Nectar Bio Pressade Multifruits - 6x20cl","p":2.59,"u":"2,16 €/L","img":"https://fd11-photos.leclercdrive.fr/image.ashx?id=2732518&use=l&cat=p&typeid=i","cat":284524},{"id":25607,"n":"Eau minérale gazeuse Perrier  Naturelle  - 6x50cl","p":3.43,"u":"1,14 €/L","img":"https://fd11-photos.leclercdrive.fr/image.ashx?id=2493916&use=l&cat=p&typeid=i","cat":284536},{"id":25609,"n":"Saucisses aux lentilles  William Saurin- 840g","p":3.55,"u":"4,23 €/KG","img":"https://fd11-photos.leclercdrive.fr/image.ashx?id=2890070&use=l&cat=p&typeid=i","cat":284441},{"id":25614,"n":"Boisson Citronnade Pulco Citron - 1,5L","p":2.06,"u":"1,37 €/L","img":"https://fd11-photos.leclercdrive.fr/image.ashx?id=2941526&use=l&cat=p&typeid=i","cat":295018},{"id":25615,"n":"Concentré à diluer Pulco Agrumes - 70cl","p":2.76,"u":"3,94 €/L","img":"https://fd11-photos.leclercdrive.fr/image.ashx?id=2687851&use=l&cat=p&typeid=i","cat":295020},{"id":25619,"n":"Pastis Ricard Anisé 45% vol - 1,5L","p":29.45,"u":"19,63 €/L","img":"https://fd11-photos.leclercdrive.fr/image.ashx?id=2839115&use=l&cat=p&typeid=i","cat":284548},{"id":25627,"n":"Sirop Moulin de Valdonne Violette - 70cl","p":3.21,"u":"4,59 €/L","img":"https://fd11-photos.leclercdrive.fr/image.ashx?id=2756918&use=l&cat=p&typeid=i","cat":295020},{"id":25630,"n":"Taboulé Menu Fraîcheur Poulet - 500g","p":2.11,"u":"4,22 €/KG","img":"https://fd11-photos.leclercdrive.fr/image.ashx?id=2901449&use=l&cat=p&typeid=i","cat":333657},{"id":25632,"n":"Vodka Absolut 40% vol - 70cl","p":17.0,"u":"24,29 €/L","img":"https://fd11-photos.leclercdrive.fr/image.ashx?id=2887239&use=l&cat=p&typeid=i","cat":284550},{"id":25663,"n":"Chips à l'ancienne Pom'Lisse Nature - 270g","p":1.85,"u":"6,85 €/KG","img":"https://fd11-photos.leclercdrive.fr/image.ashx?id=2724835&use=l&cat=p&typeid=i","cat":284447},{"id":25685,"n":"Bouillon Cube Maggi Boeuf - 180g","p":1.59,"u":"8,83 €/KG","img":"https://fd11-photos.leclercdrive.fr/image.ashx?id=2882896&use=l&cat=p&typeid=i","cat":288379},{"id":25686,"n":"Bouillon Cube Maggi Volaille - 180g","p":1.48,"u":"8,22 €/KG","img":"https://fd11-photos.leclercdrive.fr/image.ashx?id=2737003&use=l&cat=p&typeid=i","cat":288379},{"id":25729,"n":"Vinaigrette balsamique Puget Tomate séchée - 33cl","p":2.25,"u":"6,82 €/L","img":"https://fd11-photos.leclercdrive.fr/image.ashx?id=2912143&use=l&cat=p&typeid=i","cat":284456},{"id":25739,"n":"Bûche de chèvre Les Croisés Fondante 22%mg - 180g","p":1.84,"u":"10,22 €/KG","img":"https://fd11-photos.leclercdrive.fr/image.ashx?id=2894725&use=l&cat=p&typeid=i","cat":314031},{"id":25742,"n":"Macédoine Menu Fraîcheur  Légumes - 300g","p":1.59,"u":"5,30 €/KG","img":"https://fd11-photos.leclercdrive.fr/image.ashx?id=2901446&use=l&cat=p&typeid=i","cat":333657},{"id":25743,"n":"Mascarpone Les Croisés - 500g","p":3.08,"u":"6,16 €/KG","img":"https://fd11-photos.leclercdrive.fr/image.ashx?id=2992537&use=l&cat=p&typeid=i","cat":314026},{"id":25744,"n":"Nems au Poulet Tables du Monde  x4  - 280g","p":1.79,"u":"6,39 €/KG","img":"https://fd11-photos.leclercdrive.fr/image.ashx?id=2953338&use=l&cat=p&typeid=i","cat":333673},{"id":25746,"n":"Saucisse de volaille Tradilège  x10 350g","p":1.47,"u":"4,20 €/KG","img":"https://fd11-photos.leclercdrive.fr/image.ashx?id=2625110&use=l&cat=p&typeid=i","cat":316012},{"id":25749,"n":"Hachés au saumon Pêche Océan à la ciboulette - 200g","p":2.25,"u":"11,25 €/KG","img":"https://fd11-photos.leclercdrive.fr/image.ashx?id=2953632&use=l&cat=p&typeid=i","cat":284344},{"id":25753,"n":"Génoises fourrées Eco+ Framboise - 300g","p":1.9,"u":"6,33 €/KG","img":"https://fd11-photos.leclercdrive.fr/image.ashx?id=2808197&use=l&cat=p&typeid=i","cat":284489},{"id":25759,"n":"Barquettes chats Gourmet Gold Double délice luxe mix - 12x85g","p":5.47,"u":"5,36 €/KG","img":"https://fd11-photos.leclercdrive.fr/image.ashx?id=2857096&use=l&cat=p&typeid=i","cat":285286},{"id":25762,"n":"Bâtonnets Dentastix Pedigree Grand chien x28 - 1080g","p":8.33,"u":"7,71 €/KG","img":"https://fd11-photos.leclercdrive.fr/image.ashx?id=2924776&use=l&cat=p&typeid=i","cat":294527},{"id":25764,"n":"Olives noires Tramier Dénoyautées - 150g","p":1.52,"u":"10,13 €/KG","img":"https://fd11-photos.leclercdrive.fr/image.ashx?id=2840814&use=l&cat=p&typeid=i","cat":284458},{"id":25765,"n":"Céréales Nestlé Mix Chocapic, Lion, Nesquik x6","p":2.23,"u":"11,74 €/KG","img":"https://fd11-photos.leclercdrive.fr/image.ashx?id=2981364&use=l&cat=p&typeid=i","cat":309513},{"id":25779,"n":"Yaourts Lait de chèvre Soignon Nature - 4x125g","p":2.16,"u":"4,32 €/KG","img":"https://fd11-photos.leclercdrive.fr/image.ashx?id=2518250&use=l&cat=p&typeid=i","cat":314998},{"id":25790,"n":"Sucre pure canne Bio Village En morceaux bio - 500g","p":2.09,"u":"4,18 €/KG","img":"https://fd11-photos.leclercdrive.fr/image.ashx?id=3010440&use=l&cat=p&typeid=i","cat":284502},{"id":25793,"n":"AOP Côtes du Rhône rouge Cellier des Dauphins - BIB 3L","p":10.94,"u":"3,65 €/L","img":"https://fd11-photos.leclercdrive.fr/image.ashx?id=2830006&use=l&cat=p&typeid=i","cat":289560},{"id":25805,"n":"Légumes pour pot au feu Panier du Primeur - 1kg","p":2.49,"u":"2,49 €/KG","img":"https://fd11-photos.leclercdrive.fr/image.ashx?id=2958717&use=l&cat=p&typeid=i","cat":284352},{"id":25806,"n":"Lingettes bébé H2O Biolane Epaisses - x72","p":1.87,"u":"0,03 €/P","img":"https://fd11-photos.leclercdrive.fr/image.ashx?id=2877910&use=l&cat=p&typeid=i","cat":284738},{"id":25808,"n":"Protection incontinence Chorys Homme - Important - x20","p":5.38,"u":"0,27 €/P","img":"https://fd11-photos.leclercdrive.fr/image.ashx?id=2672933&use=l&cat=p&typeid=i","cat":291514},{"id":25811,"n":"Salade Coleslaw Menu Fraîcheur  500g","p":1.83,"u":"3,66 €/KG","img":"https://fd11-photos.leclercdrive.fr/image.ashx?id=2645930&use=l&cat=p&typeid=i","cat":333657},{"id":25817,"n":"Emincés de saumon fumé ASC Ronde des mers - 100g","p":4.49,"u":"44,90 €/KG","img":"https://fd11-photos.leclercdrive.fr/image.ashx?id=2953620&use=l&cat=p&typeid=i","cat":285188},{"id":25818,"n":"Émincés de saumon fumé ASC Ronde de mers - 100g","p":4.49,"u":"44,90 €/KG","img":"https://fd11-photos.leclercdrive.fr/image.ashx?id=2953617&use=l&cat=p&typeid=i","cat":285188},{"id":25819,"n":"Feuilletés Jambon Emmental Coté Table - 2x140g","p":2.99,"u":"10,68 €/KG","img":"https://fd11-photos.leclercdrive.fr/image.ashx?id=2846517&use=l&cat=p&typeid=i","cat":333671},{"id":25820,"n":"Flammekueche Coté Table 350g","p":1.88,"u":"5,37 €/KG","img":"https://fd11-photos.leclercdrive.fr/image.ashx?id=2064819&use=l&cat=p&typeid=i","cat":333680},{"id":25822,"n":"Fromage à tartiner Les Croisés Nature - 24%mg - 300g","p":1.84,"u":"6,13 €/KG","img":"https://fd11-photos.leclercdrive.fr/image.ashx?id=1630699&use=l&cat=p&typeid=i","cat":314029},{"id":25825,"n":"Fromage de brebis Les Croisés 210g","p":2.86,"u":"13,62 €/KG","img":"https://fd11-photos.leclercdrive.fr/image.ashx?id=2900112&use=l&cat=p&typeid=i","cat":329184},{"id":25839,"n":"Couscous parfumé Tipiak Prêt en 5 min  - 500g","p":1.88,"u":"3,76 €/KG","img":"https://fd11-photos.leclercdrive.fr/image.ashx?id=2946937&use=l&cat=p&typeid=i","cat":284429},{"id":25841,"n":"Couscous Tipiak  Prêt en 1 min 30 s - 500g","p":1.23,"u":"2,46 €/KG","img":"https://fd11-photos.leclercdrive.fr/image.ashx?id=2640431&use=l&cat=p&typeid=i","cat":284429},{"id":25856,"n":"Olives vertes La Ciota Farcies anchois - 120g","p":1.87,"u":"15,58 €/KG","img":"https://fd11-photos.leclercdrive.fr/image.ashx?id=2296575&use=l&cat=p&typeid=i","cat":284458},{"id":25868,"n":"Flocons d'avoine Quaker Oats Classic - 800g","p":2.24,"u":"2,80 €/KG","img":"https://fd11-photos.leclercdrive.fr/image.ashx?id=2344498&use=l&cat=p&typeid=i","cat":309512},{"id":25879,"n":"Bâtonnets Dentastix Pedigree Petit chien x28 - 440g","p":5.49,"u":"12,48 €/KG","img":"https://fd11-photos.leclercdrive.fr/image.ashx?id=2877106&use=l&cat=p&typeid=i","cat":294527},{"id":26014,"n":"Colin d'Alaska Marie Petites St Jacques Hisseo 900g","p":5.71,"u":"6,34 €/KG","img":"https://fd11-photos.leclercdrive.fr/image.ashx?id=2996758&use=l&cat=p&typeid=i","cat":319786},{"id":26027,"n":"Gel douche Eco  Senteur vanille - 500ml","p":0.65,"u":"1,30 €/L","img":"https://fd11-photos.leclercdrive.fr/image.ashx?id=2079795&use=l&cat=p&typeid=i","cat":284594},{"id":26035,"n":"Bain de bouche Dentamyl Fraîcheur menthe - 500ml","p":1.89,"u":"3,78 €/L","img":"https://fd11-photos.leclercdrive.fr/image.ashx?id=2526604&use=l&cat=p&typeid=i","cat":284613},{"id":26038,"n":"Recharge savon mains Manava Crème Lait et miel - 250ml","p":0.57,"u":"2,28 €/L","img":"https://fd11-photos.leclercdrive.fr/image.ashx?id=2935489&use=l&cat=p&typeid=i","cat":284597},{"id":26040,"n":"Recharge savon mains Manava Gel spécial cuisine - 250ml","p":0.66,"u":"2,64 €/L","img":"https://fd11-photos.leclercdrive.fr/image.ashx?id=2935492&use=l&cat=p&typeid=i","cat":284597},{"id":26065,"n":"Saucisson Petit Justin Bridou  Bâton de Berger Nature - 100g","p":2.16,"u":"21,60 €/KG","img":"https://fd11-photos.leclercdrive.fr/image.ashx?id=2851036&use=l&cat=p&typeid=i","cat":316006},{"id":26085,"n":"Dessert végétal Sojasun Café - 4x100g","p":1.67,"u":"4,18 €/KG","img":"https://fd11-photos.leclercdrive.fr/image.ashx?id=2759993&use=l&cat=p&typeid=i","cat":316071},{"id":26087,"n":"Fromage blanc sous mousse  gervita nature - 8x100g","p":3.49,"u":"4,36 €/KG","img":"https://fd11-photos.leclercdrive.fr/image.ashx?id=2265768&use=l&cat=p&typeid=i","cat":284409},{"id":26151,"n":"Sucre Eco+  En poudre - 1kg","p":0.95,"u":"0,95 €/KG","img":"https://fd11-photos.leclercdrive.fr/image.ashx?id=3010410&use=l&cat=p&typeid=i","cat":284502},{"id":26152,"n":"Salade Mexicaine Eco+ Au thon - 280g","p":1.12,"u":"4,00 €/KG","img":"https://fd11-photos.leclercdrive.fr/image.ashx?id=2884201&use=l&cat=p&typeid=i","cat":284437},{"id":26153,"n":"Salade Americaine Eco+ Au thon - 280g","p":1.12,"u":"4,00 €/KG","img":"https://fd11-photos.leclercdrive.fr/image.ashx?id=2873649&use=l&cat=p&typeid=i","cat":284437},{"id":26154,"n":"Salade Niçoise Eco+ Au thon - 280g","p":1.12,"u":"4,00 €/KG","img":"https://fd11-photos.leclercdrive.fr/image.ashx?id=2896012&use=l&cat=p&typeid=i","cat":284437},{"id":26183,"n":"Adoucissant Hyperdou Rêve de fraîcheur - 3x250ml","p":1.23,"u":"1,64 €/L","img":"https://fd11-photos.leclercdrive.fr/image.ashx?id=2643318&use=l&cat=p&typeid=i","cat":284650},{"id":26185,"n":"Lingettes désinfectante Sanytol Multi-usage Eucalyptus - x72","p":1.56,"u":"0,03 €/P","img":"https://fd11-photos.leclercdrive.fr/image.ashx?id=2899353&use=l&cat=p&typeid=i","cat":325358},{"id":26220,"n":"Sucre Eco+ Cristal  - 5kg","p":5.02,"u":"1,00 €/KG","img":"https://fd11-photos.leclercdrive.fr/image.ashx?id=3010413&use=l&cat=p&typeid=i","cat":284502},{"id":26223,"n":"Sauce Sacla'Italia Arrabbiata - 190g","p":1.92,"u":"10,11 €/KG","img":"https://fd11-photos.leclercdrive.fr/image.ashx?id=2971413&use=l&cat=p&typeid=i","cat":287599},{"id":26258,"n":"Madeleines coquilles P'tit déli Sachet 600g","p":2.39,"u":"3,98 €/KG","img":"https://fd11-photos.leclercdrive.fr/image.ashx?id=2540948&use=l&cat=p&typeid=i","cat":284492},{"id":26271,"n":"Rôti de porc Tradilège 6 tranches VPF 180g","p":2.38,"u":"13,22 €/KG","img":"https://fd11-photos.leclercdrive.fr/image.ashx?id=2675786&use=l&cat=p&typeid=i","cat":316009},{"id":26278,"n":"Mélange chili mexicain Ducros Sachet malin - 20g","p":1.45,"u":"72,50 €/KG","img":"https://fd11-photos.leclercdrive.fr/image.ashx?id=2326661&use=l&cat=p&typeid=i","cat":298297},{"id":26279,"n":"Mélange couscous royal Ducros Sachet malin - 20g","p":1.45,"u":"72,50 €/KG","img":"https://fd11-photos.leclercdrive.fr/image.ashx?id=2490491&use=l&cat=p&typeid=i","cat":298297},{"id":26281,"n":"Mélange malin Ducros Pour plats Mexicains - 40g","p":1.92,"u":"48,00 €/KG","img":"https://fd11-photos.leclercdrive.fr/image.ashx?id=2559445&use=l&cat=p&typeid=i","cat":298297},{"id":26286,"n":"Soupe instantanée Royco  Crème de Champignons - 4x200ml","p":1.42,"u":"23,67 €/KG","img":"https://fd11-photos.leclercdrive.fr/image.ashx?id=2650979&use=l&cat=p&typeid=i","cat":293527},{"id":26309,"n":"Boîte chat Whiskas  Gelée mer & campagne - 8x400g","p":8.9,"u":"2,85 €/KG","img":"https://fd11-photos.leclercdrive.fr/image.ashx?id=2759628&use=l&cat=p&typeid=i","cat":285601},{"id":26310,"n":"Cornichons Kühne Aigre doux - 360g","p":2.18,"u":"6,06 €/KG","img":"https://fd11-photos.leclercdrive.fr/image.ashx?id=2550925&use=l&cat=p&typeid=i","cat":284458},{"id":26319,"n":"Noix de cajou Tokapi Sans sel ajouté - 125g","p":1.79,"u":"14,32 €/KG","img":"https://fd11-photos.leclercdrive.fr/image.ashx?id=2794000&use=l&cat=p&typeid=i","cat":284448},{"id":26320,"n":"Oignons frits snack Kühne Boîte -  100g","p":1.3,"u":"13,00 €/KG","img":"https://fd11-photos.leclercdrive.fr/image.ashx?id=2447079&use=l&cat=p&typeid=i","cat":298297},{"id":26361,"n":"Levure super active Vahiné Spécial pain sachet 6x27.6g","p":1.12,"u":"6,67 €/KG","img":"https://fd11-photos.leclercdrive.fr/image.ashx?id=2606259&use=l&cat=p&typeid=i","cat":294686},{"id":26376,"n":"Pepites de chocolat au lait Vahiné - 100g","p":2.22,"u":"22,20 €/KG","img":"https://fd11-photos.leclercdrive.fr/image.ashx?id=2983243&use=l&cat=p&typeid=i","cat":284504},{"id":26377,"n":"Pépites Vahiné Chocolat chunks - 100g","p":2.74,"u":"27,40 €/KG","img":"https://fd11-photos.leclercdrive.fr/image.ashx?id=2606262&use=l&cat=p&typeid=i","cat":284504},{"id":26384,"n":"Pépites Vahiné Chocolat noir 200g","p":3.85,"u":"19,25 €/KG","img":"https://fd11-photos.leclercdrive.fr/image.ashx?id=2606265&use=l&cat=p&typeid=i","cat":284504},{"id":26398,"n":"Sucre vanilliné Vahiné 10 sachets 75g","p":0.88,"u":"11,73 €/KG","img":"https://fd11-photos.leclercdrive.fr/image.ashx?id=2490539&use=l&cat=p&typeid=i","cat":294686},{"id":26449,"n":"Vin mousseux supérieur Opéra Brut 11%vol 75cl","p":2.93,"u":"3,91 €/L","img":"https://fd11-photos.leclercdrive.fr/image.ashx?id=2971999&use=l&cat=p&typeid=i","cat":284544},{"id":26460,"n":"Oignon rose de Roscoff AOP NRT - 1kg","p":3.99,"u":"3,99 €/KG","img":"https://fd11-photos.leclercdrive.fr/image.ashx?id=2726433&use=l&cat=p&typeid=i","cat":284352},{"id":26461,"n":"Lait sans lactose Délisse UHT Bouteille -  1L","p":1.25,"u":"1,25 €/L","img":"https://fd11-photos.leclercdrive.fr/image.ashx?id=2610217&use=l&cat=p&typeid=i","cat":317169},{"id":26464,"n":"Steak haché 5% MG Bio Village Bio 2x100g","p":4.59,"u":"22,95 €/KG","img":"https://fd11-photos.leclercdrive.fr/image.ashx?id=2951338&use=l&cat=p&typeid=i","cat":284332},{"id":26484,"n":"Croquette chat stérilisé Ultima  Poulet - 3kg","p":10.94,"u":"3,65 €/KG","img":"https://fd11-photos.leclercdrive.fr/image.ashx?id=2918886&use=l&cat=p&typeid=i","cat":284680},{"id":26493,"n":"Pizza Merveillosa Turini Mozzarella - 335g","p":2.15,"u":"6,42 €/KG","img":"https://fd11-photos.leclercdrive.fr/image.ashx?id=2579363&use=l&cat=p&typeid=i","cat":284256},{"id":26494,"n":"Pizza Merveillosa Turini Thon - 355g","p":2.26,"u":"6,37 €/KG","img":"https://fd11-photos.leclercdrive.fr/image.ashx?id=2815238&use=l&cat=p&typeid=i","cat":284256},{"id":26512,"n":"Fromage blanc Délisse Fraise 5.5%MG - 500g","p":2.55,"u":"5,10 €/KG","img":"https://fd11-photos.leclercdrive.fr/image.ashx?id=3009514&use=l&cat=p&typeid=i","cat":284409},{"id":26565,"n":"Lait Croissance Bio Village bio 10 à 36 mois - 6x1L","p":9.99,"u":"1,67 €/L","img":"https://fd11-photos.leclercdrive.fr/image.ashx?id=2802032&use=l&cat=p&typeid=i","cat":284728},{"id":26570,"n":"Filet de poulet jaune Le Gaulois 720g","p":10.15,"u":"14,10 €/KG","img":"https://fd11-photos.leclercdrive.fr/image.ashx?id=3003209&use=l&cat=p&typeid=i","cat":284336},{"id":26586,"n":"Fromage blanc Déli'light Vanille 0%MG - 8x100g","p":2.66,"u":"3,33 €/KG","img":"https://fd11-photos.leclercdrive.fr/image.ashx?id=2967591&use=l&cat=p&typeid=i","cat":315000},{"id":26611,"n":"Sel moulu Le Guérandais Tradition - 250g","p":1.66,"u":"6,64 €/KG","img":"https://fd11-photos.leclercdrive.fr/image.ashx?id=1954622&use=l&cat=p&typeid=i","cat":284457},{"id":26646,"n":"AOP Champagne Brut Nicolas Feuillatte Grande Réserve 75cl","p":22.35,"pp":20.11,"u":"26,81 €/L","img":"https://fd11-photos.leclercdrive.fr/image.ashx?id=2733184&use=l&cat=p&typeid=i","cat":284542},{"id":26647,"n":"Chair à saucisses porc Férial 400g","p":3.49,"u":"8,73 €/KG","img":"https://fd11-photos.leclercdrive.fr/image.ashx?id=2953308&use=l&cat=p&typeid=i","cat":284332},{"id":26649,"n":"Cacahuètes Benenuts-Twinuts Nature Sel - 150g","p":1.08,"u":"7,20 €/KG","img":"https://fd11-photos.leclercdrive.fr/image.ashx?id=2967735&use=l&cat=p&typeid=i","cat":284448},{"id":26659,"n":"Fonds d'artichauts Notre Jardin 210g","p":2.75,"u":"13,10 €/KG","img":"https://fd11-photos.leclercdrive.fr/image.ashx?id=2607921&use=l&cat=p&typeid=i","cat":312611},{"id":26663,"n":"Farine de sarrasin Treblec 1kg","p":2.73,"u":"2,73 €/KG","img":"https://fd11-photos.leclercdrive.fr/image.ashx?id=2734843&use=l&cat=p&typeid=i","cat":284503},{"id":26708,"n":"Cacahuètes Benenuts-Twinuts Bacon Grillé - 150g","p":1.1,"u":"7,33 €/KG","img":"https://fd11-photos.leclercdrive.fr/image.ashx?id=2967738&use=l&cat=p&typeid=i","cat":284448},{"id":26713,"n":"Brownie Brossard Chocolat pépites 285g","p":2.48,"u":"8,70 €/KG","img":"https://fd11-photos.leclercdrive.fr/image.ashx?id=2977492&use=l&cat=p&typeid=i","cat":294776},{"id":26722,"n":"Ratatouille Cuisinée Cassegrain à la Provençale 660g","p":3.59,"u":"5,44 €/KG","img":"https://fd11-photos.leclercdrive.fr/image.ashx?id=2902660&use=l&cat=p&typeid=i","cat":312612},{"id":26733,"n":"Dessert végétal au soja Sojasun Nature - 12x100g","p":2.95,"u":"2,46 €/KG","img":"https://fd11-photos.leclercdrive.fr/image.ashx?id=2355665&use=l&cat=p&typeid=i","cat":316071},{"id":26765,"n":"Mayonnaise Rustica A la moutarde de Dijon - 470g","p":1.6,"u":"3,40 €/KG","img":"https://fd11-photos.leclercdrive.fr/image.ashx?id=2954361&use=l&cat=p&typeid=i","cat":298295},{"id":26797,"n":"Compote Douceur du Verger Coupelle pomme fraise - 4x100g","p":1.15,"u":"2,88 €/KG","img":"https://fd11-photos.leclercdrive.fr/image.ashx?id=2663503&use=l&cat=p&typeid=i","cat":284508},{"id":26805,"n":"Crêpes dentelle Gavottes Nature étui 125g","p":1.89,"u":"15,12 €/KG","img":"https://fd11-photos.leclercdrive.fr/image.ashx?id=2664473&use=l&cat=p&typeid=i","cat":284487},{"id":26808,"n":"Thon blanc entier Connétable Naturel Label Rouge - 120g","p":3.03,"u":"25,25 €/KG","img":"https://fd11-photos.leclercdrive.fr/image.ashx?id=2901935&use=l&cat=p&typeid=i","cat":303867},{"id":26818,"n":"Boisson base vin rosée Very Pamp Pamplemousse - 75cl","p":2.99,"u":"3,99 €/L","img":"https://fd11-photos.leclercdrive.fr/image.ashx?id=2446629&use=l&cat=p&typeid=i","cat":304569},{"id":26819,"n":"Boisson aromatisée Vin rosé Pamplemousse 7.5%,vol BIB 3L","p":9.5,"u":"3,17 €/L","img":"https://fd11-photos.leclercdrive.fr/image.ashx?id=2470024&use=l&cat=p&typeid=i","cat":304569},{"id":26820,"n":"IGP Pays d'Oc rouge Roche Mazet Merlot - BIB 3L","p":10.29,"u":"3,43 €/L","img":"https://fd11-photos.leclercdrive.fr/image.ashx?id=2597387&use=l&cat=p&typeid=i","cat":289560},{"id":26823,"n":"Beurre Montfleuri Demi-sel - 60%MG - 250g","p":1.97,"u":"7,88 €/KG","img":"https://fd11-photos.leclercdrive.fr/image.ashx?id=2985279&use=l&cat=p&typeid=i","cat":284379},{"id":26824,"n":"Beurre Moulé Paysan Breton Sel de guérande - 80% MG - 500g","p":6.33,"u":"12,66 €/KG","img":"https://fd11-photos.leclercdrive.fr/image.ashx?id=2960783&use=l&cat=p&typeid=i","cat":284379},{"id":26840,"n":"Spray Détachant Vanish  Avant-lavage - 750ml","p":4.34,"u":"5,79 €/L","img":"https://fd11-photos.leclercdrive.fr/image.ashx?id=2963913&use=l&cat=p&typeid=i","cat":284651},{"id":26877,"n":"Crackers Mini pizza Tokapi 85g","p":0.69,"u":"8,12 €/KG","img":"https://fd11-photos.leclercdrive.fr/image.ashx?id=2351232&use=l&cat=p&typeid=i","cat":297000},{"id":26926,"n":"Couches bébé Mots d'Enfants -T3 Ultra confort - 4/9kg - x162","p":19.7,"u":"0,12 €/P","img":"https://fd11-photos.leclercdrive.fr/image.ashx?id=2573987&use=l&cat=p&typeid=i","cat":284737},{"id":26978,"n":"Chewing-gum menthol Airwaves Eucalyptus s/sucre 5x10","p":2.11,"img":"https://fd11-photos.leclercdrive.fr/image.ashx?id=2355902&use=l&cat=p&typeid=i","cat":304251},{"id":26980,"n":"Chewing-gum Airwaves Black menthol sans sucre 5x10","p":2.24,"img":"https://fd11-photos.leclercdrive.fr/image.ashx?id=2355908&use=l&cat=p&typeid=i","cat":304251},{"id":26988,"n":"Courgette Eco+ 1kg","p":2.49,"u":"2,49 €/KG","img":"https://fd11-photos.leclercdrive.fr/image.ashx?id=2625692&use=l&cat=p&typeid=i","cat":284352},{"id":26998,"n":"Sachet repas chats Gourmet Les filettines en sauce -12x85g","p":5.34,"u":"5,24 €/KG","img":"https://fd11-photos.leclercdrive.fr/image.ashx?id=2902277&use=l&cat=p&typeid=i","cat":285286},{"id":27087,"n":"Crème entière fluide UHT Bio Bio Village 30% MG - 3x20cl","p":3.96,"u":"6,60 €/L","img":"https://fd11-photos.leclercdrive.fr/image.ashx?id=2496899&use=l&cat=p&typeid=i","cat":284381},{"id":27091,"n":"Mayonnaise Rustica A la moutarde de Dijon - 235g","p":1.14,"u":"4,85 €/KG","img":"https://fd11-photos.leclercdrive.fr/image.ashx?id=2954358&use=l&cat=p&typeid=i","cat":298295},{"id":27096,"n":"Mayonnaise allégée Rustica 450g","p":1.13,"u":"2,51 €/KG","img":"https://fd11-photos.leclercdrive.fr/image.ashx?id=3005682&use=l&cat=p&typeid=i","cat":298295},{"id":27098,"n":"Café moulu Plantation Brésil - 250g","p":3.71,"u":"14,84 €/KG","img":"https://fd11-photos.leclercdrive.fr/image.ashx?id=2607512&use=l&cat=p&typeid=i","cat":284750},{"id":27106,"n":"Couches bébé Mots d'Enfants Mini - T2 : 3/6kg - x35 changes","p":5.18,"u":"0,15 €/P","img":"https://fd11-photos.leclercdrive.fr/image.ashx?id=2904568&use=l&cat=p&typeid=i","cat":284737},{"id":27108,"n":"Steak haché 5%mg Férial façon bouchère - 250g","p":4.49,"u":"17,96 €/KG","img":"https://fd11-photos.leclercdrive.fr/image.ashx?id=2903989&use=l&cat=p&typeid=i","cat":284332},{"id":27109,"n":"Steak haché 15mg Férial Façon bouchère - 250g","p":3.99,"u":"15,96 €/KG","img":"https://fd11-photos.leclercdrive.fr/image.ashx?id=2903992&use=l&cat=p&typeid=i","cat":284332},{"id":27123,"n":"Petit sucre Beghin Say Morceaux boite - 1kg","p":2.58,"u":"2,58 €/KG","img":"https://fd11-photos.leclercdrive.fr/image.ashx?id=2855100&use=l&cat=p&typeid=i","cat":284502},{"id":27129,"n":"Papillotes Préparation Maggi Poulet ail et oignons - 36g","p":0.68,"u":"18,89 €/KG","img":"https://fd11-photos.leclercdrive.fr/image.ashx?id=2965295&use=l&cat=p&typeid=i","cat":288380},{"id":27158,"n":"Mini Barre Chocolat Lait KitKat x21 barres - 350g","p":4.48,"u":"12,80 €/KG","img":"https://fd11-photos.leclercdrive.fr/image.ashx?id=2762611&use=l&cat=p&typeid=i","cat":284498},{"id":27174,"n":"Bière blonde Tripel Karmeliet 8,4% - 75cl","p":4.6,"u":"6,13 €/L","img":"https://fd11-photos.leclercdrive.fr/image.ashx?id=2861180&use=l&cat=p&typeid=i","cat":334872},{"id":27178,"n":"Friandises Fun Tastix Fido Jambon fromage - 150g","p":1.52,"u":"10,13 €/KG","img":"https://fd11-photos.leclercdrive.fr/image.ashx?id=2681212&use=l&cat=p&typeid=i","cat":294527},{"id":27229,"n":"Couches bébé Mots d'Enfants Ecologique - T4 : 7/18kg - x32","p":8.99,"u":"0,28 €/P","img":"https://fd11-photos.leclercdrive.fr/image.ashx?id=2904562&use=l&cat=p&typeid=i","cat":284737},{"id":27230,"n":"Couches bébé Mots d'Enfants Ecologique - T5 : 11/25kg - x28","p":9.29,"u":"0,33 €/P","img":"https://fd11-photos.leclercdrive.fr/image.ashx?id=2904565&use=l&cat=p&typeid=i","cat":284737},{"id":27271,"n":"Patate douce  1p","p":1.4,"img":"https://fd11-photos.leclercdrive.fr/image.ashx?id=1632569&use=l&cat=p&typeid=i","cat":284352},{"id":27279,"n":"Banane 1p","p":0.45,"img":"https://fd11-photos.leclercdrive.fr/image.ashx?id=1628593&use=l&cat=p&typeid=i","cat":284356},{"id":27330,"n":"Terrine de campagne Arnaud Volaille + porc - 3x180g","p":3.23,"u":"5,98 €/KG","img":"https://fd11-photos.leclercdrive.fr/image.ashx?id=2020896&use=l&cat=p&typeid=i","cat":305149},{"id":27332,"n":"Terrine de campagne Arnaud Le Goût tradition - 180g","p":1.28,"u":"7,11 €/KG","img":"https://fd11-photos.leclercdrive.fr/image.ashx?id=1651655&use=l&cat=p&typeid=i","cat":305149},{"id":27359,"n":"Macaroni et croquettes 4Pat Boeuf - 4kg","p":9.02,"u":"2,26 €/KG","img":"https://fd11-photos.leclercdrive.fr/image.ashx?id=2877838&use=l&cat=p&typeid=i","cat":284672},{"id":27432,"n":"Sac de tournesol Pictou 3kg","p":4.5,"u":"1,50 €/KG","img":"https://fd11-photos.leclercdrive.fr/image.ashx?id=2231792&use=l&cat=p&typeid=i","cat":284678},{"id":27434,"n":"Coupelles Pêches DDV Sirop léger - 4x70 g","p":2.49,"u":"8,89 €/KG","img":"https://fd11-photos.leclercdrive.fr/image.ashx?id=2100784&use=l&cat=p&typeid=i","cat":284507},{"id":27454,"n":"Maïs Notre Jardin Croquant - 3x140g","p":1.83,"u":"4,36 €/KG","img":"https://fd11-photos.leclercdrive.fr/image.ashx?id=2052802&use=l&cat=p&typeid=i","cat":312611},{"id":27523,"n":"Colin d'Alaska Pêche Océan À la parisienne - MSC - 400g","p":2.79,"u":"6,98 €/KG","img":"https://fd11-photos.leclercdrive.fr/image.ashx?id=2930120&use=l&cat=p&typeid=i","cat":319786},{"id":27524,"n":"Colin d'Alaska Côté Table A la provençale - MSC - 400g","p":2.79,"u":"6,98 €/KG","img":"https://fd11-photos.leclercdrive.fr/image.ashx?id=2930123&use=l&cat=p&typeid=i","cat":319786},{"id":27566,"n":"Ruban adhésif d'emballage Siléa Largeur 50mm x 66 mètres","p":2.84,"img":"https://fd11-photos.leclercdrive.fr/image.ashx?id=2162345&use=l&cat=p&typeid=i","cat":300576},{"id":27721,"n":"Emmental Les Croisés En tranches - 200g","p":1.94,"u":"9,70 €/KG","img":"https://fd11-photos.leclercdrive.fr/image.ashx?id=2436317&use=l&cat=p&typeid=i","cat":314028},{"id":27798,"n":"Bière ambrée corse Pietra 6° - 75cl","p":3.58,"u":"4,77 €/L","img":"https://fd11-photos.leclercdrive.fr/image.ashx?id=2992921&use=l&cat=p&typeid=i","cat":334872},{"id":27834,"n":"Pizza Crousti-moelleuse Marie 4 fromages - 510g","p":3.68,"u":"7,22 €/KG","img":"https://fd11-photos.leclercdrive.fr/image.ashx?id=2996749&use=l&cat=p&typeid=i","cat":284256},{"id":27836,"n":"Pizza Crousti-moelleuse Marie Poulet kebab - 530g","p":3.87,"u":"7,30 €/KG","img":"https://fd11-photos.leclercdrive.fr/image.ashx?id=2996752&use=l&cat=p&typeid=i","cat":284256},{"id":27941,"n":"Cotons Duo Démaquillants Inell Disques x110","p":0.97,"img":"https://fd11-photos.leclercdrive.fr/image.ashx?id=1709588&use=l&cat=p&typeid=i","cat":285593},{"id":27961,"n":"Poulet basquaise Marie Riz à la tomate - 900g","p":4.61,"u":"5,12 €/KG","img":"https://fd11-photos.leclercdrive.fr/image.ashx?id=2996779&use=l&cat=p&typeid=i","cat":284254},{"id":27976,"n":"Eau minérale naturelle Vittel 8x33cl","p":2.55,"u":"0,97 €/L","img":"https://fd11-photos.leclercdrive.fr/image.ashx?id=3000423&use=l&cat=p&typeid=i","cat":284535},{"id":27977,"n":"Eau minérale naturelle Vittel 6x50cl","p":2.35,"u":"0,78 €/L","img":"https://fd11-photos.leclercdrive.fr/image.ashx?id=2999850&use=l&cat=p&typeid=i","cat":284535},{"id":28021,"n":"Dentifrice enfant Dentamyl Gel fraise - 75ml","p":1.25,"u":"16,67 €/L","img":"https://fd11-photos.leclercdrive.fr/image.ashx?id=2613831&use=l&cat=p&typeid=i","cat":288898},{"id":28023,"n":"Duo céréales Comptoir du Grain  Quinoa et Boulgour - 400g","p":2.05,"u":"5,13 €/KG","img":"https://fd11-photos.leclercdrive.fr/image.ashx?id=3012830&use=l&cat=p&typeid=i","cat":284429},{"id":28028,"n":"Recharge power tabs Rubson Lot de 4","p":20.53,"u":"5,13 €/P","img":"https://fd11-photos.leclercdrive.fr/image.ashx?id=1971365&use=l&cat=p&typeid=i","cat":300576},{"id":28078,"n":"Coton bébé Mots d'Enfants Duo maxi carrés - x80","p":1.79,"u":"0,02 €/P","img":"https://fd11-photos.leclercdrive.fr/image.ashx?id=3014206&use=l&cat=p&typeid=i","cat":284739},{"id":28083,"n":"Maïs Notre Jardin Tendre  - 2x300g","p":1.88,"u":"3,13 €/KG","img":"https://fd11-photos.leclercdrive.fr/image.ashx?id=3005661&use=l&cat=p&typeid=i","cat":312611},{"id":28099,"n":"Eau minérale gazeuse St Diery Naturelle - 6x1,25L","p":2.16,"u":"0,29 €/L","img":"https://fd11-photos.leclercdrive.fr/image.ashx?id=2863075&use=l&cat=p&typeid=i","cat":284536},{"id":28104,"n":"IGP Pays d'Oc Merlot vin rosé Vieux Carion 12.5% vol -75 cl","p":2.25,"u":"3,00 €/L","img":"https://fd11-photos.leclercdrive.fr/image.ashx?id=2903962&use=l&cat=p&typeid=i","cat":289558},{"id":28203,"n":"Fromage : Le Carré Les Croisés 23%mg - 230g","p":1.92,"u":"8,35 €/KG","img":"https://fd11-photos.leclercdrive.fr/image.ashx?id=2974801&use=l&cat=p&typeid=i","cat":314033},{"id":28209,"n":"Noix de cajou grillées Tokapi Salées - 125g","p":1.48,"u":"11,84 €/KG","img":"https://fd11-photos.leclercdrive.fr/image.ashx?id=2839821&use=l&cat=p&typeid=i","cat":284448},{"id":28211,"n":"Pistaches Tokapi Grillées et salées - 125g","p":1.85,"u":"14,80 €/KG","img":"https://fd11-photos.leclercdrive.fr/image.ashx?id=2795550&use=l&cat=p&typeid=i","cat":284448},{"id":28216,"n":"Café en grains Bio Village Bio 100% arabica - 250g","p":4.51,"u":"18,04 €/KG","img":"https://fd11-photos.leclercdrive.fr/image.ashx?id=1470434&use=l&cat=p&typeid=i","cat":293237},{"id":28217,"n":"Pain d'épices bio Bio Village Miel - Pré-tranché - 300g","p":1.65,"u":"5,50 €/KG","img":"https://fd11-photos.leclercdrive.fr/image.ashx?id=2355419&use=l&cat=p&typeid=i","cat":284493},{"id":28226,"n":"Cotons Duo Démaquillants Inell Duo ovale - Disques x70","p":1.56,"img":"https://fd11-photos.leclercdrive.fr/image.ashx?id=1709940&use=l&cat=p&typeid=i","cat":285593},{"id":28228,"n":"Chocolat Pâtissier Bio Village Bio - Noir  52% cacao - 200g","p":2.75,"u":"13,75 €/KG","img":"https://fd11-photos.leclercdrive.fr/image.ashx?id=2802305&use=l&cat=p&typeid=i","cat":285562},{"id":28229,"n":"Gaufres au miel bio Bio Village 175g","p":1.81,"u":"10,34 €/KG","img":"https://fd11-photos.leclercdrive.fr/image.ashx?id=2652743&use=l&cat=p&typeid=i","cat":294777},{"id":28259,"n":"Beignets framboise x10  750g","p":5.2,"u":"6,93 €/KG","img":"https://fd11-photos.leclercdrive.fr/image.ashx?id=2534430&use=l&cat=p&typeid=i","cat":284984},{"id":28278,"n":"Oranges à jus Panier du Primeur Filet 2kg","p":3.39,"u":"1,70 €/KG","img":"https://fd11-photos.leclercdrive.fr/image.ashx?id=2414570&use=l&cat=p&typeid=i","cat":284356},{"id":28280,"n":"Flan entremets Tablier Blanc Vanille x4 192g","p":0.99,"u":"5,16 €/KG","img":"https://fd11-photos.leclercdrive.fr/image.ashx?id=2487464&use=l&cat=p&typeid=i","cat":284505},{"id":28308,"n":"Paëlla Royale Côté Table Poulet, moule et chorizo 940g","p":3.69,"u":"3,93 €/KG","img":"https://fd11-photos.leclercdrive.fr/image.ashx?id=2977873&use=l&cat=p&typeid=i","cat":325094},{"id":28311,"n":"Liqueur Grand Marnier Orange & Cognac - 40%vol - 70cl","p":20.16,"u":"28,80 €/L","img":"https://fd11-photos.leclercdrive.fr/image.ashx?id=3007909&use=l&cat=p&typeid=i","cat":286032},{"id":28344,"n":"Olives vertes La Ciota Farcies poivrons - 120g","p":1.79,"u":"14,92 €/KG","img":"https://fd11-photos.leclercdrive.fr/image.ashx?id=2296584&use=l&cat=p&typeid=i","cat":284458},{"id":28368,"n":"Tablette de chocolat Equador Noir fleur de sel 100g","p":1.42,"u":"14,20 €/KG","img":"https://fd11-photos.leclercdrive.fr/image.ashx?id=2660565&use=l&cat=p&typeid=i","cat":284956},{"id":28384,"n":"Patate douce Sachet 1kg","p":1.79,"u":"1,79 €/KG","img":"https://fd11-photos.leclercdrive.fr/image.ashx?id=1632578&use=l&cat=p&typeid=i","cat":284352},{"id":28415,"n":"Colin d'Alaska Pêche Océan À la moutarde - MSC - 400g","p":2.99,"u":"7,48 €/KG","img":"https://fd11-photos.leclercdrive.fr/image.ashx?id=2930117&use=l&cat=p&typeid=i","cat":319786},{"id":28419,"n":"Lingettes anti-transfert Texil Tous textiles x25","p":2.32,"u":"0,09 €/P","img":"https://fd11-photos.leclercdrive.fr/image.ashx?id=2964571&use=l&cat=p&typeid=i","cat":290450},{"id":28422,"n":"Choucroute d'Alsace NRT 920g","p":6.87,"u":"7,47 €/KG","img":"https://fd11-photos.leclercdrive.fr/image.ashx?id=2723243&use=l&cat=p&typeid=i","cat":333666},{"id":28432,"n":"Jus d'ananas Eco + Brique 1L","p":1.57,"u":"1,57 €/L","img":"https://fd11-photos.leclercdrive.fr/image.ashx?id=2802263&use=l&cat=p&typeid=i","cat":284916},{"id":28562,"n":"Oranges à déguster Panier du Primeur Filet 2kg","p":3.19,"u":"1,60 €/KG","img":"https://fd11-photos.leclercdrive.fr/image.ashx?id=2414567&use=l&cat=p&typeid=i","cat":284356},{"id":28576,"n":"Liqueur Passoa Passion 15%vol - 70cl","p":8.39,"u":"11,99 €/L","img":"https://fd11-photos.leclercdrive.fr/image.ashx?id=2503644&use=l&cat=p&typeid=i","cat":284551},{"id":28594,"n":"Soupe instantanée Royco  Crème d'asperges - 4x200ml","p":1.52,"u":"1,90 €/L","img":"https://fd11-photos.leclercdrive.fr/image.ashx?id=2650982&use=l&cat=p&typeid=i","cat":293527},{"id":28596,"n":"Soupe instantanée Royco  Crème de volaille - 4x200ml","p":1.74,"u":"2,18 €/L","img":"https://fd11-photos.leclercdrive.fr/image.ashx?id=2376413&use=l&cat=p&typeid=i","cat":293527},{"id":28613,"n":"Nectar multifruits  1L","p":0.98,"u":"0,98 €/L","img":"https://fd11-photos.leclercdrive.fr/image.ashx?id=2869263&use=l&cat=p&typeid=i","cat":284917},{"id":28614,"n":"Pur jus d'orange Eco+ Brique - 1L","p":1.87,"u":"1,87 €/L","img":"https://fd11-photos.leclercdrive.fr/image.ashx?id=2802260&use=l&cat=p&typeid=i","cat":284521},{"id":28710,"n":"Lingettes Mots d'Enfants Bio Bébé - x72 lingettes","p":2.53,"u":"0,04 €/P","img":"https://fd11-photos.leclercdrive.fr/image.ashx?id=2856504&use=l&cat=p&typeid=i","cat":284738},{"id":28727,"n":"Tablettes anti-calcaire Calgon  4 en 1 - x48","p":9.31,"u":"14,92 €/KG","img":"https://fd11-photos.leclercdrive.fr/image.ashx?id=2954881&use=l&cat=p&typeid=i","cat":284653},{"id":28755,"n":"Beurre Bio Président Doux - 82% MG - 250g","p":3.66,"u":"14,64 €/KG","img":"https://fd11-photos.leclercdrive.fr/image.ashx?id=2545993&use=l&cat=p&typeid=i","cat":284379},{"id":28803,"n":"After Eight Chocolat Noël Nuit de Londres - 400g","p":5.49,"u":"13,73 €/KG","img":"https://fd11-photos.leclercdrive.fr/image.ashx?id=2918373&use=l&cat=p&typeid=i","cat":327595},{"id":28809,"n":"Pain burger géant Epi d'Or Nature x4 - 330g","p":0.87,"u":"2,64 €/KG","img":"https://fd11-photos.leclercdrive.fr/image.ashx?id=1861089&use=l&cat=p&typeid=i","cat":325067},{"id":28827,"n":"Chili con carne Côté Table Au piment de Cayenne - 820g","p":3.24,"u":"3,95 €/KG","img":"https://fd11-photos.leclercdrive.fr/image.ashx?id=2977156&use=l&cat=p&typeid=i","cat":325094},{"id":28828,"n":"Pâtes fraîches Turini Gnocchi 380g","p":1.09,"u":"2,87 €/KG","img":"https://fd11-photos.leclercdrive.fr/image.ashx?id=2254526&use=l&cat=p&typeid=i","cat":333682},{"id":28831,"n":"Cookies Méga pépites P'tit Déli Choco amandes caramelisées 184g","p":1.51,"u":"8,21 €/KG","img":"https://fd11-photos.leclercdrive.fr/image.ashx?id=2116128&use=l&cat=p&typeid=i","cat":325066},{"id":28832,"n":"Cookies Méga pépites P'tit Déli Chocolat 184g","p":1.51,"u":"8,21 €/KG","img":"https://fd11-photos.leclercdrive.fr/image.ashx?id=2722814&use=l&cat=p&typeid=i","cat":325066},{"id":28848,"n":"Pennes au saumon Marie A la crème - 900g","p":5.67,"u":"6,30 €/KG","img":"https://fd11-photos.leclercdrive.fr/image.ashx?id=2996761&use=l&cat=p&typeid=i","cat":284254},{"id":28856,"n":"Pain burger Epi d'Or Géant complet x4 - 330g","p":0.97,"u":"2,94 €/KG","img":"https://fd11-photos.leclercdrive.fr/image.ashx?id=2042561&use=l&cat=p&typeid=i","cat":325067},{"id":28860,"n":"Pain de mie Epi d'or Complet - Spécial mie - 500g","p":1.47,"u":"2,94 €/KG","img":"https://fd11-photos.leclercdrive.fr/image.ashx?id=2807291&use=l&cat=p&typeid=i","cat":284477},{"id":28869,"n":"Parmentier canard Sud Ouest NRT - 300g","p":2.99,"u":"9,97 €/KG","img":"https://fd11-photos.leclercdrive.fr/image.ashx?id=2925210&use=l&cat=p&typeid=i","cat":284953},{"id":28872,"n":"Saucisses de Toulouse lentilles NRT - 300g","p":2.36,"u":"7,87 €/KG","img":"https://fd11-photos.leclercdrive.fr/image.ashx?id=2723234&use=l&cat=p&typeid=i","cat":284953},{"id":28938,"n":"Velouté bio Bio Village Légumes variés  - 1L","p":2.06,"u":"2,06 €/L","img":"https://fd11-photos.leclercdrive.fr/image.ashx?id=2133954&use=l&cat=p&typeid=i","cat":284462},{"id":28941,"n":"Potage gourmand Régal Soupe Légumes et fromage fondu - 1L","p":2.42,"u":"2,42 €/L","img":"https://fd11-photos.leclercdrive.fr/image.ashx?id=2607524&use=l&cat=p&typeid=i","cat":284462},{"id":28966,"n":"Liqueur Malibu Coco 18% vol - 70cl","p":9.75,"u":"13,93 €/L","img":"https://fd11-photos.leclercdrive.fr/image.ashx?id=2993481&use=l&cat=p&typeid=i","cat":284551},{"id":28970,"n":"Oeufs de lompe Ronde des Mers MSC - 2x100g","p":4.49,"u":"22,45 €/KG","img":"https://fd11-photos.leclercdrive.fr/image.ashx?id=3015257&use=l&cat=p&typeid=i","cat":285191},{"id":28974,"n":"Saumon fumé MSC Sauvage Ronde des Mers x4T - 120g","p":6.65,"u":"55,42 €/KG","img":"https://fd11-photos.leclercdrive.fr/image.ashx?id=2837692&use=l&cat=p&typeid=i","cat":285188},{"id":28997,"n":"Mayonnaise de Dijon Amora 235g","p":1.52,"u":"6,47 €/KG","img":"https://fd11-photos.leclercdrive.fr/image.ashx?id=2877208&use=l&cat=p&typeid=i","cat":298295},{"id":28999,"n":"Mayonnaise de Dijon Amora Sans conservateur  - 415g","p":2.21,"u":"5,33 €/KG","img":"https://fd11-photos.leclercdrive.fr/image.ashx?id=2964207&use=l&cat=p&typeid=i","cat":298295},{"id":29006,"n":"Escargots préparés Eco+ Recette bourguignonne - 89g","p":2.99,"u":"33,60 €/KG","img":"https://fd11-photos.leclercdrive.fr/image.ashx?id=2978501&use=l&cat=p&typeid=i","cat":319775},{"id":29009,"n":"Bûche glacée Eskiss Façon dame blanche - 530g","p":3.75,"u":"7,08 €/KG","img":"https://fd11-photos.leclercdrive.fr/image.ashx?id=2791293&use=l&cat=p&typeid=i","cat":284266},{"id":29011,"n":"Foie gras canard IGP Landes Nos Régions ont du Talent 200g","p":16.95,"u":"84,75 €/KG","img":"https://fd11-photos.leclercdrive.fr/image.ashx?id=2743873&use=l&cat=p&typeid=i","cat":316008},{"id":29013,"n":"Foie gras canard IGP Périgord Entier NRT - 125g","p":12.5,"u":"100,00 €/KG","img":"https://fd11-photos.leclercdrive.fr/image.ashx?id=2422713&use=l&cat=p&typeid=i","cat":316008},{"id":29014,"n":"Bloc de foie gras de canard Pierre de Chaumeyrac 300g","p":19.75,"u":"65,83 €/KG","img":"https://fd11-photos.leclercdrive.fr/image.ashx?id=2783014&use=l&cat=p&typeid=i","cat":316008},{"id":29015,"n":"Foie gras de canard entier Bocal - 180g","p":12.9,"u":"71,67 €/KG","img":"https://fd11-photos.leclercdrive.fr/image.ashx?id=2801031&use=l&cat=p&typeid=i","cat":316008},{"id":29017,"n":"Bloc de Foie gras canard 200g","p":9.49,"u":"47,45 €/KG","img":"https://fd11-photos.leclercdrive.fr/image.ashx?id=2814845&use=l&cat=p&typeid=i","cat":316008},{"id":29032,"n":"Chips Bret's Poulet braisé - 125g","p":1.17,"u":"9,36 €/KG","img":"https://fd11-photos.leclercdrive.fr/image.ashx?id=1927788&use=l&cat=p&typeid=i","cat":284447},{"id":29044,"n":"Cerneaux de noix Tablier Blanc 50g","p":1.3,"u":"26,00 €/KG","img":"https://fd11-photos.leclercdrive.fr/image.ashx?id=2460607&use=l&cat=p&typeid=i","cat":323809},{"id":29047,"n":"Pignons de pin Tablier Blanc 50g","p":2.39,"u":"47,80 €/KG","img":"https://fd11-photos.leclercdrive.fr/image.ashx?id=2867907&use=l&cat=p&typeid=i","cat":323809},{"id":29095,"n":"Yaourts brassés Délisse Vanille - 8x125g","p":2.65,"u":"2,65 €/KG","img":"https://fd11-photos.leclercdrive.fr/image.ashx?id=2372338&use=l&cat=p&typeid=i","cat":284410},{"id":29117,"n":"Bonbons sans sucres Confiséo Menthe - 150g","p":1.98,"u":"13,20 €/KG","img":"https://fd11-photos.leclercdrive.fr/image.ashx?id=2934697&use=l&cat=p&typeid=i","cat":304252},{"id":29119,"n":"Potage gourmand Régal Soupe 8 légumes à la crème - 1L","p":1.69,"u":"1,69 €/L","img":"https://fd11-photos.leclercdrive.fr/image.ashx?id=2607521&use=l&cat=p&typeid=i","cat":284462},{"id":29133,"n":"Sacs poubelle Haute 50L Elembal Poignées coulissantes - x15","p":1.94,"u":"0,13 €/P","img":"https://fd11-photos.leclercdrive.fr/image.ashx?id=2958726&use=l&cat=p&typeid=i","cat":285168},{"id":29134,"n":"Mousse coiffante Vitanove Effet boucles - 200ml","p":1.48,"u":"7,40 €/L","img":"https://fd11-photos.leclercdrive.fr/image.ashx?id=2490040&use=l&cat=p&typeid=i","cat":284609},{"id":29156,"n":"Saumon au beurre blanc Marie Echalotes confites au vin 400g","p":5.59,"u":"13,98 €/KG","img":"https://fd11-photos.leclercdrive.fr/image.ashx?id=2996806&use=l&cat=p&typeid=i","cat":319786},{"id":29187,"n":"Langue de boeuf Larzul Sauce Madère 274g","p":5.14,"u":"18,76 €/KG","img":"https://fd11-photos.leclercdrive.fr/image.ashx?id=2228786&use=l&cat=p&typeid=i","cat":284441},{"id":29334,"n":"Biscuits miel sésame GERBLE  crousti'son - 4x5 200g","p":1.7,"u":"8,50 €/KG","img":"https://fd11-photos.leclercdrive.fr/image.ashx?id=2662280&use=l&cat=p&typeid=i","cat":318651},{"id":29358,"n":"Pur jus pamplemousse Jafaden Rose - 1L","p":1.67,"u":"1,67 €/L","img":"https://fd11-photos.leclercdrive.fr/image.ashx?id=2869269&use=l&cat=p&typeid=i","cat":284914},{"id":29360,"n":"AOP Cabernet d'Anjou vin rosé Les Caractères - BIB 5L","p":21.49,"u":"4,30 €/L","img":"https://fd11-photos.leclercdrive.fr/image.ashx?id=2913672&use=l&cat=p&typeid=i","cat":289560},{"id":29364,"n":"Boisson base vin rosé Festalie Pamplemousse - 7.5% - 75 cl","p":1.89,"u":"2,52 €/L","img":"https://fd11-photos.leclercdrive.fr/image.ashx?id=2774891&use=l&cat=p&typeid=i","cat":304569},{"id":29370,"n":"AOP Crémant de Loire brut Les Caractères - 75cl","p":4.99,"u":"6,65 €/L","img":"https://fd11-photos.leclercdrive.fr/image.ashx?id=2898844&use=l&cat=p&typeid=i","cat":284545},{"id":29419,"n":"Tortillas chips Tokapi Nature - 150g","p":0.55,"u":"3,67 €/KG","img":"https://fd11-photos.leclercdrive.fr/image.ashx?id=2647955&use=l&cat=p&typeid=i","cat":287899},{"id":29442,"n":"Boules de graines Pictou x50","p":7.9,"u":"1,76 €/KG","img":"https://fd11-photos.leclercdrive.fr/image.ashx?id=2021661&use=l&cat=p&typeid=i","cat":284678},{"id":29447,"n":"Truite fumée Ronde des mers France 6 tranches - 150g","p":4.95,"u":"33,00 €/KG","img":"https://fd11-photos.leclercdrive.fr/image.ashx?id=2833105&use=l&cat=p&typeid=i","cat":285188},{"id":29493,"n":"Tomato Ketchup Bio Heinz - 580g","p":2.55,"u":"4,40 €/KG","img":"https://fd11-photos.leclercdrive.fr/image.ashx?id=2927726&use=l&cat=p&typeid=i","cat":284455},{"id":29535,"n":"Croûtons Epi d'Or Ail - 2x90g","p":1.19,"u":"6,61 €/KG","img":"https://fd11-photos.leclercdrive.fr/image.ashx?id=2606049&use=l&cat=p&typeid=i","cat":284464},{"id":29570,"n":"Saucisson Petit Justin Bridou  Bâton de Berger Nature - 160g","p":3.31,"u":"20,69 €/KG","img":"https://fd11-photos.leclercdrive.fr/image.ashx?id=2894893&use=l&cat=p&typeid=i","cat":316006},{"id":29724,"n":"Escalope de dinde Le Gaulois Milanaise x2 - 240g","p":4.3,"u":"17,92 €/KG","img":"https://fd11-photos.leclercdrive.fr/image.ashx?id=2259652&use=l&cat=p&typeid=i","cat":284337},{"id":29753,"n":"Eau gazeuse La Pétillante Citron vert sans sucre - 1L","p":0.4,"u":"0,40 €/L","img":"https://fd11-photos.leclercdrive.fr/image.ashx?id=2669738&use=l&cat=p&typeid=i","cat":284536},{"id":29754,"n":"Eau gazeuse La Pétillante Citron sans sucre - 1L","p":0.4,"u":"0,40 €/L","img":"https://fd11-photos.leclercdrive.fr/image.ashx?id=2590442&use=l&cat=p&typeid=i","cat":284536},{"id":29764,"n":"Galettes blé noir Bio village Bio x4 - 200g","p":1.83,"u":"9,15 €/KG","img":"https://fd11-photos.leclercdrive.fr/image.ashx?id=2907258&use=l&cat=p&typeid=i","cat":333672},{"id":29773,"n":"Eau minérale naturelle Mag Source de magnésium - 6x1L","p":2.28,"u":"0,38 €/L","img":"https://fd11-photos.leclercdrive.fr/image.ashx?id=2423520&use=l&cat=p&typeid=i","cat":284535},{"id":29794,"n":"Triangolo Fromage enfants vache Les Croisés 24 portions - 400g","p":2.67,"u":"6,68 €/KG","img":"https://fd11-photos.leclercdrive.fr/image.ashx?id=2791779&use=l&cat=p&typeid=i","cat":314030},{"id":29795,"n":"Fromage à tartiner Les Croisés Ail et fines herbes 24%mg 250g","p":2.09,"u":"8,36 €/KG","img":"https://fd11-photos.leclercdrive.fr/image.ashx?id=2476143&use=l&cat=p&typeid=i","cat":314029},{"id":29802,"n":"Kit Pâte à pizza Tablier Blanc 600g","p":2.59,"u":"4,32 €/KG","img":"https://fd11-photos.leclercdrive.fr/image.ashx?id=1731167&use=l&cat=p&typeid=i","cat":333681},{"id":29816,"n":"Bicarbonate alimentaire La Baleine - 800g","p":2.13,"u":"2,66 €/KG","img":"https://fd11-photos.leclercdrive.fr/image.ashx?id=2468335&use=l&cat=p&typeid=i","cat":284457},{"id":29838,"n":"Bouillon cubes Knorr Bœuf - x15 cubes - 150g","p":1.59,"u":"10,60 €/KG","img":"https://fd11-photos.leclercdrive.fr/image.ashx?id=2848542&use=l&cat=p&typeid=i","cat":288379},{"id":29841,"n":"Bouillon de Poule KNORR 15 Tablettes - 150g","p":1.19,"u":"7,93 €/KG","img":"https://fd11-photos.leclercdrive.fr/image.ashx?id=2906043&use=l&cat=p&typeid=i","cat":288379},{"id":29845,"n":"Moulin saveur Ducros Assaisonnement steak - 35g","p":2.67,"u":"76,29 €/KG","img":"https://fd11-photos.leclercdrive.fr/image.ashx?id=2559448&use=l&cat=p&typeid=i","cat":298297},{"id":29854,"n":"Beurre de Bretagne Les Croisés Doux - 82% MG - 250g","p":2.61,"u":"10,44 €/KG","img":"https://fd11-photos.leclercdrive.fr/image.ashx?id=2943641&use=l&cat=p&typeid=i","cat":284379},{"id":29855,"n":"Beurre de Bretagne Les Croisés Demi-sel - 80% MG - 250g","p":2.61,"u":"10,44 €/KG","img":"https://fd11-photos.leclercdrive.fr/image.ashx?id=2943644&use=l&cat=p&typeid=i","cat":284379},{"id":29856,"n":"Beurre Extra fin Les Croisés Doux - 82 % MG - 125g","p":1.49,"u":"11,92 €/KG","img":"https://fd11-photos.leclercdrive.fr/image.ashx?id=2791272&use=l&cat=p&typeid=i","cat":284379},{"id":29861,"n":"Boisson lactée Délisse Fraise - 6x20cl","p":2.13,"u":"1,78 €/L","img":"https://fd11-photos.leclercdrive.fr/image.ashx?id=2174693&use=l&cat=p&typeid=i","cat":295246},{"id":29862,"n":"Champignons Bio Bio Village Emincés - 600g","p":2.99,"u":"4,98 €/KG","img":"https://fd11-photos.leclercdrive.fr/image.ashx?id=2891815&use=l&cat=p&typeid=i","cat":319805},{"id":29864,"n":"Crème fraîche entière Délisse Fleurette - 30% MG - 40cl","p":1.72,"u":"4,30 €/L","img":"https://fd11-photos.leclercdrive.fr/image.ashx?id=3002575&use=l&cat=p&typeid=i","cat":284381},{"id":29865,"n":"Crème fraîche légère Délisse Fleurette - 12% MG - 40cl","p":1.62,"u":"4,05 €/L","img":"https://fd11-photos.leclercdrive.fr/image.ashx?id=3002578&use=l&cat=p&typeid=i","cat":284381},{"id":29866,"n":"Crème légère fluide UHT Délisse Brique 12%mg - 1L","p":3.39,"u":"3,39 €/L","img":"https://fd11-photos.leclercdrive.fr/image.ashx?id=3002584&use=l&cat=p&typeid=i","cat":284381},{"id":29869,"n":"Crème anglaise Délisse 1L","p":2.49,"u":"2,49 €/L","img":"https://fd11-photos.leclercdrive.fr/image.ashx?id=3002596&use=l&cat=p&typeid=i","cat":284382},{"id":29870,"n":"Crème d'Isigny AOP NRT 40%MG - 20cl","p":1.79,"u":"8,95 €/L","img":"https://fd11-photos.leclercdrive.fr/image.ashx?id=2771070&use=l&cat=p&typeid=i","cat":284381},{"id":29872,"n":"Crème semi-épaisse légère UHT Délisse 18%mg - 2x25cl","p":2.34,"u":"4,68 €/L","img":"https://fd11-photos.leclercdrive.fr/image.ashx?id=3002593&use=l&cat=p&typeid=i","cat":284381},{"id":29874,"n":"Emincés poireaux Notre Jardin A la crème 750g","p":2.55,"u":"3,40 €/KG","img":"https://fd11-photos.leclercdrive.fr/image.ashx?id=2873144&use=l&cat=p&typeid=i","cat":319805},{"id":29927,"n":"Bière belge Rince Cochon Blonde - 8.5%vol. - 75cl","p":3.22,"u":"4,29 €/L","img":"https://fd11-photos.leclercdrive.fr/image.ashx?id=1741463&use=l&cat=p&typeid=i","cat":334872},{"id":30027,"n":"Tubes d'encornets Pêche Océan Sachet 750g","p":11.85,"u":"15,80 €/KG","img":"https://fd11-photos.leclercdrive.fr/image.ashx?id=2217942&use=l&cat=p&typeid=i","cat":319786},{"id":30029,"n":"Poêlée champignons Notre Jardin Forestière - 400g","p":4.66,"u":"11,65 €/KG","img":"https://fd11-photos.leclercdrive.fr/image.ashx?id=2771372&use=l&cat=p&typeid=i","cat":319823},{"id":30043,"n":"Lait frais Délisse Entier Bouteille - 1L","p":1.33,"u":"1,33 €/L","img":"https://fd11-photos.leclercdrive.fr/image.ashx?id=2970584&use=l&cat=p&typeid=i","cat":285609},{"id":30051,"n":"Mini gratins Côté Table Choux fleurs - x4 480g","p":3.19,"u":"6,65 €/KG","img":"https://fd11-photos.leclercdrive.fr/image.ashx?id=2029370&use=l&cat=p&typeid=i","cat":319802},{"id":30053,"n":"Nuggets de poulet Pic'Express x18 400g","p":4.15,"u":"10,38 €/KG","img":"https://fd11-photos.leclercdrive.fr/image.ashx?id=2823747&use=l&cat=p&typeid=i","cat":319780},{"id":30055,"n":"Légumes pour potage Bio Bio Village - 600g","p":1.99,"u":"3,32 €/KG","img":"https://fd11-photos.leclercdrive.fr/image.ashx?id=2891818&use=l&cat=p&typeid=i","cat":319805},{"id":30059,"n":"Trio de fleurette Notre Jardin 1kg","p":2.48,"u":"2,48 €/KG","img":"https://fd11-photos.leclercdrive.fr/image.ashx?id=2873138&use=l&cat=p&typeid=i","cat":319805},{"id":30067,"n":"Assaisonnement En Poudre KNORR Secret d’Arômes Tube - 60g","p":1.31,"u":"21,83 €/KG","img":"https://fd11-photos.leclercdrive.fr/image.ashx?id=3014401&use=l&cat=p&typeid=i","cat":298297},{"id":30084,"n":"Bacon Saint Azay 100g","p":1.61,"u":"16,10 €/KG","img":"https://fd11-photos.leclercdrive.fr/image.ashx?id=2943653&use=l&cat=p&typeid=i","cat":316007},{"id":30089,"n":"Blanc de poulet Tradilège 6 tranches - 180g","p":1.51,"u":"8,39 €/KG","img":"https://fd11-photos.leclercdrive.fr/image.ashx?id=2943677&use=l&cat=p&typeid=i","cat":316010},{"id":30091,"n":"Blanc de dinde Tradilège 6 tranches 180g","p":1.96,"u":"10,89 €/KG","img":"https://fd11-photos.leclercdrive.fr/image.ashx?id=2925744&use=l&cat=p&typeid=i","cat":316010},{"id":30093,"n":"Jambon supérieur Tradilège -25% de sel - Découenné x2-80g","p":1.69,"u":"21,13 €/KG","img":"https://fd11-photos.leclercdrive.fr/image.ashx?id=2153183&use=l&cat=p&typeid=i","cat":316009},{"id":30094,"n":"Jambon à griller Tradilège 2 tranches 160g","p":2.42,"u":"15,13 €/KG","img":"https://fd11-photos.leclercdrive.fr/image.ashx?id=2064633&use=l&cat=p&typeid=i","cat":316009},{"id":30110,"n":"Pommes de terre NRT à la Sarladaise - 600g","p":2.99,"u":"4,98 €/KG","img":"https://fd11-photos.leclercdrive.fr/image.ashx?id=2699816&use=l&cat=p&typeid=i","cat":319823},{"id":30124,"n":"Soupe Régal Soupe Tomate et vermicelles - 1L","p":1.8,"u":"1,80 €/L","img":"https://fd11-photos.leclercdrive.fr/image.ashx?id=2607518&use=l&cat=p&typeid=i","cat":284462},{"id":30128,"n":"Céréales Chocapic Nestlé Chocolat - 1kg","p":5.31,"u":"5,31 €/KG","img":"https://fd11-photos.leclercdrive.fr/image.ashx?id=2977729&use=l&cat=p&typeid=i","cat":309513},{"id":30144,"n":"Croquettes chiens adulte Ultima Medium/maxi - poulet 7.5kg","p":22.73,"u":"3,03 €/KG","img":"https://fd11-photos.leclercdrive.fr/image.ashx?id=2872033&use=l&cat=p&typeid=i","cat":284672},{"id":30185,"n":"Haché moelleux oignon Férial x10 - 1kg","p":7.49,"u":"7,49 €/KG","img":"https://fd11-photos.leclercdrive.fr/image.ashx?id=2704517&use=l&cat=p&typeid=i","cat":319778},{"id":30186,"n":"Haché moelleux Férial x10 - 1kg","p":9.73,"u":"9,73 €/KG","img":"https://fd11-photos.leclercdrive.fr/image.ashx?id=2966514&use=l&cat=p&typeid=i","cat":319778},{"id":30188,"n":"Steak haché bio - Bio Village  15%mg x4 - 400g","p":8.25,"u":"20,63 €/KG","img":"https://fd11-photos.leclercdrive.fr/image.ashx?id=2840422&use=l&cat=p&typeid=i","cat":319778},{"id":30189,"n":"Tortillas chips Tokapi Chili - 150g","p":0.99,"u":"6,60 €/KG","img":"https://fd11-photos.leclercdrive.fr/image.ashx?id=2647958&use=l&cat=p&typeid=i","cat":287899},{"id":30212,"n":"Soufflés l'Original Curly Cacahuète - 100g","p":0.85,"u":"8,50 €/KG","img":"https://fd11-photos.leclercdrive.fr/image.ashx?id=2693635&use=l&cat=p&typeid=i","cat":284449},{"id":30213,"n":"Soufflés l'Original Curly Cacahuète - 2x100g","p":1.72,"u":"8,60 €/KG","img":"https://fd11-photos.leclercdrive.fr/image.ashx?id=2962887&use=l&cat=p&typeid=i","cat":284449},{"id":30235,"n":"Bonbons Tic Tac  Menthe x100 - 49g","p":1.57,"u":"32,04 €/KG","img":"https://fd11-photos.leclercdrive.fr/image.ashx?id=2729470&use=l&cat=p&typeid=i","cat":304256},{"id":30256,"n":"Pâte à tartiner Nutella 825g","p":5.69,"u":"6,90 €/KG","img":"https://fd11-photos.leclercdrive.fr/image.ashx?id=2961813&use=l&cat=p&typeid=i","cat":284481},{"id":30272,"n":"IGP Pays d'Oc rouge Merlot Les Ormes de Cambras 12.5% BIB 5L","p":13.85,"u":"2,77 €/L","img":"https://fd11-photos.leclercdrive.fr/image.ashx?id=2443871&use=l&cat=p&typeid=i","cat":289560},{"id":30273,"n":"IGP Pays d'OC rouge Les Ormes De Cambras Sauvignon 12% BIB 5L","p":14.15,"u":"2,83 €/L","img":"https://fd11-photos.leclercdrive.fr/image.ashx?id=2445115&use=l&cat=p&typeid=i","cat":289560},{"id":30360,"n":"Bonbons Tic Tac 100 pastilles citron vert et orange - 49g","p":1.57,"u":"32,04 €/KG","img":"https://fd11-photos.leclercdrive.fr/image.ashx?id=2736280&use=l&cat=p&typeid=i","cat":304256},{"id":30361,"n":"Bonbons Tic Tac Fraise x100 - 49g","p":2.15,"u":"43,88 €/KG","img":"https://fd11-photos.leclercdrive.fr/image.ashx?id=2446161&use=l&cat=p&typeid=i","cat":304256},{"id":30362,"n":"Fleur de maïs Maïzena 400g","p":1.38,"u":"3,45 €/KG","img":"https://fd11-photos.leclercdrive.fr/image.ashx?id=2312770&use=l&cat=p&typeid=i","cat":288382},{"id":30372,"n":"Fleur de Maïs Maïzena Sans Gluten Format Famille 700g","p":2.47,"u":"3,53 €/KG","img":"https://fd11-photos.leclercdrive.fr/image.ashx?id=2773907&use=l&cat=p&typeid=i","cat":288382},{"id":30393,"n":"Mélange Ducros Cuisine à l'italienne - 30g","p":1.92,"u":"64,00 €/KG","img":"https://fd11-photos.leclercdrive.fr/image.ashx?id=2559454&use=l&cat=p&typeid=i","cat":298297},{"id":30394,"n":"Mélange malin Ducros Pour pâtes - 30g","p":2.38,"u":"79,33 €/KG","img":"https://fd11-photos.leclercdrive.fr/image.ashx?id=2559457&use=l&cat=p&typeid=i","cat":298297},{"id":30395,"n":"Piment d'Espelette AOP Ducros - 40g","p":8.29,"u":"207,25 €/KG","img":"https://fd11-photos.leclercdrive.fr/image.ashx?id=2559463&use=l&cat=p&typeid=i","cat":298297},{"id":30407,"n":"Dés de fromage salade Boursin Ail & fines herbes -120g","p":2.3,"u":"19,17 €/KG","img":"https://fd11-photos.leclercdrive.fr/image.ashx?id=2864366&use=l&cat=p&typeid=i","cat":314027},{"id":30410,"n":"Lasagnes bolognaise Marie 300g","p":3.19,"u":"10,63 €/KG","img":"https://fd11-photos.leclercdrive.fr/image.ashx?id=2800339&use=l&cat=p&typeid=i","cat":333665},{"id":30415,"n":"IGP Pays d'Oc rouge J-P Chenet Cabernet Syrah 13% vol - BIB 3L","p":10.0,"u":"3,33 €/L","img":"https://fd11-photos.leclercdrive.fr/image.ashx?id=2837451&use=l&cat=p&typeid=i","cat":289560},{"id":30420,"n":"Pizza Cuite sur pierre Turini Royale familiale - 570g","p":2.84,"u":"4,98 €/KG","img":"https://fd11-photos.leclercdrive.fr/image.ashx?id=2815241&use=l&cat=p&typeid=i","cat":284256},{"id":30463,"n":"Bavoir plastique Mots d'Enfants Rose","p":2.5,"img":"https://fd11-photos.leclercdrive.fr/image.ashx?id=2693404&use=l&cat=p&typeid=i","cat":289435},{"id":30477,"n":"Chocolat Pâtissier Nestlé Dessert : Praliné - 170g","p":3.0,"u":"17,65 €/KG","img":"https://fd11-photos.leclercdrive.fr/image.ashx?id=2895637&use=l&cat=p&typeid=i","cat":285562},{"id":30495,"n":"Filets de maquereaux Saupiquet A la catalane - 3x169g","p":5.93,"u":"11,70 €/KG","img":"https://fd11-photos.leclercdrive.fr/image.ashx?id=2826981&use=l&cat=p&typeid=i","cat":303868},{"id":30570,"n":"Sauce Tube Ail Oignons Panzani Panzani - 180G","p":1.15,"u":"6,39 €/KG","img":"https://fd11-photos.leclercdrive.fr/image.ashx?id=3004804&use=l&cat=p&typeid=i","cat":288384},{"id":30572,"n":"Pur jus de pomme Jafaden 1L","p":2.15,"u":"2,15 €/L","img":"https://fd11-photos.leclercdrive.fr/image.ashx?id=2916701&use=l&cat=p&typeid=i","cat":285435},{"id":30573,"n":"Edulcorant sucralose Canderel Briquet x300","p":2.97,"u":"95,81 €/KG","img":"https://fd11-photos.leclercdrive.fr/image.ashx?id=2811014&use=l&cat=p&typeid=i","cat":324846},{"id":30575,"n":"Happy' Box Haribo Boîte bonbons - 600g","p":4.08,"u":"6,80 €/KG","img":"https://fd11-photos.leclercdrive.fr/image.ashx?id=2802353&use=l&cat=p&typeid=i","cat":304250},{"id":30576,"n":"Zanzigliss Haribo Sachet bonbons réglisse - 300g","p":1.42,"u":"4,73 €/KG","img":"https://fd11-photos.leclercdrive.fr/image.ashx?id=2802347&use=l&cat=p&typeid=i","cat":304250},{"id":30577,"n":"Les Schtroumpfs Pik Haribo Sachet bonbons acidulés - 275g","p":1.52,"u":"5,53 €/KG","img":"https://fd11-photos.leclercdrive.fr/image.ashx?id=2984898&use=l&cat=p&typeid=i","cat":304250},{"id":30578,"n":"Bonbons LUTTI Scoubidou Doux Fruits - 200g","p":1.26,"u":"6,30 €/KG","img":"https://fd11-photos.leclercdrive.fr/image.ashx?id=2817434&use=l&cat=p&typeid=i","cat":304250},{"id":30582,"n":"Petit pot de crème Délisse Vanille - 8x100g","p":3.42,"u":"4,28 €/KG","img":"https://fd11-photos.leclercdrive.fr/image.ashx?id=2544976&use=l&cat=p&typeid=i","cat":285041},{"id":30587,"n":"Yaourts châtaignes Bio village Bio au lait de brebis - 2x125g","p":1.67,"u":"6,68 €/KG","img":"https://fd11-photos.leclercdrive.fr/image.ashx?id=2658593&use=l&cat=p&typeid=i","cat":314998},{"id":30588,"n":"Yaourts de Savoie NRT  Pêche Abricot - 4x150g","p":2.35,"u":"3,92 €/KG","img":"https://fd11-photos.leclercdrive.fr/image.ashx?id=2920806&use=l&cat=p&typeid=i","cat":284410},{"id":30592,"n":"Fromage blanc Délisse Sucré 3% MG - 8x100g","p":2.29,"u":"2,86 €/KG","img":"https://fd11-photos.leclercdrive.fr/image.ashx?id=3012833&use=l&cat=p&typeid=i","cat":284409},{"id":30594,"n":"Fromage frais nature Bio Bio village - 12x60g","p":3.44,"u":"4,78 €/KG","img":"https://fd11-photos.leclercdrive.fr/image.ashx?id=2992633&use=l&cat=p&typeid=i","cat":284409},{"id":30598,"n":"Actifidus Délisse Vanille - 4x125g","p":1.25,"u":"2,50 €/KG","img":"https://fd11-photos.leclercdrive.fr/image.ashx?id=2713649&use=l&cat=p&typeid=i","cat":315000},{"id":30600,"n":"Billes Chocolat au Lait KitKat Sachet  - 250g","p":3.91,"u":"15,64 €/KG","img":"https://fd11-photos.leclercdrive.fr/image.ashx?id=2806063&use=l&cat=p&typeid=i","cat":304238},{"id":30607,"n":"Soupe liquide Liebig  Potiron et kiri - Brique 1L","p":2.59,"u":"2,59 €/L","img":"https://fd11-photos.leclercdrive.fr/image.ashx?id=2892130&use=l&cat=p&typeid=i","cat":284462},{"id":30619,"n":"Jambon cru Aoste Quart Tranché  sans conservateur -  x18 - 220g","p":5.28,"u":"24,00 €/KG","img":"https://fd11-photos.leclercdrive.fr/image.ashx?id=2948057&use=l&cat=p&typeid=i","cat":316007},{"id":30627,"n":"Salade Notre Jardin Jeunes pousses d'épinard - 100g","p":1.4,"u":"14,00 €/KG","img":"https://fd11-photos.leclercdrive.fr/image.ashx?id=2718805&use=l&cat=p&typeid=i","cat":284353},{"id":30641,"n":"Son d'avoine bio Bio Village 500g","p":2.69,"u":"5,38 €/KG","img":"https://fd11-photos.leclercdrive.fr/image.ashx?id=2664334&use=l&cat=p&typeid=i","cat":309512},{"id":30645,"n":"Salade Notre Jardin Duo Mâche et Roquette - 125g","p":1.68,"u":"13,44 €/KG","img":"https://fd11-photos.leclercdrive.fr/image.ashx?id=2657948&use=l&cat=p&typeid=i","cat":284353},{"id":30646,"n":"Salade Notre Jardin Feuille de chêne - 125g","p":0.95,"u":"7,60 €/KG","img":"https://fd11-photos.leclercdrive.fr/image.ashx?id=2657951&use=l&cat=p&typeid=i","cat":284353},{"id":30652,"n":"Purée pommes de terre Florette 2x200g","p":2.93,"u":"7,33 €/KG","img":"https://fd11-photos.leclercdrive.fr/image.ashx?id=2767678&use=l&cat=p&typeid=i","cat":333665},{"id":30653,"n":"Purée de carottes Florette 2x200g","p":2.93,"u":"7,33 €/KG","img":"https://fd11-photos.leclercdrive.fr/image.ashx?id=2790003&use=l&cat=p&typeid=i","cat":333665},{"id":30781,"n":"Sacs poubelle 50L Eco+ x10","p":0.41,"u":"0,04 €/P","img":"https://fd11-photos.leclercdrive.fr/image.ashx?id=2793143&use=l&cat=p&typeid=i","cat":285168},{"id":30791,"n":"Mouchoirs blancs 2 plis Eco+ Boîte mouchoirs en papier- x150","p":0.62,"img":"https://fd11-photos.leclercdrive.fr/image.ashx?id=2897751&use=l&cat=p&typeid=i","cat":284638},{"id":30808,"n":"Coton-tiges Eco+ Tige papier x200 bâtonnets","p":0.34,"img":"https://fd11-photos.leclercdrive.fr/image.ashx?id=2940893&use=l&cat=p&typeid=i","cat":284636},{"id":30815,"n":"Dissolvant Eco+ 250ml","p":1.33,"u":"5,32 €/L","img":"https://fd11-photos.leclercdrive.fr/image.ashx?id=1873934&use=l&cat=p&typeid=i","cat":325347},{"id":30816,"n":"Film étirable Eco+ 50m","p":0.95,"img":"https://fd11-photos.leclercdrive.fr/image.ashx?id=2751847&use=l&cat=p&typeid=i","cat":334134},{"id":30850,"n":"Blanquette veau Côté Table Champignons 285g","p":2.2,"u":"7,72 €/KG","img":"https://fd11-photos.leclercdrive.fr/image.ashx?id=2064822&use=l&cat=p&typeid=i","cat":284953},{"id":30856,"n":"Emincés de poulet Tradilège Rôti - 2x75g","p":2.09,"u":"13,93 €/KG","img":"https://fd11-photos.leclercdrive.fr/image.ashx?id=2994366&use=l&cat=p&typeid=i","cat":316011},{"id":30863,"n":"Feutres pour ardoise Esquisse A sec - x4","p":1.75,"u":"0,44 €/P","img":"https://fd11-photos.leclercdrive.fr/image.ashx?id=2943190&use=l&cat=p&typeid=i","cat":334133},{"id":30869,"n":"Marqueur noir Esquisse Permanent x1","p":0.75,"img":"https://fd11-photos.leclercdrive.fr/image.ashx?id=1694158&use=l&cat=p&typeid=i","cat":284696},{"id":30917,"n":"Pâtes Escalope volaille Marie Crème champignons - 900g","p":4.96,"u":"5,51 €/KG","img":"https://fd11-photos.leclercdrive.fr/image.ashx?id=2996794&use=l&cat=p&typeid=i","cat":284254},{"id":30928,"n":"Fumet de poisson Rustica Déshydraté - 90g","p":2.05,"u":"22,78 €/KG","img":"https://fd11-photos.leclercdrive.fr/image.ashx?id=2849578&use=l&cat=p&typeid=i","cat":288379},{"id":30929,"n":"Tortillas chips Tables du Monde Nature - 200g","p":1.15,"u":"5,75 €/KG","img":"https://fd11-photos.leclercdrive.fr/image.ashx?id=2655695&use=l&cat=p&typeid=i","cat":288993},{"id":30932,"n":"Biscuits déli matin P'tit Déli  Chocolat allégé- 300g","p":1.88,"u":"6,27 €/KG","img":"https://fd11-photos.leclercdrive.fr/image.ashx?id=3001202&use=l&cat=p&typeid=i","cat":284491},{"id":30933,"n":"Biscuit chocolat noir Gerblé Sans Sucres Ajoutés - 126g","p":1.87,"u":"14,84 €/KG","img":"https://fd11-photos.leclercdrive.fr/image.ashx?id=2662799&use=l&cat=p&typeid=i","cat":318653},{"id":30947,"n":"Pâtes Collezione Barilla Tagliatelle - 500g","p":1.46,"u":"2,92 €/KG","img":"https://fd11-photos.leclercdrive.fr/image.ashx?id=2654119&use=l&cat=p&typeid=i","cat":284427},{"id":30951,"n":"Chocolat au lait Tablette d'Or Coeur de lait - 2x100g","p":1.95,"u":"9,75 €/KG","img":"https://fd11-photos.leclercdrive.fr/image.ashx?id=3010575&use=l&cat=p&typeid=i","cat":284497},{"id":30969,"n":"Glace Cône Nestlé Extrême Sorbet fruits rouges x6 - 426g","p":3.72,"u":"8,73 €/KG","img":"https://fd11-photos.leclercdrive.fr/image.ashx?id=2729845&use=l&cat=p&typeid=i","cat":284264},{"id":30976,"n":"Matière grasse Bridelight Demi-sel - 15% MG - 250g","p":2.05,"u":"8,20 €/KG","img":"https://fd11-photos.leclercdrive.fr/image.ashx?id=2643890&use=l&cat=p&typeid=i","cat":284379},{"id":30983,"n":"Filets de limande Pêche Océan Meunière - MSC - 400g","p":6.85,"u":"17,13 €/KG","img":"https://fd11-photos.leclercdrive.fr/image.ashx?id=2489122&use=l&cat=p&typeid=i","cat":319788},{"id":30989,"n":"Quiche lorraine Côté Table 2x150g","p":2.92,"u":"9,73 €/KG","img":"https://fd11-photos.leclercdrive.fr/image.ashx?id=2791770&use=l&cat=p&typeid=i","cat":284257},{"id":30992,"n":"Poêlée paysanne Marie Saucisse fumé - 900g","p":4.89,"u":"5,43 €/KG","img":"https://fd11-photos.leclercdrive.fr/image.ashx?id=2996797&use=l&cat=p&typeid=i","cat":319823},{"id":31004,"n":"Jus de citron jaune Sicile - 20cl","p":0.77,"u":"3,85 €/L","img":"https://fd11-photos.leclercdrive.fr/image.ashx?id=2656988&use=l&cat=p&typeid=i","cat":288383},{"id":31006,"n":"Oeillets Esquisse x336","p":0.74,"img":"https://fd11-photos.leclercdrive.fr/image.ashx?id=2131224&use=l&cat=p&typeid=i","cat":334133},{"id":31007,"n":"Etiquettes scolaires Esquisse 32x1","p":0.65,"img":"https://fd11-photos.leclercdrive.fr/image.ashx?id=2943235&use=l&cat=p&typeid=i","cat":334133},{"id":31009,"n":"Protèges cahier A4 5 pièces","p":2.99,"img":"https://fd11-photos.leclercdrive.fr/image.ashx?id=1928824&use=l&cat=p&typeid=i","cat":284697},{"id":31011,"n":"Feutres pour ardoise Esquisse Effaçable a sec Fin bleu - x2","p":0.89,"img":"https://fd11-photos.leclercdrive.fr/image.ashx?id=2943238&use=l&cat=p&typeid=i","cat":334133},{"id":31018,"n":"Feuille de brick Tablier Blanc En rouleau - 90g","p":1.49,"u":"16,56 €/KG","img":"https://fd11-photos.leclercdrive.fr/image.ashx?id=2188688&use=l&cat=p&typeid=i","cat":333681},{"id":31019,"n":"Feuilles de lasagne Turini 350g","p":2.69,"u":"7,69 €/KG","img":"https://fd11-photos.leclercdrive.fr/image.ashx?id=2617371&use=l&cat=p&typeid=i","cat":333682},{"id":31021,"n":"Gnocchi Turini 800g","p":2.29,"u":"2,86 €/KG","img":"https://fd11-photos.leclercdrive.fr/image.ashx?id=2254529&use=l&cat=p&typeid=i","cat":333682},{"id":31022,"n":"Gnocchi à poêler Turini 500g","p":1.42,"u":"2,84 €/KG","img":"https://fd11-photos.leclercdrive.fr/image.ashx?id=3014362&use=l&cat=p&typeid=i","cat":333682},{"id":31023,"n":"Ravioli Ricotta épinards Bio  Bio village - 250g","p":2.99,"u":"11,96 €/KG","img":"https://fd11-photos.leclercdrive.fr/image.ashx?id=2650252&use=l&cat=p&typeid=i","cat":333682},{"id":31027,"n":"Cappuccino soluble Plantation nature - 280g","p":3.21,"u":"11,46 €/KG","img":"https://fd11-photos.leclercdrive.fr/image.ashx?id=2819274&use=l&cat=p&typeid=i","cat":284843},{"id":31029,"n":"Escalope Cordon Bleu Père Dodu  Dinde - Comté x2 - 200g","p":2.4,"u":"12,00 €/KG","img":"https://fd11-photos.leclercdrive.fr/image.ashx?id=2957179&use=l&cat=p&typeid=i","cat":333683},{"id":31046,"n":"Assortiment crackers Tokapi Emmental - 100g","p":0.64,"u":"6,40 €/KG","img":"https://fd11-photos.leclercdrive.fr/image.ashx?id=2034386&use=l&cat=p&typeid=i","cat":297000},{"id":31050,"n":"Biscuits pavot citron GERBLE  - 4x4  200g","p":1.51,"u":"7,55 €/KG","img":"https://fd11-photos.leclercdrive.fr/image.ashx?id=2967001&use=l&cat=p&typeid=i","cat":318651},{"id":31052,"n":"Biscuits figue et son GERBLE   - 5x5, 210g","p":1.25,"u":"5,95 €/KG","img":"https://fd11-photos.leclercdrive.fr/image.ashx?id=2662319&use=l&cat=p&typeid=i","cat":318651},{"id":31054,"n":"Bouillon Cube Maggi Vollaile - x12 cubes - 120g","p":1.53,"u":"12,75 €/KG","img":"https://fd11-photos.leclercdrive.fr/image.ashx?id=2736982&use=l&cat=p&typeid=i","cat":288379},{"id":31058,"n":"Pâtes Barilla Capellini n°1 - 500g","p":0.97,"u":"1,94 €/KG","img":"https://fd11-photos.leclercdrive.fr/image.ashx?id=2392194&use=l&cat=p&typeid=i","cat":284427},{"id":31068,"n":"Chocolat Pâtissier Tablette dOr Lait - 170g","p":1.99,"u":"11,71 €/KG","img":"https://fd11-photos.leclercdrive.fr/image.ashx?id=2635916&use=l&cat=p&typeid=i","cat":285562},{"id":31069,"n":"Chocolat Pâtissier Tablette dOr Chocolat Blanc - 180g","p":2.03,"u":"11,28 €/KG","img":"https://fd11-photos.leclercdrive.fr/image.ashx?id=2562879&use=l&cat=p&typeid=i","cat":285562},{"id":31084,"n":"Crackers Tokapi Sésame et pavot - 100g","p":0.69,"u":"6,90 €/KG","img":"https://fd11-photos.leclercdrive.fr/image.ashx?id=1921880&use=l&cat=p&typeid=i","cat":297000},{"id":31086,"n":"Capsules Nescafé Dolce Gusto  Lungo Décaféiné - x16","p":4.53,"u":"40,45 €/KG","img":"https://fd11-photos.leclercdrive.fr/image.ashx?id=2836676&use=l&cat=p&typeid=i","cat":293239},{"id":31098,"n":"Capsules Nescafé Dolce Gusto  Café au Lait - x16","p":4.71,"u":"29,44 €/KG","img":"https://fd11-photos.leclercdrive.fr/image.ashx?id=2946637&use=l&cat=p&typeid=i","cat":293239},{"id":31101,"n":"Filets maquereaux Pêche Océan Sauce escabèche - 169g","p":1.15,"u":"6,80 €/KG","img":"https://fd11-photos.leclercdrive.fr/image.ashx?id=2394666&use=l&cat=p&typeid=i","cat":303868},{"id":31105,"n":"Gaufrettes P'tit Déli Praliné noisette x15 110g","p":0.87,"u":"7,91 €/KG","img":"https://fd11-photos.leclercdrive.fr/image.ashx?id=2418245&use=l&cat=p&typeid=i","cat":284488},{"id":31109,"n":"Gaufrettes P'tit Déli Framboise 160g","p":1.47,"u":"9,19 €/KG","img":"https://fd11-photos.leclercdrive.fr/image.ashx?id=2915290&use=l&cat=p&typeid=i","cat":284489},{"id":31113,"n":"Haricots rouges Notre Jardin 500g","p":1.37,"u":"2,74 €/KG","img":"https://fd11-photos.leclercdrive.fr/image.ashx?id=2988054&use=l&cat=p&typeid=i","cat":312606},{"id":31116,"n":"Pâtes bio Jardin Bio' Tire-bouchon semi-complet  500g","p":1.69,"u":"3,38 €/KG","img":"https://fd11-photos.leclercdrive.fr/image.ashx?id=2961116&use=l&cat=p&typeid=i","cat":284427},{"id":31119,"n":"Tartelettes P'tit Déli Chocolat noisettes - 150g","p":1.29,"u":"8,60 €/KG","img":"https://fd11-photos.leclercdrive.fr/image.ashx?id=2345556&use=l&cat=p&typeid=i","cat":284488},{"id":31136,"n":"Pâtes Torti Panzani 3 Minutes - 1Kg","p":2.18,"u":"2,18 €/KG","img":"https://fd11-photos.leclercdrive.fr/image.ashx?id=2896099&use=l&cat=p&typeid=i","cat":284427},{"id":31139,"n":"Tortillas chips Tables du Monde Chili - 200g","p":1.39,"u":"6,95 €/KG","img":"https://fd11-photos.leclercdrive.fr/image.ashx?id=2661544&use=l&cat=p&typeid=i","cat":288993},{"id":31143,"n":"Lait concentré sucré Délisse 397g","p":1.35,"u":"3,40 €/KG","img":"https://fd11-photos.leclercdrive.fr/image.ashx?id=2576588&use=l&cat=p&typeid=i","cat":299162},{"id":31149,"n":"Les p'tites spirales P'tit Déli Fraise 150g","p":1.55,"u":"10,33 €/KG","img":"https://fd11-photos.leclercdrive.fr/image.ashx?id=2660419&use=l&cat=p&typeid=i","cat":284495},{"id":31174,"n":"Pâtes penne rigate Panzani 1kg","p":1.93,"u":"1,93 €/KG","img":"https://fd11-photos.leclercdrive.fr/image.ashx?id=2876020&use=l&cat=p&typeid=i","cat":284427},{"id":31183,"n":"Pain campagnard Schar 240g","p":3.38,"u":"14,08 €/KG","img":"https://fd11-photos.leclercdrive.fr/image.ashx?id=2267978&use=l&cat=p&typeid=i","cat":325069},{"id":31200,"n":"AOP Bordeaux rouge Baron de Lestac - BIB 3L","p":13.47,"u":"4,49 €/L","img":"https://fd11-photos.leclercdrive.fr/image.ashx?id=2420910&use=l&cat=p&typeid=i","cat":289560},{"id":31211,"n":"Grana Padano AOP Casa Azzurra Râpé -  100g","p":1.91,"u":"19,10 €/KG","img":"https://fd11-photos.leclercdrive.fr/image.ashx?id=2284730&use=l&cat=p&typeid=i","cat":314035},{"id":31223,"n":"Bain Dissolvant Inell Bain sans acétone - 75ml","p":3.99,"u":"53,20 €/L","img":"https://fd11-photos.leclercdrive.fr/image.ashx?id=2244820&use=l&cat=p&typeid=i","cat":325347},{"id":31289,"n":"Emmental râpé Entremont 3x70g","p":2.38,"u":"11,33 €/KG","img":"https://fd11-photos.leclercdrive.fr/image.ashx?id=2983150&use=l&cat=p&typeid=i","cat":314035},{"id":31297,"n":"Fromage crémeux Les Croisés 36%mg - 200g","p":2.43,"u":"12,15 €/KG","img":"https://fd11-photos.leclercdrive.fr/image.ashx?id=2037379&use=l&cat=p&typeid=i","cat":329558},{"id":31301,"n":"Steak haché Férial  15%mg - X10 - 1kg","p":11.9,"u":"11,90 €/KG","img":"https://fd11-photos.leclercdrive.fr/image.ashx?id=3004657&use=l&cat=p&typeid=i","cat":319778},{"id":31389,"n":"Menus gourmands Tous mes amis pour chatons - 12x100g","p":4.29,"u":"3,58 €/KG","img":"https://fd11-photos.leclercdrive.fr/image.ashx?id=2027595&use=l&cat=p&typeid=i","cat":285286},{"id":31414,"n":"Pâtes Alpina Savoie Chanterelles Crozets - 400g","p":2.56,"u":"6,40 €/KG","img":"https://fd11-photos.leclercdrive.fr/image.ashx?id=2795063&use=l&cat=p&typeid=i","cat":284427},{"id":31441,"n":"Plat bébé Blédina 12 mois  Courgette riz veau - 2x200g","p":2.88,"u":"7,20 €/KG","img":"https://fd11-photos.leclercdrive.fr/image.ashx?id=2975074&use=l&cat=p&typeid=i","cat":312237},{"id":31447,"n":"Tablette Chocolat Lait Crunch Céréales Croustillantes 2x100g","p":2.67,"u":"13,35 €/KG","img":"https://fd11-photos.leclercdrive.fr/image.ashx?id=2899740&use=l&cat=p&typeid=i","cat":284497},{"id":31449,"n":"Tortillas chips Eco+ Nature - 300g","p":0.94,"u":"3,13 €/KG","img":"https://fd11-photos.leclercdrive.fr/image.ashx?id=2669729&use=l&cat=p&typeid=i","cat":287899},{"id":31458,"n":"Moutarde de Dijon Rustica  Fine et forte - 160g","p":0.95,"u":"5,94 €/KG","img":"https://fd11-photos.leclercdrive.fr/image.ashx?id=2954367&use=l&cat=p&typeid=i","cat":288850},{"id":31640,"n":"Pain complet 300g","p":1.2,"u":"4,00 €/KG","img":"https://fd11-photos.leclercdrive.fr/image.ashx?id=2657166&use=l&cat=p&typeid=i","cat":284359},{"id":31641,"n":"Poulet basquaise Côté Table Riz 285g","p":1.81,"u":"6,35 €/KG","img":"https://fd11-photos.leclercdrive.fr/image.ashx?id=2476149&use=l&cat=p&typeid=i","cat":284953},{"id":31652,"n":"Beurre Tendre Elle&Vire Doux - 82% MG - 250g","p":2.88,"u":"11,52 €/KG","img":"https://fd11-photos.leclercdrive.fr/image.ashx?id=2574374&use=l&cat=p&typeid=i","cat":284379},{"id":31656,"n":"Cornichons Rustica Aigre Doux - 360g","p":1.63,"u":"4,53 €/KG","img":"https://fd11-photos.leclercdrive.fr/image.ashx?id=2916698&use=l&cat=p&typeid=i","cat":284458},{"id":31659,"n":"Sirop La Maison Guiot Cerise - 70cl","p":2.94,"u":"4,20 €/L","img":"https://fd11-photos.leclercdrive.fr/image.ashx?id=2857201&use=l&cat=p&typeid=i","cat":295020},{"id":31660,"n":"Sirop La Maison Guiot Fraise des bois - 70cl","p":3.36,"u":"4,80 €/L","img":"https://fd11-photos.leclercdrive.fr/image.ashx?id=2857207&use=l&cat=p&typeid=i","cat":295020},{"id":31661,"n":"Sirop La Maison Guiot Pêche blanche - 70cl","p":3.14,"u":"4,49 €/L","img":"https://fd11-photos.leclercdrive.fr/image.ashx?id=2857198&use=l&cat=p&typeid=i","cat":295020},{"id":31682,"n":"Sachet repas chat Tous mes amis Viande en sauces - 4x100g","p":1.49,"u":"3,73 €/KG","img":"https://fd11-photos.leclercdrive.fr/image.ashx?id=2043005&use=l&cat=p&typeid=i","cat":285286},{"id":31714,"n":"Pur jus de pomme Bio Village Bio - 6x20cl","p":3.25,"u":"2,71 €/L","img":"https://fd11-photos.leclercdrive.fr/image.ashx?id=2077442&use=l&cat=p&typeid=i","cat":284524},{"id":31717,"n":"Parmigiano Reg AOP Casa Azzurra Râpé -  60g","p":1.44,"u":"24,00 €/KG","img":"https://fd11-photos.leclercdrive.fr/image.ashx?id=2261951&use=l&cat=p&typeid=i","cat":314035},{"id":31728,"n":"Jus de pomme Jafaden Nectar - 2L","p":2.15,"u":"1,08 €/L","img":"https://fd11-photos.leclercdrive.fr/image.ashx?id=2956077&use=l&cat=p&typeid=i","cat":284522},{"id":31729,"n":"Jus de pomme Jafaden A base de concentré - 1L","p":0.95,"u":"0,95 €/L","img":"https://fd11-photos.leclercdrive.fr/image.ashx?id=2550842&use=l&cat=p&typeid=i","cat":284522},{"id":31730,"n":"Pur jus de pomme Jafaden 1L","p":0.99,"u":"0,99 €/L","img":"https://fd11-photos.leclercdrive.fr/image.ashx?id=1936638&use=l&cat=p&typeid=i","cat":284522},{"id":31731,"n":"Thé glacé Fresh Tea Pêche - 1L","p":1.03,"u":"1,03 €/L","img":"https://fd11-photos.leclercdrive.fr/image.ashx?id=3002791&use=l&cat=p&typeid=i","cat":295019},{"id":31733,"n":"Pur jus multifruits Jafaden 1L","p":1.39,"u":"1,39 €/L","img":"https://fd11-photos.leclercdrive.fr/image.ashx?id=2890006&use=l&cat=p&typeid=i","cat":284917},{"id":31736,"n":"Nectar Jafaden Goyave - 1L","p":2.08,"u":"2,08 €/L","img":"https://fd11-photos.leclercdrive.fr/image.ashx?id=2956095&use=l&cat=p&typeid=i","cat":284916},{"id":31830,"n":"Sachet repas chat Tous mes amis Viande en sauce - 12x100g","p":3.65,"u":"3,04 €/KG","img":"https://fd11-photos.leclercdrive.fr/image.ashx?id=2677077&use=l&cat=p&typeid=i","cat":285286},{"id":31870,"n":"Crème épaisse AOP Isigny Ste Mère 35%mg - 50cl","p":3.51,"u":"7,02 €/L","img":"https://fd11-photos.leclercdrive.fr/image.ashx?id=2812753&use=l&cat=p&typeid=i","cat":284381},{"id":31899,"n":"Huile OPTIMA Tramier  1L","p":4.9,"u":"4,90 €/L","img":"https://fd11-photos.leclercdrive.fr/image.ashx?id=2680407&use=l&cat=p&typeid=i","cat":284453},{"id":31915,"n":"Mayonnaise à la moutarde de Dij  de Dijon Rustica - 235 g","p":1.25,"u":"5,32 €/KG","img":"https://fd11-photos.leclercdrive.fr/image.ashx?id=2954355&use=l&cat=p&typeid=i","cat":298295},{"id":31918,"n":"Sucre Tablier Blanc En morceaux - 1kg","p":1.99,"u":"1,99 €/KG","img":"https://fd11-photos.leclercdrive.fr/image.ashx?id=3010425&use=l&cat=p&typeid=i","cat":284502},{"id":31920,"n":"Matière grasse Rustica à tartiner 50%MG Omega 3 - 500g","p":1.98,"u":"3,96 €/KG","img":"https://fd11-photos.leclercdrive.fr/image.ashx?id=2904556&use=l&cat=p&typeid=i","cat":315229},{"id":31933,"n":"Laque Iroise Fixation forte 300ml","p":1.95,"u":"6,50 €/L","img":"https://fd11-photos.leclercdrive.fr/image.ashx?id=2930346&use=l&cat=p&typeid=i","cat":284609},{"id":31941,"n":"IGP Ardèche rouge Pont d'Arc 13.5% vol - BIB 5L","p":11.42,"u":"2,28 €/L","img":"https://fd11-photos.leclercdrive.fr/image.ashx?id=2527913&use=l&cat=p&typeid=i","cat":289560},{"id":31976,"n":"Sucre vanillé bio Bio Village 6x7.5g","p":1.85,"u":"41,11 €/KG","img":"https://fd11-photos.leclercdrive.fr/image.ashx?id=2895801&use=l&cat=p&typeid=i","cat":294686},{"id":31983,"n":"Cidre rosé Les Goelleries 2.5%vol. - 75cl","p":2.29,"u":"3,05 €/L","img":"https://fd11-photos.leclercdrive.fr/image.ashx?id=2842295&use=l&cat=p&typeid=i","cat":334880},{"id":31988,"n":"Sachet repas chat Tous mes amis Poissons en gelée - 4x100g","p":1.33,"u":"3,33 €/KG","img":"https://fd11-photos.leclercdrive.fr/image.ashx?id=2043002&use=l&cat=p&typeid=i","cat":285286},{"id":32059,"n":"Sachet repas chat Tous mes amis Viande en geléé - 12x100g","p":3.65,"u":"3,04 €/KG","img":"https://fd11-photos.leclercdrive.fr/image.ashx?id=2027598&use=l&cat=p&typeid=i","cat":285286},{"id":32064,"n":"Mousse à raser Carré Homme Sensible - 250ml","p":1.39,"u":"5,56 €/L","img":"https://fd11-photos.leclercdrive.fr/image.ashx?id=2704681&use=l&cat=p&typeid=i","cat":284617},{"id":32065,"n":"Couches bébé Mots d'Enfants T4 Douceur - 7/18kg - x74 changes","p":10.6,"u":"0,14 €/P","img":"https://fd11-photos.leclercdrive.fr/image.ashx?id=2907192&use=l&cat=p&typeid=i","cat":284737},{"id":32093,"n":"Poulet rôti Marie Pommes de terres fondantes 900g","p":4.89,"u":"5,43 €/KG","img":"https://fd11-photos.leclercdrive.fr/image.ashx?id=2996788&use=l&cat=p&typeid=i","cat":284254},{"id":32098,"n":"Biscuits Dinosaurus Lotus  Chocolat noir - 225g","p":1.94,"u":"8,62 €/KG","img":"https://fd11-photos.leclercdrive.fr/image.ashx?id=2859812&use=l&cat=p&typeid=i","cat":284488},{"id":32125,"n":"Mélange Fruité Tokapi Fruits et graines - 110g","p":1.65,"u":"15,00 €/KG","img":"https://fd11-photos.leclercdrive.fr/image.ashx?id=2794003&use=l&cat=p&typeid=i","cat":284448},{"id":32152,"n":"Ardoise double face Esquisse Rouge - Feutre et effacette","p":1.55,"img":"https://fd11-photos.leclercdrive.fr/image.ashx?id=2943334&use=l&cat=p&typeid=i","cat":334133},{"id":32183,"n":"Couches bébé Mots d'Enfants T4+ Douceur - 9/20kg - x70 changes","p":10.8,"u":"0,15 €/P","img":"https://fd11-photos.leclercdrive.fr/image.ashx?id=2904574&use=l&cat=p&typeid=i","cat":284737},{"id":32186,"n":"Couches bébé Mots d'Enfants T5 Douceur - 11/25kg - x66","p":10.7,"u":"0,16 €/P","img":"https://fd11-photos.leclercdrive.fr/image.ashx?id=2907195&use=l&cat=p&typeid=i","cat":284737},{"id":32202,"n":"Couches bébé Mots d'Enfants T3 Douceur - 4/9kg - x90 changes","p":11.4,"u":"0,13 €/P","img":"https://fd11-photos.leclercdrive.fr/image.ashx?id=2904571&use=l&cat=p&typeid=i","cat":284737},{"id":32247,"n":"Baguette Tradition 3x250g + 1 baguette offerte","p":2.46,"u":"2,46 €/KG","img":"https://fd11-photos.leclercdrive.fr/image.ashx?id=2442057&use=l&cat=p&typeid=i","cat":284359},{"id":32267,"n":"Emmental fromage rapé Les Croisés - 325g","p":2.65,"u":"8,15 €/KG","img":"https://fd11-photos.leclercdrive.fr/image.ashx?id=2942786&use=l&cat=p&typeid=i","cat":314035},{"id":32268,"n":"Bûche de chèvre Les Croisés Non affiné 19%mg - 150g","p":1.89,"u":"12,60 €/KG","img":"https://fd11-photos.leclercdrive.fr/image.ashx?id=2919613&use=l&cat=p&typeid=i","cat":314031},{"id":32271,"n":"Pizza Turini Jambon emmental - 200g","p":1.22,"u":"6,10 €/KG","img":"https://fd11-photos.leclercdrive.fr/image.ashx?id=3010581&use=l&cat=p&typeid=i","cat":333679},{"id":32293,"n":"Sucre de canne Tablier Blanc Cassonade 750g","p":1.55,"u":"2,07 €/KG","img":"https://fd11-photos.leclercdrive.fr/image.ashx?id=2501676&use=l&cat=p&typeid=i","cat":284502},{"id":32301,"n":"Biscuit Petit beurre P'tit Déli Tablette chocolat blanc - 150g","p":1.49,"u":"9,93 €/KG","img":"https://fd11-photos.leclercdrive.fr/image.ashx?id=2517772&use=l&cat=p&typeid=i","cat":284488},{"id":32304,"n":"Aubergines Notre Jardin Grillées 600g","p":3.49,"u":"5,82 €/KG","img":"https://fd11-photos.leclercdrive.fr/image.ashx?id=2873132&use=l&cat=p&typeid=i","cat":319805},{"id":32339,"n":"Sirop Frucci Pamplemousse Rose - 75cl","p":3.65,"u":"4,87 €/L","img":"https://fd11-photos.leclercdrive.fr/image.ashx?id=2909900&use=l&cat=p&typeid=i","cat":295020},{"id":32352,"n":"Emmental fromage râpé bio Bio village - 200g","p":2.31,"u":"11,55 €/KG","img":"https://fd11-photos.leclercdrive.fr/image.ashx?id=1972558&use=l&cat=p&typeid=i","cat":314035},{"id":32353,"n":"Mozzarella Les Croisés - 3x125g","p":2.75,"u":"7,33 €/KG","img":"https://fd11-photos.leclercdrive.fr/image.ashx?id=2822126&use=l&cat=p&typeid=i","cat":314026},{"id":32357,"n":"Yaourts en gourde Délisse 3 Abricots + 3 Fraises - 6x90g","p":2.89,"u":"5,35 €/KG","img":"https://fd11-photos.leclercdrive.fr/image.ashx?id=2699565&use=l&cat=p&typeid=i","cat":284415},{"id":32371,"n":"Petits pots  Babybio Bio Carotte quinoa - 8mois 2x200g","p":2.56,"u":"6,40 €/KG","img":"https://fd11-photos.leclercdrive.fr/image.ashx?id=2834512&use=l&cat=p&typeid=i","cat":312239},{"id":32372,"n":"Petits pots Babybio Bio Légumes veau - 8 mois 2x200g","p":2.83,"u":"7,08 €/KG","img":"https://fd11-photos.leclercdrive.fr/image.ashx?id=2838308&use=l&cat=p&typeid=i","cat":312236},{"id":32373,"n":"Petits pots Babybio Bio Légume canard - 8mois 2x200g","p":3.21,"u":"16,05 €/KG","img":"https://fd11-photos.leclercdrive.fr/image.ashx?id=2912200&use=l&cat=p&typeid=i","cat":312236},{"id":32380,"n":"Farine de blé Eco+ 1kg","p":0.54,"u":"0,54 €/KG","img":"https://fd11-photos.leclercdrive.fr/image.ashx?id=2659774&use=l&cat=p&typeid=i","cat":284503},{"id":32387,"n":"Ratatouille Notre Jardin A la provençale - 375g","p":1.06,"u":"2,83 €/KG","img":"https://fd11-photos.leclercdrive.fr/image.ashx?id=2526294&use=l&cat=p&typeid=i","cat":312612},{"id":32390,"n":"Cuisse poulet jaune Volandrie x2 - 500g","p":2.85,"u":"5,70 €/KG","img":"https://fd11-photos.leclercdrive.fr/image.ashx?id=2804187&use=l&cat=p&typeid=i","cat":284336},{"id":32393,"n":"Filet de poulet St Charmin Blanc Val de Loire x2 - 240g","p":5.49,"u":"22,88 €/KG","img":"https://fd11-photos.leclercdrive.fr/image.ashx?id=1921506&use=l&cat=p&typeid=i","cat":284336},{"id":32395,"n":"Vinaigre blanc d'alcool Fuchs Incolore - 1L","p":0.54,"u":"0,54 €/L","img":"https://fd11-photos.leclercdrive.fr/image.ashx?id=2545231&use=l&cat=p&typeid=i","cat":325365},{"id":32422,"n":"Poulet rôti Purée à l'ancienne La Cuisine d'Océane 300g","p":2.68,"u":"8,93 €/KG","img":"https://fd11-photos.leclercdrive.fr/image.ashx?id=2962377&use=l&cat=p&typeid=i","cat":284953},{"id":32436,"n":"AOP Côtes du Rhône rosé Cellier des Dauphins - BIB 3L","p":10.78,"u":"3,59 €/L","img":"https://fd11-photos.leclercdrive.fr/image.ashx?id=2829985&use=l&cat=p&typeid=i","cat":289560},{"id":32444,"n":"AOP Cabernet d'Anjou vin rosé  Soupçon de Fruit  - 75cl","p":4.89,"u":"6,52 €/L","img":"https://fd11-photos.leclercdrive.fr/image.ashx?id=2432388&use=l&cat=p&typeid=i","cat":289558},{"id":32479,"n":"Culotte absorbante Tena Taille L - Plus - x8","p":8.16,"u":"1,02 €/P","img":"https://fd11-photos.leclercdrive.fr/image.ashx?id=2428585&use=l&cat=p&typeid=i","cat":284628},{"id":32492,"n":"Crème glacée L'Angelys Vanille - 450g","p":5.09,"u":"11,31 €/KG","img":"https://fd11-photos.leclercdrive.fr/image.ashx?id=2963574&use=l&cat=p&typeid=i","cat":284263},{"id":32493,"n":"Crème glacée L'Angelys Caramel beurre salé - 450g","p":5.21,"u":"11,58 €/KG","img":"https://fd11-photos.leclercdrive.fr/image.ashx?id=2883188&use=l&cat=p&typeid=i","cat":284263},{"id":32497,"n":"Recharge Savon Mains Dettol Parfum Citron 250ml","p":1.93,"u":"7,72 €/L","img":"https://fd11-photos.leclercdrive.fr/image.ashx?id=2962020&use=l&cat=p&typeid=i","cat":284597},{"id":32516,"n":"Saumon fumé Bio Bio Village Atlantique x4T - 120g","p":5.77,"u":"48,08 €/KG","img":"https://fd11-photos.leclercdrive.fr/image.ashx?id=2181831&use=l&cat=p&typeid=i","cat":285188},{"id":32523,"n":"Endive  1 p","p":0.5,"img":"https://fd11-photos.leclercdrive.fr/image.ashx?id=657630&use=l&cat=p&typeid=i","cat":284352},{"id":32555,"n":"Fromage Maasdam Les Croisés tranches x14 - 27.1%mg - 350g","p":3.23,"u":"9,23 €/KG","img":"https://fd11-photos.leclercdrive.fr/image.ashx?id=2026322&use=l&cat=p&typeid=i","cat":314028},{"id":32558,"n":"Mimolette Les Croisés 23.7%mg portion - 250g","p":2.97,"u":"11,88 €/KG","img":"https://fd11-photos.leclercdrive.fr/image.ashx?id=2796049&use=l&cat=p&typeid=i","cat":314034},{"id":32631,"n":"Biscuits palmier Bio Village Bio - 100g","p":1.27,"u":"12,70 €/KG","img":"https://fd11-photos.leclercdrive.fr/image.ashx?id=2610729&use=l&cat=p&typeid=i","cat":284487},{"id":32643,"n":"Pruneaux d'Agen Couleurs Vives Dénoyautés - 500g","p":3.99,"u":"7,98 €/KG","img":"https://fd11-photos.leclercdrive.fr/image.ashx?id=2124107&use=l&cat=p&typeid=i","cat":284357},{"id":32660,"n":"Rutabaga La pièce  1 p","p":0.8,"img":"https://fd11-photos.leclercdrive.fr/image.ashx?id=1632596&use=l&cat=p&typeid=i","cat":284352},{"id":32707,"n":"Poisson pané  Cabillaud Findus MSC x4 - 400g","p":6.65,"u":"16,63 €/KG","img":"https://fd11-photos.leclercdrive.fr/image.ashx?id=2650666&use=l&cat=p&typeid=i","cat":319788},{"id":32724,"n":"Pain grillé bio Bio Village Céréales et graines - 225g","p":1.59,"u":"7,07 €/KG","img":"https://fd11-photos.leclercdrive.fr/image.ashx?id=2595119&use=l&cat=p&typeid=i","cat":284479},{"id":32728,"n":"Lait demi écrémé Eco+ Brique 1L","p":0.92,"u":"0,92 €/L","img":"https://fd11-photos.leclercdrive.fr/image.ashx?id=2865035&use=l&cat=p&typeid=i","cat":284377},{"id":32730,"n":"Filets de merlu blanc Meunière Cité Marine MSC - 220g","p":4.05,"u":"18,41 €/KG","img":"https://fd11-photos.leclercdrive.fr/image.ashx?id=2298088&use=l&cat=p&typeid=i","cat":284344},{"id":32802,"n":"Coeur de laitue Florette Florette - 320g","p":2.73,"u":"8,53 €/KG","img":"https://fd11-photos.leclercdrive.fr/image.ashx?id=2090057&use=l&cat=p&typeid=i","cat":284353},{"id":32804,"n":"Poulet jaune St Charmin Val de Loire - 1.25kg","p":8.99,"u":"7,19 €/KG","img":"https://fd11-photos.leclercdrive.fr/image.ashx?id=2907078&use=l&cat=p&typeid=i","cat":284336},{"id":32809,"n":"Filets de poulet St Charmin Val de Loire x2 - 240g","p":5.49,"u":"22,88 €/KG","img":"https://fd11-photos.leclercdrive.fr/image.ashx?id=2933310&use=l&cat=p&typeid=i","cat":284336},{"id":32817,"n":"Eau minérale Mont Blanc 6x1.5L","p":2.88,"u":"0,32 €/L","img":"https://fd11-photos.leclercdrive.fr/image.ashx?id=2401110&use=l&cat=p&typeid=i","cat":284535},{"id":32829,"n":"Litière chats Tous mes Amis Optimale - 5L","p":4.5,"u":"0,90 €/L","img":"https://fd11-photos.leclercdrive.fr/image.ashx?id=2055220&use=l&cat=p&typeid=i","cat":284683},{"id":32901,"n":"Escalopes de dinde Volandrie x2 - 240g","p":3.49,"u":"14,54 €/KG","img":"https://fd11-photos.leclercdrive.fr/image.ashx?id=2048860&use=l&cat=p&typeid=i","cat":284337},{"id":32902,"n":"Escalope de dinde Volandrie Extra fines x2 - 240g","p":3.49,"u":"14,54 €/KG","img":"https://fd11-photos.leclercdrive.fr/image.ashx?id=2048863&use=l&cat=p&typeid=i","cat":284337},{"id":32949,"n":"Gel Douche Fa Cap tonique mixte flacon- 250ml","p":1.58,"u":"6,32 €/L","img":"https://fd11-photos.leclercdrive.fr/image.ashx?id=2995418&use=l&cat=p&typeid=i","cat":284594},{"id":32954,"n":"Bûche glacée Eskiss Poire Chocolat - 549g","p":3.89,"u":"7,09 €/KG","img":"https://fd11-photos.leclercdrive.fr/image.ashx?id=2791302&use=l&cat=p&typeid=i","cat":284266},{"id":32957,"n":"Poitrine fumée Herta 2x100g","p":2.97,"u":"14,85 €/KG","img":"https://fd11-photos.leclercdrive.fr/image.ashx?id=2787773&use=l&cat=p&typeid=i","cat":316011},{"id":32969,"n":"Mousse à raser Carré Homme Menthol 250ml","p":1.39,"u":"5,56 €/L","img":"https://fd11-photos.leclercdrive.fr/image.ashx?id=2704705&use=l&cat=p&typeid=i","cat":284617},{"id":32970,"n":"Lingettes Bionaïa Démaquillantes Bio x25","p":1.04,"u":"0,04 €/P","img":"https://fd11-photos.leclercdrive.fr/image.ashx?id=2376025&use=l&cat=p&typeid=i","cat":284603},{"id":32973,"n":"Eau micellaire Inell 500ml","p":2.36,"u":"4,72 €/L","img":"https://fd11-photos.leclercdrive.fr/image.ashx?id=1938870&use=l&cat=p&typeid=i","cat":284603},{"id":32982,"n":"Pâtes coquillettes Turini Les 3 min - 1kg","p":1.43,"u":"1,43 €/KG","img":"https://fd11-photos.leclercdrive.fr/image.ashx?id=2607530&use=l&cat=p&typeid=i","cat":284427},{"id":32985,"n":"Riz long Comptoir du Grain Cuisson rapide - 2kg","p":3.36,"u":"1,68 €/KG","img":"https://fd11-photos.leclercdrive.fr/image.ashx?id=2226197&use=l&cat=p&typeid=i","cat":284428},{"id":32986,"n":"Pâtes penne Turini Les 3 min - 500g","p":0.99,"u":"1,98 €/KG","img":"https://fd11-photos.leclercdrive.fr/image.ashx?id=2744240&use=l&cat=p&typeid=i","cat":284427},{"id":33019,"n":"Crème Nourrissante Nivea Visage Corps Mains - 150ml","p":1.95,"u":"13,00 €/L","img":"https://fd11-photos.leclercdrive.fr/image.ashx?id=2600536&use=l&cat=p&typeid=i","cat":325350},{"id":33036,"n":"Beurre allégé Les Croisés Doux - 60% MG - 250g","p":1.87,"u":"7,48 €/KG","img":"https://fd11-photos.leclercdrive.fr/image.ashx?id=2893319&use=l&cat=p&typeid=i","cat":284379},{"id":33043,"n":"Granulés de bois Woodstock Sac - 15kg","p":4.65,"u":"0,31 €/KG","img":"https://fd11-photos.leclercdrive.fr/image.ashx?id=2981220&use=l&cat=p&typeid=i","cat":300577},{"id":33046,"n":"Tuiles Tokapi Epicé - 170g","p":1.39,"u":"8,18 €/KG","img":"https://fd11-photos.leclercdrive.fr/image.ashx?id=2641277&use=l&cat=p&typeid=i","cat":287899},{"id":33049,"n":"Salade Notre Jardin Laitue iceberg - 90g","p":0.59,"u":"6,56 €/KG","img":"https://fd11-photos.leclercdrive.fr/image.ashx?id=2662586&use=l&cat=p&typeid=i","cat":284353},{"id":33097,"n":"Steak haché façon bouchère 560g Férial - 15%mg - X4","p":9.45,"u":"16,88 €/KG","img":"https://fd11-photos.leclercdrive.fr/image.ashx?id=3004660&use=l&cat=p&typeid=i","cat":319778},{"id":33098,"n":"Viande hachée Férial 15%mg - 400G","p":5.49,"u":"13,73 €/KG","img":"https://fd11-photos.leclercdrive.fr/image.ashx?id=2966517&use=l&cat=p&typeid=i","cat":319779},{"id":33151,"n":"Préparation culinaire Soja Délisse - 5%mg - 3x20cl","p":1.89,"u":"3,15 €/L","img":"https://fd11-photos.leclercdrive.fr/image.ashx?id=2852115&use=l&cat=p&typeid=i","cat":316069},{"id":33197,"n":"Café moulu Plantation Colombie - 250g","p":3.87,"u":"15,48 €/KG","img":"https://fd11-photos.leclercdrive.fr/image.ashx?id=2824268&use=l&cat=p&typeid=i","cat":284750},{"id":33201,"n":"Sirop Eco+ Pêche - 1L","p":2.58,"u":"2,58 €/L","img":"https://fd11-photos.leclercdrive.fr/image.ashx?id=2901422&use=l&cat=p&typeid=i","cat":295020},{"id":33219,"n":"Truite fumée Ovive Aquitaine 4 tranches - 120g","p":5.82,"u":"48,50 €/KG","img":"https://fd11-photos.leclercdrive.fr/image.ashx?id=2996941&use=l&cat=p&typeid=i","cat":285188},{"id":33252,"n":"Mini feuilletés Côté Table Escargot x16 - 170g","p":5.49,"u":"32,29 €/KG","img":"https://fd11-photos.leclercdrive.fr/image.ashx?id=2600408&use=l&cat=p&typeid=i","cat":319774},{"id":33255,"n":"Pâtes farfalle Turini Les 3 min - 500g","p":1.07,"u":"2,14 €/KG","img":"https://fd11-photos.leclercdrive.fr/image.ashx?id=2669723&use=l&cat=p&typeid=i","cat":284427},{"id":33256,"n":"Sachet cuisson Rustica Poulet herbes de provence - 34g","p":0.6,"u":"17,65 €/KG","img":"https://fd11-photos.leclercdrive.fr/image.ashx?id=2980674&use=l&cat=p&typeid=i","cat":288380},{"id":33258,"n":"Sachet cuisson Rustica Poulet ail et oignon - 36g","p":0.59,"u":"16,39 €/KG","img":"https://fd11-photos.leclercdrive.fr/image.ashx?id=1886680&use=l&cat=p&typeid=i","cat":288380},{"id":33259,"n":"Sachet cuisson Rustica Poulet paprika et tomates - 34g","p":0.67,"u":"19,71 €/KG","img":"https://fd11-photos.leclercdrive.fr/image.ashx?id=2578632&use=l&cat=p&typeid=i","cat":288380},{"id":33260,"n":"Sachet cuisson Rustica Porc goût barbecue - 28g","p":0.61,"u":"21,79 €/KG","img":"https://fd11-photos.leclercdrive.fr/image.ashx?id=1886677&use=l&cat=p&typeid=i","cat":288380},{"id":33262,"n":"Céréales Corn Flakes Kellogg's 500g","p":2.38,"u":"4,76 €/KG","img":"https://fd11-photos.leclercdrive.fr/image.ashx?id=2522005&use=l&cat=p&typeid=i","cat":309513},{"id":33266,"n":"Céréales Smacks Kellogg's 400g","p":2.3,"u":"5,75 €/KG","img":"https://fd11-photos.leclercdrive.fr/image.ashx?id=2584235&use=l&cat=p&typeid=i","cat":309513},{"id":33269,"n":"Pommes de terre Pom'lisse Grenaille - 450g","p":2.49,"u":"5,53 €/KG","img":"https://fd11-photos.leclercdrive.fr/image.ashx?id=2704708&use=l&cat=p&typeid=i","cat":319792},{"id":33274,"n":"Pâtes spaghetti Turini Les 3 min - 1kg","p":1.55,"u":"1,55 €/KG","img":"https://fd11-photos.leclercdrive.fr/image.ashx?id=2607533&use=l&cat=p&typeid=i","cat":284427},{"id":33292,"n":"Pruneaux d'Agen Couleurs Vives Dénoyautés - 1kg","p":7.89,"u":"7,89 €/KG","img":"https://fd11-photos.leclercdrive.fr/image.ashx?id=2128537&use=l&cat=p&typeid=i","cat":284357},{"id":33293,"n":"Pruneaux d'Agen Couleurs Vives Pasteurisés - 500g","p":3.39,"u":"6,78 €/KG","img":"https://fd11-photos.leclercdrive.fr/image.ashx?id=2890009&use=l&cat=p&typeid=i","cat":284357},{"id":33299,"n":"Sérum physiologique Mots d'Enfants 5ml x40","p":2.19,"u":"10,95 €/L","img":"https://fd11-photos.leclercdrive.fr/image.ashx?id=3014209&use=l&cat=p&typeid=i","cat":284741},{"id":33304,"n":"Soja cuisine Bio Village Fluide bio - 3x20cl","p":1.61,"u":"2,68 €/L","img":"https://fd11-photos.leclercdrive.fr/image.ashx?id=2493679&use=l&cat=p&typeid=i","cat":316069},{"id":33306,"n":"Sucre pure canne Bio Village En poudre bio - 500g","p":1.66,"u":"3,32 €/KG","img":"https://fd11-photos.leclercdrive.fr/image.ashx?id=2115878&use=l&cat=p&typeid=i","cat":284502},{"id":33335,"n":"Eau nettoyante Mots d'Enfants Hydratante - 750ml","p":3.15,"u":"4,20 €/L","img":"https://fd11-photos.leclercdrive.fr/image.ashx?id=3015075&use=l&cat=p&typeid=i","cat":284741},{"id":33336,"n":"Gel lavant bébé Mots d'Enfants Corps et cheveux - 750ml","p":3.15,"u":"4,20 €/L","img":"https://fd11-photos.leclercdrive.fr/image.ashx?id=3014224&use=l&cat=p&typeid=i","cat":284740},{"id":33399,"n":"Pâte d'amande 40% Vahiné Tricolore 150g","p":1.96,"u":"13,07 €/KG","img":"https://fd11-photos.leclercdrive.fr/image.ashx?id=2014370&use=l&cat=p&typeid=i","cat":284504},{"id":33594,"n":"Cacahuètes  Benenuts Grillées salées - 220g","p":1.31,"u":"5,95 €/KG","img":"https://fd11-photos.leclercdrive.fr/image.ashx?id=2418762&use=l&cat=p&typeid=i","cat":284448},{"id":33595,"n":"Monster Munch Salé - 85g","p":0.96,"u":"11,29 €/KG","img":"https://fd11-photos.leclercdrive.fr/image.ashx?id=2971598&use=l&cat=p&typeid=i","cat":284449},{"id":33596,"n":"Monster Munch Jambon fromage - 85g","p":1.04,"u":"12,24 €/KG","img":"https://fd11-photos.leclercdrive.fr/image.ashx?id=2971604&use=l&cat=p&typeid=i","cat":284449},{"id":33600,"n":"Monster Munch Ketchup - 85g","p":1.05,"u":"12,35 €/KG","img":"https://fd11-photos.leclercdrive.fr/image.ashx?id=2996932&use=l&cat=p&typeid=i","cat":284449},{"id":33667,"n":"Crème de cassis Auguste Mugniot 15%vol. - 70cl","p":4.89,"u":"6,99 €/L","img":"https://fd11-photos.leclercdrive.fr/image.ashx?id=1211501&use=l&cat=p&typeid=i","cat":286032},{"id":33680,"n":"Croquettes grands chiens Lydog Boeuf Volaille - 14.5kg","p":18.7,"u":"1,29 €/KG","img":"https://fd11-photos.leclercdrive.fr/image.ashx?id=2054975&use=l&cat=p&typeid=i","cat":284672},{"id":33698,"n":"Cuisse de poulet Maître Coq Jaune avec partie dos 1.4kg","p":6.01,"u":"4,29 €/KG","img":"https://fd11-photos.leclercdrive.fr/image.ashx?id=2551129&use=l&cat=p&typeid=i","cat":284336},{"id":33718,"n":"Pain de seigle tranché  300g","p":1.2,"u":"4,00 €/KG","img":"https://fd11-photos.leclercdrive.fr/image.ashx?id=2063017&use=l&cat=p&typeid=i","cat":284359},{"id":33745,"n":"IGP Pays d'Oc rosé Cinsault  Syrah Ormes de Cambras - BIB 5L","p":13.85,"u":"2,77 €/L","img":"https://fd11-photos.leclercdrive.fr/image.ashx?id=2445118&use=l&cat=p&typeid=i","cat":289560},{"id":33749,"n":"IGP Terres du Midi Listel Vin rosé 12% vol - BIB 3L","p":12.34,"u":"4,11 €/L","img":"https://fd11-photos.leclercdrive.fr/image.ashx?id=2883468&use=l&cat=p&typeid=i","cat":289560},{"id":33773,"n":"Biscuits petit dej P'tit Déli  Multi céréales - 400g","p":1.84,"u":"4,60 €/KG","img":"https://fd11-photos.leclercdrive.fr/image.ashx?id=2999505&use=l&cat=p&typeid=i","cat":284491},{"id":33792,"n":"Crème mains bio Bio NaÏa Hydratante - 100ml","p":1.99,"u":"19,90 €/L","img":"https://fd11-photos.leclercdrive.fr/image.ashx?id=2558811&use=l&cat=p&typeid=i","cat":325354},{"id":33801,"n":"Crème protectrice - change Mots d'Enfants - 100ml","p":1.99,"u":"19,90 €/L","img":"https://fd11-photos.leclercdrive.fr/image.ashx?id=2320468&use=l&cat=p&typeid=i","cat":284741},{"id":33805,"n":"Lingettes désinfectantes Clair Anti-bactériennes x40","p":1.05,"u":"0,03 €/P","img":"https://fd11-photos.leclercdrive.fr/image.ashx?id=2768095&use=l&cat=p&typeid=i","cat":325358},{"id":33809,"n":"Sachet fraîcheur chat Sheba  Poissons en sauce - 12x85g","p":4.8,"u":"4,71 €/KG","img":"https://fd11-photos.leclercdrive.fr/image.ashx?id=2759631&use=l&cat=p&typeid=i","cat":285286},{"id":33811,"n":"Pastis de Marseille 45%vol - 1L","p":16.35,"u":"16,35 €/L","img":"https://fd11-photos.leclercdrive.fr/image.ashx?id=2637817&use=l&cat=p&typeid=i","cat":284548},{"id":33819,"n":"Friandises chien Pedigree  Rodeo bœuf x4 - 70g","p":0.77,"u":"11,00 €/KG","img":"https://fd11-photos.leclercdrive.fr/image.ashx?id=2997202&use=l&cat=p&typeid=i","cat":294527},{"id":33820,"n":"Friandises chat Catisfactions Saumon - 60g","p":1.08,"u":"18,00 €/KG","img":"https://fd11-photos.leclercdrive.fr/image.ashx?id=2912605&use=l&cat=p&typeid=i","cat":285285},{"id":33847,"n":"Pur jus multifruits Jafaden Orange Ananas Mangue - 1L","p":2.29,"u":"2,29 €/L","img":"https://fd11-photos.leclercdrive.fr/image.ashx?id=2841160&use=l&cat=p&typeid=i","cat":284917},{"id":33849,"n":"Shampooing bio Bio naïa 250ml","p":1.8,"u":"7,20 €/L","img":"https://fd11-photos.leclercdrive.fr/image.ashx?id=2822117&use=l&cat=p&typeid=i","cat":284606},{"id":33850,"n":"Eponges multi-usage Mamison Vertes - X6","p":1.75,"u":"0,29 €/P","img":"https://fd11-photos.leclercdrive.fr/image.ashx?id=2175768&use=l&cat=p&typeid=i","cat":284667},{"id":33852,"n":"Cubes allume-feu Silex x72 cubes","p":3.05,"u":"0,04 €/P","img":"https://fd11-photos.leclercdrive.fr/image.ashx?id=1304486&use=l&cat=p&typeid=i","cat":300578},{"id":33882,"n":"Farfalle Bio Village Bio Au blé complet - 500g","p":1.95,"u":"3,90 €/KG","img":"https://fd11-photos.leclercdrive.fr/image.ashx?id=2625373&use=l&cat=p&typeid=i","cat":284427},{"id":33885,"n":"Olives noires  Rustica Dénoyautées - 180g","p":1.23,"u":"6,83 €/KG","img":"https://fd11-photos.leclercdrive.fr/image.ashx?id=1698893&use=l&cat=p&typeid=i","cat":284458},{"id":33887,"n":"Pains grillés complet Epi d'or 400g","p":1.57,"u":"3,93 €/KG","img":"https://fd11-photos.leclercdrive.fr/image.ashx?id=2555943&use=l&cat=p&typeid=i","cat":284479},{"id":33889,"n":"Pain précuit Epi d'or Petits pains x6 - 300g","p":0.99,"u":"3,30 €/KG","img":"https://fd11-photos.leclercdrive.fr/image.ashx?id=1905869&use=l&cat=p&typeid=i","cat":325069},{"id":33893,"n":"Penne Bio Village  Bio - 500g","p":0.89,"u":"1,78 €/KG","img":"https://fd11-photos.leclercdrive.fr/image.ashx?id=2625370&use=l&cat=p&typeid=i","cat":284427},{"id":33910,"n":"Biscuit Petit beurre P'tit Déli Chocolat noir pocket - 250g","p":2.39,"u":"9,56 €/KG","img":"https://fd11-photos.leclercdrive.fr/image.ashx?id=2919616&use=l&cat=p&typeid=i","cat":284488},{"id":33917,"n":"Thon entier Pêche Océan Huile d'olive - 160g","p":2.29,"u":"14,31 €/KG","img":"https://fd11-photos.leclercdrive.fr/image.ashx?id=2942199&use=l&cat=p&typeid=i","cat":303867},{"id":33918,"n":"Pâtes torsettes Turini Blé complet - 500g","p":0.99,"u":"1,98 €/KG","img":"https://fd11-photos.leclercdrive.fr/image.ashx?id=2607527&use=l&cat=p&typeid=i","cat":284427},{"id":33924,"n":"Betterave Notre Jardin Rouge entière - 250g","p":0.65,"u":"2,60 €/KG","img":"https://fd11-photos.leclercdrive.fr/image.ashx?id=2587106&use=l&cat=p&typeid=i","cat":284352},{"id":33989,"n":"Coq au vin Côté Table 400g","p":2.54,"u":"6,35 €/KG","img":"https://fd11-photos.leclercdrive.fr/image.ashx?id=2977876&use=l&cat=p&typeid=i","cat":284441},{"id":34006,"n":"Boisson aux fruits Capri Sun Tropical - 10x20cl","p":3.38,"u":"1,69 €/L","img":"https://fd11-photos.leclercdrive.fr/image.ashx?id=2506399&use=l&cat=p&typeid=i","cat":295018},{"id":34106,"n":"Dosettes café Plantation  Classique - x36 - 250g","p":3.72,"u":"14,88 €/KG","img":"https://fd11-photos.leclercdrive.fr/image.ashx?id=2622109&use=l&cat=p&typeid=i","cat":293238},{"id":34107,"n":"Dosettes café Plantation  Corsé - x36 - 250g","p":3.72,"u":"14,88 €/KG","img":"https://fd11-photos.leclercdrive.fr/image.ashx?id=2622112&use=l&cat=p&typeid=i","cat":293238},{"id":34176,"n":"Bouillon de légumes Jardin Bio' Bio cube sans huile palme x10","p":1.9,"u":"21,11 €/KG","img":"https://fd11-photos.leclercdrive.fr/image.ashx?id=2990844&use=l&cat=p&typeid=i","cat":288379},{"id":34177,"n":"Effilés aux legumes Purina One Poulet / Boeufs - 4x85g","p":2.11,"u":"6,21 €/KG","img":"https://fd11-photos.leclercdrive.fr/image.ashx?id=2467483&use=l&cat=p&typeid=i","cat":285286},{"id":34178,"n":"Sachet repas chats Purina One Viandes et Poissons - 4x85g","p":2.12,"u":"6,24 €/KG","img":"https://fd11-photos.leclercdrive.fr/image.ashx?id=2467486&use=l&cat=p&typeid=i","cat":285286},{"id":34183,"n":"Tortilla Tables du monde Oignons 500g","p":2.89,"u":"5,78 €/KG","img":"https://fd11-photos.leclercdrive.fr/image.ashx?id=794123&use=l&cat=p&typeid=i","cat":333673},{"id":34185,"n":"Filets poulet jaune Maitre coq 600g","p":6.51,"u":"10,85 €/KG","img":"https://fd11-photos.leclercdrive.fr/image.ashx?id=2551159&use=l&cat=p&typeid=i","cat":284336},{"id":34196,"n":"Gratin Fleury Michon Choux-fleur jambon 280g","p":2.84,"u":"10,14 €/KG","img":"https://fd11-photos.leclercdrive.fr/image.ashx?id=3003293&use=l&cat=p&typeid=i","cat":333665},{"id":34203,"n":"Tortilla Tables du monde Nature 500g","p":2.89,"u":"5,78 €/KG","img":"https://fd11-photos.leclercdrive.fr/image.ashx?id=654051&use=l&cat=p&typeid=i","cat":333673},{"id":34241,"n":"Manchons de poulet Côté Croc Barbecue - 250g","p":2.49,"u":"9,96 €/KG","img":"https://fd11-photos.leclercdrive.fr/image.ashx?id=2560482&use=l&cat=p&typeid=i","cat":333685},{"id":34327,"n":"Dosettes café Plantation Noisette - x10 - 70g","p":1.82,"u":"26,00 €/KG","img":"https://fd11-photos.leclercdrive.fr/image.ashx?id=2664578&use=l&cat=p&typeid=i","cat":293238},{"id":34333,"n":"Boisson à base de vin rosé Very Framboise - 75cl","p":3.15,"u":"4,20 €/L","img":"https://fd11-photos.leclercdrive.fr/image.ashx?id=2446632&use=l&cat=p&typeid=i","cat":304569},{"id":34334,"n":"Boisson à base de vin blanc  Very Pech'- Pêche - 75cl","p":3.19,"u":"4,25 €/L","img":"https://fd11-photos.leclercdrive.fr/image.ashx?id=2443874&use=l&cat=p&typeid=i","cat":304569},{"id":34361,"n":"Préparation pain Tablier Blanc Farine pour pain nature - 1kg","p":1.35,"u":"1,35 €/KG","img":"https://fd11-photos.leclercdrive.fr/image.ashx?id=2832951&use=l&cat=p&typeid=i","cat":284503},{"id":34406,"n":"Dosettes café Plantation  Décaféiné - x36 - 250g","p":3.99,"u":"15,96 €/KG","img":"https://fd11-photos.leclercdrive.fr/image.ashx?id=2824274&use=l&cat=p&typeid=i","cat":293238},{"id":34500,"n":"Dosettes café Plantation  Classique - x48 - 336g","p":4.95,"u":"14,73 €/KG","img":"https://fd11-photos.leclercdrive.fr/image.ashx?id=2824271&use=l&cat=p&typeid=i","cat":293238},{"id":34521,"n":"Bière blonde Falsbourg 4.2%vol. - 24x25cl","p":8.55,"u":"1,43 €/L","img":"https://fd11-photos.leclercdrive.fr/image.ashx?id=2637910&use=l&cat=p&typeid=i","cat":334873},{"id":34660,"n":"Pruneaux d'Agen Couleurs Vives Dénoyautés - 250g","p":2.99,"u":"11,96 €/KG","img":"https://fd11-photos.leclercdrive.fr/image.ashx?id=2093129&use=l&cat=p&typeid=i","cat":284357},{"id":34670,"n":"Oignons jaunes Filière Panier du Primeur Filet 1kg","p":1.99,"u":"1,99 €/KG","img":"https://fd11-photos.leclercdrive.fr/image.ashx?id=2953734&use=l&cat=p&typeid=i","cat":284352},{"id":34671,"n":"Echalote traditionnelle filière Panier du Primeur Filet 250g","p":0.99,"u":"3,96 €/KG","img":"https://fd11-photos.leclercdrive.fr/image.ashx?id=2965500&use=l&cat=p&typeid=i","cat":284352},{"id":34672,"n":"Ail blanc Panier du Primeur A mijoter et à confire x3","p":2.99,"u":"1,00 €/P","img":"https://fd11-photos.leclercdrive.fr/image.ashx?id=2958720&use=l&cat=p&typeid=i","cat":284352},{"id":34693,"n":"Briochettes pépites Epi d'Or Chocolat au lait x12 - 500g","p":2.44,"u":"4,88 €/KG","img":"https://fd11-photos.leclercdrive.fr/image.ashx?id=2867913&use=l&cat=p&typeid=i","cat":293505},{"id":34694,"n":"Briochettes pépites Epi d'Or Chocolat - x12 500g","p":2.79,"u":"5,58 €/KG","img":"https://fd11-photos.leclercdrive.fr/image.ashx?id=2867910&use=l&cat=p&typeid=i","cat":293505},{"id":34718,"n":"Épinards à cuire Panier Primeur 400g","p":1.99,"u":"4,98 €/KG","img":"https://fd11-photos.leclercdrive.fr/image.ashx?id=2635538&use=l&cat=p&typeid=i","cat":284353},{"id":34763,"n":"Huile Cheveux Elsève Sublimateur Cheveu sec - 100ml","p":10.49,"u":"104,90 €/L","img":"https://fd11-photos.leclercdrive.fr/image.ashx?id=2870671&use=l&cat=p&typeid=i","cat":284608},{"id":34813,"n":"Thé Britley Citron - x25 - 40g","p":0.88,"u":"22,00 €/KG","img":"https://fd11-photos.leclercdrive.fr/image.ashx?id=2897784&use=l&cat=p&typeid=i","cat":293233},{"id":34841,"n":"Rillettes Tradilège poulet rôti 220g","p":1.79,"u":"8,14 €/KG","img":"https://fd11-photos.leclercdrive.fr/image.ashx?id=2930924&use=l&cat=p&typeid=i","cat":316008},{"id":34845,"n":"IGP Vinaigre balsamique Maille 50cl","p":3.22,"u":"6,44 €/L","img":"https://fd11-photos.leclercdrive.fr/image.ashx?id=2866178&use=l&cat=p&typeid=i","cat":298543},{"id":34887,"n":"Rôti de porc dans le filet 600g","p":4.8,"u":"8,00 €/KG","img":"https://fd11-photos.leclercdrive.fr/image.ashx?id=619042&use=l&cat=p&typeid=i","cat":284331},{"id":34892,"n":"Filet mignon de porc  x2 - 950g","p":15.1,"u":"15,89 €/KG","img":"https://fd11-photos.leclercdrive.fr/image.ashx?id=760077&use=l&cat=p&typeid=i","cat":284331},{"id":34908,"n":"Fromage frais Petit Yoplait Nature 3.8%MG - 6x60g","p":1.33,"u":"3,69 €/KG","img":"https://fd11-photos.leclercdrive.fr/image.ashx?id=2811026&use=l&cat=p&typeid=i","cat":284409},{"id":34952,"n":"Ratatouille à la Provençale NRT 650g","p":3.3,"u":"5,08 €/KG","img":"https://fd11-photos.leclercdrive.fr/image.ashx?id=2791105&use=l&cat=p&typeid=i","cat":312612},{"id":34973,"n":"Bière Trois Monts Grande réserve 9.5%vol. - 75cl","p":2.89,"u":"3,85 €/L","img":"https://fd11-photos.leclercdrive.fr/image.ashx?id=2548376&use=l&cat=p&typeid=i","cat":334852},{"id":34975,"n":"Bière Cuvée des Trolls Blonde - 7.5%vol. - 75cl","p":4.75,"u":"6,33 €/L","img":"https://fd11-photos.leclercdrive.fr/image.ashx?id=2611083&use=l&cat=p&typeid=i","cat":334872},{"id":34982,"n":"Bûche chèvre Soignon 200g","p":2.21,"u":"11,05 €/KG","img":"https://fd11-photos.leclercdrive.fr/image.ashx?id=2995325&use=l&cat=p&typeid=i","cat":314031},{"id":34999,"n":"Nuggets Croustillant Père Dodu  Poulet x10 - 200g","p":2.25,"u":"11,25 €/KG","img":"https://fd11-photos.leclercdrive.fr/image.ashx?id=2956975&use=l&cat=p&typeid=i","cat":333684},{"id":35006,"n":"Aiguillettes canard Volandrie 210g","p":4.85,"u":"23,10 €/KG","img":"https://fd11-photos.leclercdrive.fr/image.ashx?id=2358351&use=l&cat=p&typeid=i","cat":284339},{"id":35008,"n":"Céréales Special K Kellogg's Nature - 750g","p":4.28,"u":"5,71 €/KG","img":"https://fd11-photos.leclercdrive.fr/image.ashx?id=2586288&use=l&cat=p&typeid=i","cat":309512},{"id":35010,"n":"Mélange safran Ducros 14 doses -  8.4g","p":2.97,"u":"371,25 €/KG","img":"https://fd11-photos.leclercdrive.fr/image.ashx?id=2486590&use=l&cat=p&typeid=i","cat":298297},{"id":35018,"n":"Bouillon de poule Jardin Bio' Bio cube sans huile palme - x8","p":1.61,"u":"20,13 €/KG","img":"https://fd11-photos.leclercdrive.fr/image.ashx?id=2535004&use=l&cat=p&typeid=i","cat":288379},{"id":35022,"n":"Cordon bleu Le Gaulois Dinde x4 - 400g","p":4.01,"u":"10,03 €/KG","img":"https://fd11-photos.leclercdrive.fr/image.ashx?id=2860226&use=l&cat=p&typeid=i","cat":333683},{"id":35027,"n":"Dessert fruitier bio Jardin Bio Pomme poire 680g","p":2.53,"u":"3,72 €/KG","img":"https://fd11-photos.leclercdrive.fr/image.ashx?id=2939877&use=l&cat=p&typeid=i","cat":284508},{"id":35034,"n":"Eau minérale gazeuse Perrier  Canettes - 6x33cl","p":2.67,"u":"1,35 €/L","img":"https://fd11-photos.leclercdrive.fr/image.ashx?id=2672554&use=l&cat=p&typeid=i","cat":284536},{"id":35039,"n":"Dosettes café Plantation Corsé - x48 - 336g","p":4.95,"u":"14,73 €/KG","img":"https://fd11-photos.leclercdrive.fr/image.ashx?id=2622115&use=l&cat=p&typeid=i","cat":293238},{"id":35103,"n":"Eau minérale Mont Roucous 6x1L","p":2.6,"u":"0,43 €/L","img":"https://fd11-photos.leclercdrive.fr/image.ashx?id=2970954&use=l&cat=p&typeid=i","cat":284535},{"id":35108,"n":"Bière blonde Affligem 6,7%vol. - 12x25cl","p":9.26,"u":"3,09 €/L","img":"https://fd11-photos.leclercdrive.fr/image.ashx?id=2639405&use=l&cat=p&typeid=i","cat":334852},{"id":35138,"n":"Yaourt SMARTIES Vanille bonbons chocolat 4x120g","p":2.28,"u":"4,75 €/KG","img":"https://fd11-photos.leclercdrive.fr/image.ashx?id=2571038&use=l&cat=p&typeid=i","cat":284414},{"id":35146,"n":"Fromages râpé spécial Pizza  Les Croisés - 125g","p":1.62,"u":"12,96 €/KG","img":"https://fd11-photos.leclercdrive.fr/image.ashx?id=2946175&use=l&cat=p&typeid=i","cat":314035},{"id":35147,"n":"Fromage Cheddar Burger Les Croisés 20 Tranches - 340g","p":1.99,"u":"5,85 €/KG","img":"https://fd11-photos.leclercdrive.fr/image.ashx?id=2946844&use=l&cat=p&typeid=i","cat":314028},{"id":35148,"n":"Fromage Emmental Croque Les Croisés 20 Tranches - 340g","p":2.01,"u":"5,91 €/KG","img":"https://fd11-photos.leclercdrive.fr/image.ashx?id=2946847&use=l&cat=p&typeid=i","cat":314028},{"id":35155,"n":"Tablette de chocolat noir Lindt Fleur de sel - 100g","p":2.21,"u":"22,10 €/KG","img":"https://fd11-photos.leclercdrive.fr/image.ashx?id=2681595&use=l&cat=p&typeid=i","cat":284956},{"id":35159,"n":"Croco Haribo Sachet bonbons - 280g","p":1.25,"u":"4,46 €/KG","img":"https://fd11-photos.leclercdrive.fr/image.ashx?id=2446467&use=l&cat=p&typeid=i","cat":304250},{"id":35160,"n":"Croissants Pasquier x16 - 640g","p":3.71,"u":"5,80 €/KG","img":"https://fd11-photos.leclercdrive.fr/image.ashx?id=2853056&use=l&cat=p&typeid=i","cat":296366},{"id":35173,"n":"Joker Le Fruit Jus multifruits  1,5L","p":2.54,"u":"1,69 €/L","img":"https://fd11-photos.leclercdrive.fr/image.ashx?id=2785727&use=l&cat=p&typeid=i","cat":284917},{"id":35182,"n":"Boisson énergisante Monster Original - 50cl","p":1.32,"u":"2,64 €/L","img":"https://fd11-photos.leclercdrive.fr/image.ashx?id=2510163&use=l&cat=p&typeid=i","cat":284533},{"id":35183,"n":"Boisson énergisante Monster Original Canette - 4x50cl","p":5.28,"u":"2,64 €/L","img":"https://fd11-photos.leclercdrive.fr/image.ashx?id=2210242&use=l&cat=p&typeid=i","cat":284533},{"id":35210,"n":"Croissants pur beurre       2p","p":0.9,"u":"0,45 €/P","img":"https://fd11-photos.leclercdrive.fr/image.ashx?id=572842&use=l&cat=p&typeid=i","cat":284984},{"id":35211,"n":"Pains au chocolat 2x1p","p":0.99,"u":"0,50 €/P","img":"https://fd11-photos.leclercdrive.fr/image.ashx?id=2071019&use=l&cat=p&typeid=i","cat":284984},{"id":35262,"n":"yaourt aux fruits bifidus activia 0%mg - 12x125g","p":4.51,"u":"3,01 €/KG","img":"https://fd11-photos.leclercdrive.fr/image.ashx?id=2741697&use=l&cat=p&typeid=i","cat":315000},{"id":35300,"n":"Jambon supérieur Tradilège À l'étouffée 6 tranches - 240g","p":2.92,"u":"12,17 €/KG","img":"https://fd11-photos.leclercdrive.fr/image.ashx?id=2155339&use=l&cat=p&typeid=i","cat":316009},{"id":35308,"n":"Beurre Tendre Elle&Vire Demi-Sel - 80% MG - 250g","p":2.84,"u":"11,36 €/KG","img":"https://fd11-photos.leclercdrive.fr/image.ashx?id=2604773&use=l&cat=p&typeid=i","cat":284379},{"id":35309,"n":"Beurre Tendre Elle&Vire Doux - 82% MG - 250g","p":2.84,"u":"11,36 €/KG","img":"https://fd11-photos.leclercdrive.fr/image.ashx?id=2765629&use=l&cat=p&typeid=i","cat":284379},{"id":35333,"n":"Bain de bouche Sanogyl Multi Protection - 500ml","p":3.24,"u":"6,48 €/L","img":"https://fd11-photos.leclercdrive.fr/image.ashx?id=2638256&use=l&cat=p&typeid=i","cat":284613},{"id":35398,"n":"Eau Micellaire Garnier Peaux Sensibles - 400ml","p":2.76,"u":"6,90 €/L","img":"https://fd11-photos.leclercdrive.fr/image.ashx?id=2926593&use=l&cat=p&typeid=i","cat":284603},{"id":35479,"n":"Déodorant Bille Femme Nivea Black&White Original - 50ml","p":1.89,"u":"37,80 €/L","img":"https://fd11-photos.leclercdrive.fr/image.ashx?id=2985471&use=l&cat=p&typeid=i","cat":284595},{"id":35503,"n":"Gel à raser Williams Peaux sensibles 200ml","p":2.4,"u":"12,00 €/L","img":"https://fd11-photos.leclercdrive.fr/image.ashx?id=1966625&use=l&cat=p&typeid=i","cat":284617},{"id":35530,"n":"Mouchoirs en papier Lotus Boîte x1 - 80 mouchoirs","p":1.37,"u":"0,02 €/P","img":"https://fd11-photos.leclercdrive.fr/image.ashx?id=2867368&use=l&cat=p&typeid=i","cat":284638},{"id":35537,"n":"Recharge savon mains Palmolive Antibactérien -  250ml","p":0.63,"u":"2,52 €/L","img":"https://fd11-photos.leclercdrive.fr/image.ashx?id=2833180&use=l&cat=p&typeid=i","cat":284597},{"id":35646,"n":"Bière blonde Falsbourg Canette - 4.2%vol. - 50cl","p":0.69,"u":"1,38 €/L","img":"https://fd11-photos.leclercdrive.fr/image.ashx?id=2637904&use=l&cat=p&typeid=i","cat":334853},{"id":35647,"n":"Bière blonde Falsbourg Canette - 4.2%vol. - 6x33cl","p":2.69,"u":"1,36 €/L","img":"https://fd11-photos.leclercdrive.fr/image.ashx?id=2637913&use=l&cat=p&typeid=i","cat":334853},{"id":35716,"n":"Gourdes Goûters lactés Délisse Vanille - 4x85g","p":1.81,"u":"5,32 €/KG","img":"https://fd11-photos.leclercdrive.fr/image.ashx?id=2681427&use=l&cat=p&typeid=i","cat":284506},{"id":35729,"n":"Tiramisu Délisse Au café - 4x80g","p":2.49,"u":"7,78 €/KG","img":"https://fd11-photos.leclercdrive.fr/image.ashx?id=2711604&use=l&cat=p&typeid=i","cat":284419},{"id":35730,"n":"Crème dessert Délisse Vanille Billes 3 chocolats 4x117g","p":2.15,"u":"4,59 €/KG","img":"https://fd11-photos.leclercdrive.fr/image.ashx?id=2965503&use=l&cat=p&typeid=i","cat":285041},{"id":35731,"n":"Crème dessert Chocolat Délisse Mix'n croc color 4x120g","p":2.09,"u":"4,35 €/KG","img":"https://fd11-photos.leclercdrive.fr/image.ashx?id=2965506&use=l&cat=p&typeid=i","cat":285041},{"id":35760,"n":"Céréales Miel Pops Kellogg's 620g","p":3.42,"u":"5,52 €/KG","img":"https://fd11-photos.leclercdrive.fr/image.ashx?id=2596952&use=l&cat=p&typeid=i","cat":309513},{"id":35761,"n":"Céréales Frosties Kellogg's 620g","p":3.4,"u":"5,48 €/KG","img":"https://fd11-photos.leclercdrive.fr/image.ashx?id=2589768&use=l&cat=p&typeid=i","cat":309513},{"id":35785,"n":"Bière belge Rince Cochon Fruits rouges - 7.5%vol. - 50cl","p":1.94,"u":"3,88 €/L","img":"https://fd11-photos.leclercdrive.fr/image.ashx?id=1741472&use=l&cat=p&typeid=i","cat":334853},{"id":35788,"n":"Café Soluble Nescafé 200g","p":5.67,"u":"28,35 €/KG","img":"https://fd11-photos.leclercdrive.fr/image.ashx?id=2810627&use=l&cat=p&typeid=i","cat":284843},{"id":35791,"n":"Flammekueche d'Alsace NRT 600g","p":4.35,"u":"7,25 €/KG","img":"https://fd11-photos.leclercdrive.fr/image.ashx?id=2743894&use=l&cat=p&typeid=i","cat":333680},{"id":35815,"n":"Matière grasse St Hubert  Omega 3 - 52% MG - 255g","p":2.08,"u":"8,16 €/KG","img":"https://fd11-photos.leclercdrive.fr/image.ashx?id=2734093&use=l&cat=p&typeid=i","cat":315229},{"id":35816,"n":"Matière grasse St Hubert Omega3 52% MG - demi-sel - 255g","p":2.13,"u":"8,35 €/KG","img":"https://fd11-photos.leclercdrive.fr/image.ashx?id=2734096&use=l&cat=p&typeid=i","cat":315229},{"id":35820,"n":"Liquide pour cuisson Rustica végétal - 500ml","p":2.09,"u":"4,18 €/L","img":"https://fd11-photos.leclercdrive.fr/image.ashx?id=2903950&use=l&cat=p&typeid=i","cat":315229},{"id":35825,"n":"Fromage Pavé d'Affinois Original - 200g","p":2.42,"u":"12,10 €/KG","img":"https://fd11-photos.leclercdrive.fr/image.ashx?id=3002078&use=l&cat=p&typeid=i","cat":314033},{"id":35830,"n":"Yaourt La Laitière   Fruits panachés - 8x125g","p":3.54,"u":"3,54 €/KG","img":"https://fd11-photos.leclercdrive.fr/image.ashx?id=2744590&use=l&cat=p&typeid=i","cat":286006},{"id":35833,"n":"Yaourt La Laitière Citron - 4x125g","p":1.87,"u":"3,74 €/KG","img":"https://fd11-photos.leclercdrive.fr/image.ashx?id=2904065&use=l&cat=p&typeid=i","cat":286006},{"id":35847,"n":"Yaourt à boire Délisse Framboise - 850g","p":1.35,"u":"1,59 €/KG","img":"https://fd11-photos.leclercdrive.fr/image.ashx?id=2777797&use=l&cat=p&typeid=i","cat":284415},{"id":35906,"n":"Gourdes Goûters lactés Délisse Chocolat - 4x85g","p":1.75,"u":"5,15 €/KG","img":"https://fd11-photos.leclercdrive.fr/image.ashx?id=2681424&use=l&cat=p&typeid=i","cat":284506},{"id":35907,"n":"Cassoulet mitonné   William Saurin - 840g","p":2.84,"u":"3,38 €/KG","img":"https://fd11-photos.leclercdrive.fr/image.ashx?id=2890148&use=l&cat=p&typeid=i","cat":284440},{"id":35908,"n":"Cassoulet mitonné   William Saurin - 420g","p":1.86,"u":"4,43 €/KG","img":"https://fd11-photos.leclercdrive.fr/image.ashx?id=2890151&use=l&cat=p&typeid=i","cat":284441},{"id":35918,"n":"Jus de pomme Jafaden A base de concentré - 6x20cl","p":1.32,"u":"1,10 €/L","img":"https://fd11-photos.leclercdrive.fr/image.ashx?id=2366881&use=l&cat=p&typeid=i","cat":284524},{"id":35921,"n":"Pur jus de pomme Jafaden 1,5L","p":1.48,"u":"0,99 €/L","img":"https://fd11-photos.leclercdrive.fr/image.ashx?id=1936641&use=l&cat=p&typeid=i","cat":284522},{"id":35922,"n":"Bière blonde Forte Extra Strong Canette - 10%vol - 50cl","p":1.19,"u":"2,38 €/L","img":"https://fd11-photos.leclercdrive.fr/image.ashx?id=2928004&use=l&cat=p&typeid=i","cat":334853},{"id":35924,"n":"Cocktail Punch planteur Lagoa 15%vol - 70cl","p":4.29,"u":"6,13 €/L","img":"https://fd11-photos.leclercdrive.fr/image.ashx?id=2958338&use=l&cat=p&typeid=i","cat":284551},{"id":35972,"n":"Stylo Roller frixion ball Pilot Effaçable bleu x1","p":2.6,"img":"https://fd11-photos.leclercdrive.fr/image.ashx?id=2969064&use=l&cat=p&typeid=i","cat":284696},{"id":36037,"n":"Crème UHT Elle&Vire Fluide Entière - 30% MG - 3x20cl","p":3.1,"u":"5,17 €/L","img":"https://fd11-photos.leclercdrive.fr/image.ashx?id=3008551&use=l&cat=p&typeid=i","cat":284381},{"id":36039,"n":"Crème légère fluide UHT Délisse 12%mg - 3x20cl","p":1.84,"u":"3,07 €/L","img":"https://fd11-photos.leclercdrive.fr/image.ashx?id=2909392&use=l&cat=p&typeid=i","cat":284381},{"id":36040,"n":"Spécialité laitière UHT Délisse Semi-épaisse 4%mg - 3x20cl","p":2.21,"u":"3,68 €/L","img":"https://fd11-photos.leclercdrive.fr/image.ashx?id=3002599&use=l&cat=p&typeid=i","cat":284381},{"id":36041,"n":"Crème semi-épaisse entière UHT Délisse 30%mg - 3x20cl","p":3.5,"u":"5,83 €/L","img":"https://fd11-photos.leclercdrive.fr/image.ashx?id=2494099&use=l&cat=p&typeid=i","cat":284381},{"id":36124,"n":"Haricots blancs Notre Jardin - 500g","p":1.03,"u":"2,06 €/KG","img":"https://fd11-photos.leclercdrive.fr/image.ashx?id=2988072&use=l&cat=p&typeid=i","cat":312606},{"id":36125,"n":"Haricots blancs Notre Jardin 250g","p":0.85,"u":"3,40 €/KG","img":"https://fd11-photos.leclercdrive.fr/image.ashx?id=3002602&use=l&cat=p&typeid=i","cat":312606},{"id":36194,"n":"Dés de jambon Tradilège Maxi format 2x125g","p":2.47,"u":"9,88 €/KG","img":"https://fd11-photos.leclercdrive.fr/image.ashx?id=2970465&use=l&cat=p&typeid=i","cat":316011},{"id":36195,"n":"Emincés de poulet Tradilège Rôti - Maxi format 2x125g","p":3.59,"u":"14,36 €/KG","img":"https://fd11-photos.leclercdrive.fr/image.ashx?id=2930778&use=l&cat=p&typeid=i","cat":316011},{"id":36197,"n":"Truite fumée Landvika Mini tranches - 100g","p":2.71,"u":"27,10 €/KG","img":"https://fd11-photos.leclercdrive.fr/image.ashx?id=2159415&use=l&cat=p&typeid=i","cat":285188},{"id":36198,"n":"Lardons supérieurs Tradilège Fumés maxi format 2x200g","p":3.39,"u":"8,48 €/KG","img":"https://fd11-photos.leclercdrive.fr/image.ashx?id=2921381&use=l&cat=p&typeid=i","cat":316011},{"id":36199,"n":"Bougies Eco+ Blanche x10","p":2.97,"img":"https://fd11-photos.leclercdrive.fr/image.ashx?id=2635547&use=l&cat=p&typeid=i","cat":335913},{"id":36202,"n":"Recharge crème lavante Eco+ Amande miel - 750ml","p":1.11,"u":"1,48 €/L","img":"https://fd11-photos.leclercdrive.fr/image.ashx?id=2270220&use=l&cat=p&typeid=i","cat":284597},{"id":36206,"n":"Mousse à raser hydratante Eco+ Peaux normales - 300ml","p":0.85,"u":"2,83 €/L","img":"https://fd11-photos.leclercdrive.fr/image.ashx?id=2422683&use=l&cat=p&typeid=i","cat":284617},{"id":36267,"n":"Noix St Jacques NRT de Normandie - 300g","p":16.95,"u":"56,50 €/KG","img":"https://fd11-photos.leclercdrive.fr/image.ashx?id=2699819&use=l&cat=p&typeid=i","cat":319787},{"id":36268,"n":"Soufflés ExtraTerrestres Tokapi Jambon fromage - 80g","p":0.84,"u":"10,50 €/KG","img":"https://fd11-photos.leclercdrive.fr/image.ashx?id=2922929&use=l&cat=p&typeid=i","cat":284449},{"id":36269,"n":"Soufflés ExtraTerrestres Tokapi Ketchup - 80g","p":0.8,"u":"10,00 €/KG","img":"https://fd11-photos.leclercdrive.fr/image.ashx?id=1915578&use=l&cat=p&typeid=i","cat":284449},{"id":36270,"n":"Soufflés ExtraTerrestres Tokapi Salé - 80g","p":0.79,"u":"9,88 €/KG","img":"https://fd11-photos.leclercdrive.fr/image.ashx?id=1932960&use=l&cat=p&typeid=i","cat":284449},{"id":36314,"n":"Shampooing Nateïs Fleur de tilleul pomme verte - 250ml","p":1.27,"u":"5,08 €/L","img":"https://fd11-photos.leclercdrive.fr/image.ashx?id=2369645&use=l&cat=p&typeid=i","cat":284606},{"id":36317,"n":"Dessert fruitier pomme Douceur Verger s/sucre 8x100g","p":1.99,"u":"2,49 €/KG","img":"https://fd11-photos.leclercdrive.fr/image.ashx?id=1957093&use=l&cat=p&typeid=i","cat":284416},{"id":36388,"n":"Bière ambrée corse Pietra 6° - 6x25cl","p":7.74,"u":"5,16 €/L","img":"https://fd11-photos.leclercdrive.fr/image.ashx?id=3011464&use=l&cat=p&typeid=i","cat":334872},{"id":36394,"n":"Yaourt aromatisé aux Fruits Panachés Frulos - 16x125g","p":3.09,"u":"1,55 €/KG","img":"https://fd11-photos.leclercdrive.fr/image.ashx?id=2799895&use=l&cat=p&typeid=i","cat":286006},{"id":36395,"n":"Yaourt Nature Sucré Yoplait - 12x125g","p":2.63,"u":"1,75 €/KG","img":"https://fd11-photos.leclercdrive.fr/image.ashx?id=2796827&use=l&cat=p&typeid=i","cat":284409},{"id":36396,"n":"Gâteau fourré Mini BN Chocolat 175g","p":1.85,"u":"10,57 €/KG","img":"https://fd11-photos.leclercdrive.fr/image.ashx?id=2746854&use=l&cat=p&typeid=i","cat":284488},{"id":36397,"n":"Biscuits Mini BN Goûter à la fraise - 175g","p":1.81,"u":"10,34 €/KG","img":"https://fd11-photos.leclercdrive.fr/image.ashx?id=2748212&use=l&cat=p&typeid=i","cat":284489},{"id":36399,"n":"Pizza La Pizz Sodebo Chèvre lardons - 470g","p":3.58,"u":"7,62 €/KG","img":"https://fd11-photos.leclercdrive.fr/image.ashx?id=2851494&use=l&cat=p&typeid=i","cat":333679},{"id":36400,"n":"Pizza La Pizz Sodebo 4 fromages - 470g","p":3.47,"u":"7,38 €/KG","img":"https://fd11-photos.leclercdrive.fr/image.ashx?id=2905366&use=l&cat=p&typeid=i","cat":333679},{"id":36404,"n":"Pizza Dolce Sodebo Regina Jambon Champignons 400g","p":3.75,"u":"9,38 €/KG","img":"https://fd11-photos.leclercdrive.fr/image.ashx?id=3008251&use=l&cat=p&typeid=i","cat":333679},{"id":36412,"n":"Compote Douceur du Verger Coupelle pomme - 16x100g","p":3.09,"u":"1,93 €/KG","img":"https://fd11-photos.leclercdrive.fr/image.ashx?id=2663512&use=l&cat=p&typeid=i","cat":284508},{"id":36414,"n":"Compote Douceur du Verger Coupelle pomme - 8x100g","p":1.89,"u":"2,36 €/KG","img":"https://fd11-photos.leclercdrive.fr/image.ashx?id=2663506&use=l&cat=p&typeid=i","cat":284508},{"id":36417,"n":"Compote Douceur du Verger Gourdes multivariétés - 4x90g","p":1.69,"u":"4,69 €/KG","img":"https://fd11-photos.leclercdrive.fr/image.ashx?id=2805030&use=l&cat=p&typeid=i","cat":284508},{"id":36419,"n":"Compote Douceur du Verger Coupelle pomme - 4x100g","p":0.99,"u":"2,48 €/KG","img":"https://fd11-photos.leclercdrive.fr/image.ashx?id=2663524&use=l&cat=p&typeid=i","cat":284508},{"id":36437,"n":"Friandises pour chien Lydog Assortiment sticks - x15 126g","p":1.33,"u":"10,56 €/KG","img":"https://fd11-photos.leclercdrive.fr/image.ashx?id=1947271&use=l&cat=p&typeid=i","cat":294527},{"id":36438,"n":"Sticks dentaires Lydog Petit chien - x7 110g","p":0.99,"u":"9,00 €/KG","img":"https://fd11-photos.leclercdrive.fr/image.ashx?id=1878604&use=l&cat=p&typeid=i","cat":294527},{"id":36441,"n":"Aiguillettes poulet Tradilège Rôti - 2x75g","p":2.02,"u":"13,47 €/KG","img":"https://fd11-photos.leclercdrive.fr/image.ashx?id=2994375&use=l&cat=p&typeid=i","cat":316011},{"id":36445,"n":"Râpé de jambon Tradilège Fumé - 150g","p":1.79,"u":"11,93 €/KG","img":"https://fd11-photos.leclercdrive.fr/image.ashx?id=2905970&use=l&cat=p&typeid=i","cat":316011},{"id":36454,"n":"Pastilles NRT  Du Bassin de Vichy - 230g","p":0.98,"u":"4,26 €/KG","img":"https://fd11-photos.leclercdrive.fr/image.ashx?id=2771079&use=l&cat=p&typeid=i","cat":304252},{"id":36475,"n":"Thé glacé Fresh Tea Pêche - 6x25cl","p":2.85,"u":"1,90 €/L","img":"https://fd11-photos.leclercdrive.fr/image.ashx?id=2622263&use=l&cat=p&typeid=i","cat":295019},{"id":36504,"n":"Pizza La Pizz Sodebo Jambon emmental - 470g","p":2.91,"u":"6,19 €/KG","img":"https://fd11-photos.leclercdrive.fr/image.ashx?id=2886786&use=l&cat=p&typeid=i","cat":333679},{"id":36515,"n":"Dragées Choco Peanuts Cacahuètes - 300g","p":2.39,"u":"7,97 €/KG","img":"https://fd11-photos.leclercdrive.fr/image.ashx?id=2474063&use=l&cat=p&typeid=i","cat":304238},{"id":36633,"n":"Glace Cône Nestlé Extrême Crème brulée x6 - 426g","p":3.58,"u":"8,40 €/KG","img":"https://fd11-photos.leclercdrive.fr/image.ashx?id=2831672&use=l&cat=p&typeid=i","cat":284264},{"id":36650,"n":"Barres céréales Bio Village Bio Fraise x6 125g","p":1.79,"u":"14,32 €/KG","img":"https://fd11-photos.leclercdrive.fr/image.ashx?id=2807306&use=l&cat=p&typeid=i","cat":285869},{"id":36651,"n":"Barres céréales Bio Village Bio Chocolat noir x6 125g","p":1.95,"u":"15,60 €/KG","img":"https://fd11-photos.leclercdrive.fr/image.ashx?id=2807309&use=l&cat=p&typeid=i","cat":285869},{"id":36656,"n":"Soupe liquide Liebig  Velouté 10 légumes - Brique 1L","p":1.64,"u":"1,64 €/L","img":"https://fd11-photos.leclercdrive.fr/image.ashx?id=2892133&use=l&cat=p&typeid=i","cat":284462},{"id":36658,"n":"Soupe liquide Liebig  Mouliné 10 légumes - Brique 1L","p":1.64,"u":"1,64 €/L","img":"https://fd11-photos.leclercdrive.fr/image.ashx?id=2651396&use=l&cat=p&typeid=i","cat":284462},{"id":36672,"n":"Repas Babybio Bio Dinde haricots verts 230g","p":2.07,"u":"9,00 €/KG","img":"https://fd11-photos.leclercdrive.fr/image.ashx?id=2859353&use=l&cat=p&typeid=i","cat":312237},{"id":36697,"n":"Pizza Savoyarde  520g","p":5.99,"u":"11,52 €/KG","img":"https://fd11-photos.leclercdrive.fr/image.ashx?id=717994&use=l&cat=p&typeid=i","cat":333679},{"id":36704,"n":"Sucre en morceaux Daddy Demi-morceaux rond - 750g","p":1.67,"u":"2,23 €/KG","img":"https://fd11-photos.leclercdrive.fr/image.ashx?id=2907947&use=l&cat=p&typeid=i","cat":284502},{"id":36710,"n":"Sucre canne Béghin Say Pure - en morceaux - 750g","p":2.3,"u":"3,07 €/KG","img":"https://fd11-photos.leclercdrive.fr/image.ashx?id=2948830&use=l&cat=p&typeid=i","cat":284502},{"id":36711,"n":"Sucre cassonade Béghin Say En poudre - 750g","p":2.19,"u":"2,92 €/KG","img":"https://fd11-photos.leclercdrive.fr/image.ashx?id=2949928&use=l&cat=p&typeid=i","cat":284502},{"id":36720,"n":"Haricots blancs à la tomate 400 g","p":0.75,"u":"1,88 €/KG","img":"https://fd11-photos.leclercdrive.fr/image.ashx?id=2988078&use=l&cat=p&typeid=i","cat":312606},{"id":36721,"n":"Lait chat et chaton Whiskas 3x200ml","p":2.54,"u":"4,23 €/L","img":"https://fd11-photos.leclercdrive.fr/image.ashx?id=2759670&use=l&cat=p&typeid=i","cat":285285},{"id":36756,"n":"Haricots Blancs à la tomate 800g","p":1.08,"u":"1,35 €/KG","img":"https://fd11-photos.leclercdrive.fr/image.ashx?id=2988075&use=l&cat=p&typeid=i","cat":312606},{"id":36765,"n":"Viande bovine : Rôti**  750g","p":13.87,"u":"18,49 €/KG","img":"https://fd11-photos.leclercdrive.fr/image.ashx?id=1495743&use=l&cat=p&typeid=i","cat":284328},{"id":36811,"n":"Chewing-gum Freedent Fraise 5x10 dragées 70g","p":2.36,"u":"33,71 €/KG","img":"https://fd11-photos.leclercdrive.fr/image.ashx?id=2325485&use=l&cat=p&typeid=i","cat":304251},{"id":36819,"n":"Chocolat Noir After Eight Fourré Menthe - 300g","p":4.57,"u":"15,23 €/KG","img":"https://fd11-photos.leclercdrive.fr/image.ashx?id=2348782&use=l&cat=p&typeid=i","cat":284499},{"id":36821,"n":"Biscuits M&M's  x10 - 198g","p":2.14,"u":"10,81 €/KG","img":"https://fd11-photos.leclercdrive.fr/image.ashx?id=2148416&use=l&cat=p&typeid=i","cat":284488},{"id":36849,"n":"Recharges plumeaux Clair Jetables x10","p":4.46,"u":"0,45 €/P","img":"https://fd11-photos.leclercdrive.fr/image.ashx?id=721425&use=l&cat=p&typeid=i","cat":325364},{"id":36903,"n":"Lentilles vertes NRT Du Centre-Val-de-Loire - 500g","p":1.99,"u":"3,98 €/KG","img":"https://fd11-photos.leclercdrive.fr/image.ashx?id=2635771&use=l&cat=p&typeid=i","cat":284430},{"id":36920,"n":"Protège-slips Doulys Ultra-mince - Large - x30","p":0.82,"u":"0,03 €/P","img":"https://fd11-photos.leclercdrive.fr/image.ashx?id=2847967&use=l&cat=p&typeid=i","cat":284625},{"id":37013,"n":"Cuadro Novi Chocolat noir  - 150g","p":4.48,"u":"29,87 €/KG","img":"https://fd11-photos.leclercdrive.fr/image.ashx?id=2750096&use=l&cat=p&typeid=i","cat":327595},{"id":37014,"n":"Cuadro Novi Chocolat  noisettes - 150g","p":4.48,"u":"29,87 €/KG","img":"https://fd11-photos.leclercdrive.fr/image.ashx?id=2615167&use=l&cat=p&typeid=i","cat":327595},{"id":37030,"n":"Farine suprême Francine 1kg","p":1.71,"u":"1,71 €/KG","img":"https://fd11-photos.leclercdrive.fr/image.ashx?id=2902654&use=l&cat=p&typeid=i","cat":284503},{"id":37033,"n":"Douceur Crème balsamique  Rustica - 25cl","p":1.79,"u":"7,16 €/L","img":"https://fd11-photos.leclercdrive.fr/image.ashx?id=2781877&use=l&cat=p&typeid=i","cat":284456},{"id":37049,"n":"Sauce Samourai Amora 255g","p":1.53,"u":"6,80 €/KG","img":"https://fd11-photos.leclercdrive.fr/image.ashx?id=2893838&use=l&cat=p&typeid=i","cat":318431},{"id":37053,"n":"Sucre pure canne Beghin Say Petits morceaux - 1kg","p":3.18,"u":"3,18 €/KG","img":"https://fd11-photos.leclercdrive.fr/image.ashx?id=2949922&use=l&cat=p&typeid=i","cat":284502},{"id":37054,"n":"Sucre pure canne Beghin Say Morceaux - 1kg","p":2.18,"u":"2,18 €/KG","img":"https://fd11-photos.leclercdrive.fr/image.ashx?id=2978688&use=l&cat=p&typeid=i","cat":284502},{"id":37062,"n":"Crème Visage Jour FPS 15 Nivea Anti-rides Fermeté Q10 - 50ml","p":9.96,"u":"199,20 €/L","img":"https://fd11-photos.leclercdrive.fr/image.ashx?id=2859701&use=l&cat=p&typeid=i","cat":325345},{"id":37120,"n":"Sauce Soja sucrée Kikkoman 250ml","p":4.17,"u":"16,68 €/L","img":"https://fd11-photos.leclercdrive.fr/image.ashx?id=2536296&use=l&cat=p&typeid=i","cat":288992},{"id":37126,"n":"Haricots cuisinés Alain Martin Graisse de canard lardon - 800g","p":3.94,"u":"4,93 €/KG","img":"https://fd11-photos.leclercdrive.fr/image.ashx?id=2020638&use=l&cat=p&typeid=i","cat":312606},{"id":37149,"n":"Cookies Méga pépites P'tit Déli Chocolat noisettes 184g","p":1.51,"u":"8,21 €/KG","img":"https://fd11-photos.leclercdrive.fr/image.ashx?id=2116149&use=l&cat=p&typeid=i","cat":325066},{"id":37199,"n":"Poêlée Notre Jardin Parisienne 750g","p":2.24,"u":"2,99 €/KG","img":"https://fd11-photos.leclercdrive.fr/image.ashx?id=2865062&use=l&cat=p&typeid=i","cat":319823},{"id":37281,"n":"Bonbons Longfizz Lutti 200g","p":1.32,"u":"6,60 €/KG","img":"https://fd11-photos.leclercdrive.fr/image.ashx?id=2962173&use=l&cat=p&typeid=i","cat":304250},{"id":37286,"n":"Paëlla royale Marie 900g","p":4.69,"u":"5,21 €/KG","img":"https://fd11-photos.leclercdrive.fr/image.ashx?id=2996770&use=l&cat=p&typeid=i","cat":284254},{"id":37403,"n":"Sachet fraîcheur chien Pedigree  Mixte en sauce - 12x100g","p":5.01,"u":"4,18 €/KG","img":"https://fd11-photos.leclercdrive.fr/image.ashx?id=2870242&use=l&cat=p&typeid=i","cat":284673},{"id":37405,"n":"Foie de morue Connétable MSC Nature - 121g","p":2.03,"u":"16,78 €/KG","img":"https://fd11-photos.leclercdrive.fr/image.ashx?id=2918718&use=l&cat=p&typeid=i","cat":305147},{"id":37438,"n":"Papier cuisson Elembal Rouleau 15m","p":1.79,"img":"https://fd11-photos.leclercdrive.fr/image.ashx?id=2158218&use=l&cat=p&typeid=i","cat":334134},{"id":37452,"n":"Lardons de volaille Tradilège Nature 2x75g","p":1.75,"u":"11,67 €/KG","img":"https://fd11-photos.leclercdrive.fr/image.ashx?id=2882355&use=l&cat=p&typeid=i","cat":316011},{"id":37453,"n":"Lardons de volaille Tradilège Fumés 2x75g","p":1.75,"u":"11,67 €/KG","img":"https://fd11-photos.leclercdrive.fr/image.ashx?id=2882358&use=l&cat=p&typeid=i","cat":316011},{"id":37456,"n":"Saucisse fumée Tradilège VPF x3 375g","p":3.18,"u":"8,48 €/KG","img":"https://fd11-photos.leclercdrive.fr/image.ashx?id=2659085&use=l&cat=p&typeid=i","cat":316012},{"id":37467,"n":"Infusion Tiséa Fruits rouges 25 sachets 40g","p":0.92,"u":"23,00 €/KG","img":"https://fd11-photos.leclercdrive.fr/image.ashx?id=2922506&use=l&cat=p&typeid=i","cat":293234},{"id":37540,"n":"Compote bébé Bio Village Bio Pomme vanille 4 mois 4x100g","p":1.99,"u":"4,98 €/KG","img":"https://fd11-photos.leclercdrive.fr/image.ashx?id=2704750&use=l&cat=p&typeid=i","cat":312387},{"id":37541,"n":"Compote bébé Bio Village Bio Pomme /Banane 4 mois 4x100g","p":1.89,"u":"4,73 €/KG","img":"https://fd11-photos.leclercdrive.fr/image.ashx?id=2704753&use=l&cat=p&typeid=i","cat":312387},{"id":37542,"n":"Compote bébé Bio Village bio Poire williams - 4 mois -4x100g","p":1.89,"u":"4,73 €/KG","img":"https://fd11-photos.leclercdrive.fr/image.ashx?id=2704747&use=l&cat=p&typeid=i","cat":312387},{"id":37580,"n":"Soupe Régal Soupe Légumes et vermicelles - 1L","p":1.84,"u":"1,84 €/L","img":"https://fd11-photos.leclercdrive.fr/image.ashx?id=2983802&use=l&cat=p&typeid=i","cat":284462},{"id":37593,"n":"Snacks chats Tous mes amis Poulet fromage - 60g","p":0.84,"u":"14,00 €/KG","img":"https://fd11-photos.leclercdrive.fr/image.ashx?id=1947280&use=l&cat=p&typeid=i","cat":285285},{"id":37595,"n":"Snacks chats Tous mes amis Saumon - 60g","p":0.89,"u":"14,83 €/KG","img":"https://fd11-photos.leclercdrive.fr/image.ashx?id=1938588&use=l&cat=p&typeid=i","cat":285285},{"id":37615,"n":"Rasoirs jetables Eco+ x10","p":0.71,"u":"0,07 €/P","img":"https://fd11-photos.leclercdrive.fr/image.ashx?id=2913642&use=l&cat=p&typeid=i","cat":284616},{"id":37623,"n":"Trancetto Balconi Cacao x10 280g","p":1.39,"u":"4,96 €/KG","img":"https://fd11-photos.leclercdrive.fr/image.ashx?id=2878414&use=l&cat=p&typeid=i","cat":284495},{"id":37712,"n":"Haricots Verts Cassegrain Extra Fins Cueillis main 390g","p":2.99,"u":"7,67 €/KG","img":"https://fd11-photos.leclercdrive.fr/image.ashx?id=2913025&use=l&cat=p&typeid=i","cat":312606},{"id":37775,"n":"Serviette incontinence Chorys Maxi - x12","p":3.65,"u":"0,30 €/P","img":"https://fd11-photos.leclercdrive.fr/image.ashx?id=2393884&use=l&cat=p&typeid=i","cat":284628},{"id":37842,"n":"Thé glacé zéro Fresh Tea  Pêche - 1,5L","p":1.29,"u":"0,86 €/L","img":"https://fd11-photos.leclercdrive.fr/image.ashx?id=2622266&use=l&cat=p&typeid=i","cat":295019},{"id":37843,"n":"100% Pur jus d'orange Jafaden Sans pulpe - 2L","p":3.54,"u":"1,77 €/L","img":"https://fd11-photos.leclercdrive.fr/image.ashx?id=2796052&use=l&cat=p&typeid=i","cat":284521},{"id":37862,"n":"Couches Bébé Eco+ T5 - x52 changes","p":6.94,"u":"0,13 €/P","img":"https://fd11-photos.leclercdrive.fr/image.ashx?id=2842450&use=l&cat=p&typeid=i","cat":284737},{"id":37863,"n":"Compresses stériles Primoplast Ultra-douces x20","p":2.6,"u":"0,13 €/P","img":"https://fd11-photos.leclercdrive.fr/image.ashx?id=2832960&use=l&cat=p&typeid=i","cat":284630},{"id":37867,"n":"Rillettes Tradilège poulet 110g","p":1.4,"u":"12,73 €/KG","img":"https://fd11-photos.leclercdrive.fr/image.ashx?id=2683586&use=l&cat=p&typeid=i","cat":316008},{"id":37940,"n":"Beignets de calamar Pescanova A la Romaine 500g","p":3.89,"u":"7,78 €/KG","img":"https://fd11-photos.leclercdrive.fr/image.ashx?id=2983369&use=l&cat=p&typeid=i","cat":319788},{"id":38027,"n":"Quinoa gourmand Tipiak 400g","p":2.26,"u":"5,65 €/KG","img":"https://fd11-photos.leclercdrive.fr/image.ashx?id=2640617&use=l&cat=p&typeid=i","cat":284429},{"id":38100,"n":"Chocolat en poudre Nesquik Boîte 490g","p":3.69,"u":"7,53 €/KG","img":"https://fd11-photos.leclercdrive.fr/image.ashx?id=3005305&use=l&cat=p&typeid=i","cat":293235},{"id":38220,"n":"Pansements Primoplast Anti-ampoules x6","p":3.15,"img":"https://fd11-photos.leclercdrive.fr/image.ashx?id=2832954&use=l&cat=p&typeid=i","cat":284630},{"id":38226,"n":"Compresses stériles Primoplast Gaze x60","p":4.99,"u":"0,08 €/P","img":"https://fd11-photos.leclercdrive.fr/image.ashx?id=2834181&use=l&cat=p&typeid=i","cat":284630},{"id":38232,"n":"Mouchoirs blancs 3 plis Caresse Boîte décor aléatoire Kids -x60","p":1.75,"u":"0,03 €/P","img":"https://fd11-photos.leclercdrive.fr/image.ashx?id=2814432&use=l&cat=p&typeid=i","cat":284638},{"id":38234,"n":"Dessert - P'tit Brassé Nestlé Banane - dès 6 mois - 4x100g","p":2.03,"u":"5,08 €/KG","img":"https://fd11-photos.leclercdrive.fr/image.ashx?id=2615131&use=l&cat=p&typeid=i","cat":312392},{"id":38235,"n":"Dessert - P'tit Brassé Nestlé Framboise - dès 6 mois - 4x100g","p":1.69,"u":"4,23 €/KG","img":"https://fd11-photos.leclercdrive.fr/image.ashx?id=2604876&use=l&cat=p&typeid=i","cat":312392},{"id":38236,"n":"Dessert - P'tit Brassé Nestlé Abricot - dès 6 mois - 4x100g","p":1.65,"u":"4,13 €/KG","img":"https://fd11-photos.leclercdrive.fr/image.ashx?id=2600569&use=l&cat=p&typeid=i","cat":312392},{"id":38237,"n":"Dessert - P'tit Brassé Nestlé Poire - dès 6 mois - 4x100g","p":1.86,"u":"4,65 €/KG","img":"https://fd11-photos.leclercdrive.fr/image.ashx?id=2615756&use=l&cat=p&typeid=i","cat":312392},{"id":38238,"n":"Dessert - P'tit Brassé Nestlé Fraise - dès 6 mois - 4x100g","p":1.65,"u":"4,13 €/KG","img":"https://fd11-photos.leclercdrive.fr/image.ashx?id=2510187&use=l&cat=p&typeid=i","cat":312392},{"id":38239,"n":"Dessert - P'tit Brassé Nestlé Myrtille - dès 6 mois - 4x100g","p":1.98,"u":"4,95 €/KG","img":"https://fd11-photos.leclercdrive.fr/image.ashx?id=2583235&use=l&cat=p&typeid=i","cat":312392},{"id":38297,"n":"Matière grasse St Hubert Omega3 52%mg - demi-sel - 510g","p":3.65,"u":"7,16 €/KG","img":"https://fd11-photos.leclercdrive.fr/image.ashx?id=2734099&use=l&cat=p&typeid=i","cat":315229},{"id":38298,"n":"Matière grasse St Hubert Omega 3 - 52%mg - doux - 510g","p":3.4,"u":"6,67 €/KG","img":"https://fd11-photos.leclercdrive.fr/image.ashx?id=2734108&use=l&cat=p&typeid=i","cat":315229},{"id":38304,"n":"Taboulé Pierre Martinet Au poulet - 300g","p":1.71,"u":"5,70 €/KG","img":"https://fd11-photos.leclercdrive.fr/image.ashx?id=2990529&use=l&cat=p&typeid=i","cat":333657},{"id":38322,"n":"Compote Douceur du Verger Gourdes multivariétés - 20x90g","p":5.95,"u":"3,31 €/KG","img":"https://fd11-photos.leclercdrive.fr/image.ashx?id=2837060&use=l&cat=p&typeid=i","cat":284508},{"id":38379,"n":"Shampooing Manava Aux oeufs 500ml","p":1.0,"u":"2,00 €/L","img":"https://fd11-photos.leclercdrive.fr/image.ashx?id=2852243&use=l&cat=p&typeid=i","cat":284606},{"id":38380,"n":"Rasoir Gillette Proglide Flexball manuel x1","p":10.76,"img":"https://fd11-photos.leclercdrive.fr/image.ashx?id=2682394&use=l&cat=p&typeid=i","cat":284616},{"id":38381,"n":"Tartelettes aux fraises  2x120g","p":3.2,"u":"13,33 €/KG","img":"https://fd11-photos.leclercdrive.fr/image.ashx?id=557991&use=l&cat=p&typeid=i","cat":284360},{"id":38487,"n":"Porc : Côte échine x6 1020g","p":5.8,"u":"5,69 €/KG","img":"https://fd11-photos.leclercdrive.fr/image.ashx?id=618974&use=l&cat=p&typeid=i","cat":284331},{"id":38489,"n":"Viande bovine 2x bavette  Aloyau *** à griller - 280g","p":6.13,"u":"21,89 €/KG","img":"https://fd11-photos.leclercdrive.fr/image.ashx?id=659538&use=l&cat=p&typeid=i","cat":284328},{"id":38490,"n":"Steak de boeuf **  à griller x2 - 280g","p":5.18,"u":"18,50 €/KG","img":"https://fd11-photos.leclercdrive.fr/image.ashx?id=1495749&use=l&cat=p&typeid=i","cat":284328},{"id":38491,"n":"Viande bovine pot au feu ** mijoter - 1.1kg","p":9.5,"u":"8,64 €/KG","img":"https://fd11-photos.leclercdrive.fr/image.ashx?id=2117918&use=l&cat=p&typeid=i","cat":284328},{"id":38495,"n":"Sauté de veau *** à mijoter           600g","p":8.1,"u":"13,50 €/KG","img":"https://fd11-photos.leclercdrive.fr/image.ashx?id=618450&use=l&cat=p&typeid=i","cat":284329},{"id":38496,"n":"Croissants pur beurre AOP  4p","p":2.4,"u":"0,60 €/P","img":"https://fd11-photos.leclercdrive.fr/image.ashx?id=597456&use=l&cat=p&typeid=i","cat":284984},{"id":38509,"n":"Tube de colle classic Scotch 10x8g","p":4.53,"u":"56,63 €/KG","img":"https://fd11-photos.leclercdrive.fr/image.ashx?id=2287059&use=l&cat=p&typeid=i","cat":334133},{"id":38524,"n":"Tendres perles Blé Tipiak Prêt en 5 min - 350g","p":1.47,"u":"4,20 €/KG","img":"https://fd11-photos.leclercdrive.fr/image.ashx?id=2640614&use=l&cat=p&typeid=i","cat":284429},{"id":38562,"n":"Cône Nestlé Extrême  Vanille de Madagascar x6 - 426g","p":3.44,"u":"8,08 €/KG","img":"https://fd11-photos.leclercdrive.fr/image.ashx?id=3000432&use=l&cat=p&typeid=i","cat":284264},{"id":38563,"n":"Cône Extrême Nestlé Chocolat intense 6x71g","p":3.5,"u":"8,22 €/KG","img":"https://fd11-photos.leclercdrive.fr/image.ashx?id=2353089&use=l&cat=p&typeid=i","cat":284264},{"id":38575,"n":"Feutres de coloriage Maped Jungle Colorpep's x18+6 offerts","p":2.93,"img":"https://fd11-photos.leclercdrive.fr/image.ashx?id=2384304&use=l&cat=p&typeid=i","cat":284696},{"id":38603,"n":"Stylo plume Esquisse Multicoloris -  +2 cartouches","p":2.19,"img":"https://fd11-photos.leclercdrive.fr/image.ashx?id=1183423&use=l&cat=p&typeid=i","cat":284696},{"id":38625,"n":"Calculatrice Texas Instrument TI-Collège Plus","p":17.24,"u":"Dont 0,07 € d'éco-part.","img":"https://fd11-photos.leclercdrive.fr/image.ashx?id=2429260&use=l&cat=p&typeid=i","cat":334133},{"id":38631,"n":"Stylo bille Esquisse 4 couleurs différentes - x10","p":1.75,"u":"0,18 €/P","img":"https://fd11-photos.leclercdrive.fr/image.ashx?id=1928839&use=l&cat=p&typeid=i","cat":284696},{"id":38634,"n":"Compas Esquisse Coffret 3 pièces","p":1.99,"img":"https://fd11-photos.leclercdrive.fr/image.ashx?id=1678426&use=l&cat=p&typeid=i","cat":334133},{"id":38705,"n":"Chocolat Pâtissier Nestlé Dessert - 2x205g","p":5.76,"u":"14,05 €/KG","img":"https://fd11-photos.leclercdrive.fr/image.ashx?id=2959491&use=l&cat=p&typeid=i","cat":285562},{"id":38709,"n":"Fromage apéritif Apéricube Bella Italia 48 cubes","p":4.11,"u":"0,09 €/P","img":"https://fd11-photos.leclercdrive.fr/image.ashx?id=2882668&use=l&cat=p&typeid=i","cat":314027},{"id":38757,"n":"Bâtonnets Trium Pistache - x4 280g","p":3.6,"u":"12,86 €/KG","img":"https://fd11-photos.leclercdrive.fr/image.ashx?id=2920773&use=l&cat=p&typeid=i","cat":284265},{"id":38765,"n":"Soda Jean's Cola Cherry Bouteille - 1,5L","p":1.49,"u":"0,99 €/L","img":"https://fd11-photos.leclercdrive.fr/image.ashx?id=2637916&use=l&cat=p&typeid=i","cat":284530},{"id":38773,"n":"Pur jus d'orange Jafaden Avec pulpe - 1,5L","p":3.0,"u":"2,00 €/L","img":"https://fd11-photos.leclercdrive.fr/image.ashx?id=2796058&use=l&cat=p&typeid=i","cat":284521},{"id":38780,"n":"Shampooing Manava Anti-pelliculaire 500ml","p":1.0,"u":"2,00 €/L","img":"https://fd11-photos.leclercdrive.fr/image.ashx?id=1903863&use=l&cat=p&typeid=i","cat":284606},{"id":38781,"n":"Mouchoirs blancs 4 plis Caresse Boîte mouchoirs papier - x80","p":1.1,"u":"0,01 €/P","img":"https://fd11-photos.leclercdrive.fr/image.ashx?id=2801049&use=l&cat=p&typeid=i","cat":284638},{"id":38799,"n":"Essuie-tout Mimosa Demi-feuille - x3","p":4.9,"u":"1,63 €/P","img":"https://fd11-photos.leclercdrive.fr/image.ashx?id=2752625&use=l&cat=p&typeid=i","cat":284635},{"id":38812,"n":"Pains au lait Pasquier x10 - 350g","p":1.36,"u":"3,89 €/KG","img":"https://fd11-photos.leclercdrive.fr/image.ashx?id=2576940&use=l&cat=p&typeid=i","cat":293505},{"id":38857,"n":"Fromage Boursin cuisine Ail & fines herbes - 240g","p":2.3,"u":"9,58 €/KG","img":"https://fd11-photos.leclercdrive.fr/image.ashx?id=2615418&use=l&cat=p&typeid=i","cat":314029},{"id":38868,"n":"Chips ondulées Pom'Lisse Poulet rôti - 135g","p":1.05,"u":"7,78 €/KG","img":"https://fd11-photos.leclercdrive.fr/image.ashx?id=2919625&use=l&cat=p&typeid=i","cat":284447},{"id":38869,"n":"Purée de tomates Turini Saveur basilic - 200g","p":0.79,"u":"3,95 €/KG","img":"https://fd11-photos.leclercdrive.fr/image.ashx?id=2174702&use=l&cat=p&typeid=i","cat":288384},{"id":38985,"n":"Beurre Grand Fermage  Demi-sel - 80% MG - 250g","p":2.58,"u":"10,32 €/KG","img":"https://fd11-photos.leclercdrive.fr/image.ashx?id=2915569&use=l&cat=p&typeid=i","cat":284379},{"id":39003,"n":"Actifidus Délisse Fruits panachés - 16x125g","p":5.15,"u":"2,58 €/KG","img":"https://fd11-photos.leclercdrive.fr/image.ashx?id=2440724&use=l&cat=p&typeid=i","cat":315000},{"id":39009,"n":"Pain de mie complet Epi d'Or Extra moelleux - 500g","p":1.79,"u":"3,58 €/KG","img":"https://fd11-photos.leclercdrive.fr/image.ashx?id=2860742&use=l&cat=p&typeid=i","cat":284477},{"id":39024,"n":"AOP Entre-deux-mers blanc Cuvée Hortense - 75cl","p":4.75,"pp":3.56,"u":"4,75 €/L","img":"https://fd11-photos.leclercdrive.fr/image.ashx?id=2516068&use=l&cat=p&typeid=i","cat":289557},{"id":39061,"n":"Film étirable Alfapac Rouleau 35m x 29cm","p":1.55,"pp":0.93,"img":"https://fd11-photos.leclercdrive.fr/image.ashx?id=2918268&use=l&cat=p&typeid=i","cat":334134},{"id":39067,"n":"Tablettes lave vaisselle Sun Classic x60 - 570g","p":7.42,"u":"13,02 €/KG","img":"https://fd11-photos.leclercdrive.fr/image.ashx?id=2775745&use=l&cat=p&typeid=i","cat":284656},{"id":39107,"n":"Gel lavant Manava Savon de Marseille - 300ml","p":1.06,"u":"3,53 €/L","img":"https://fd11-photos.leclercdrive.fr/image.ashx?id=2935498&use=l&cat=p&typeid=i","cat":284597},{"id":39120,"n":"Eau minérale naturelle Vittel Bouchon sport - 6x75cl","p":2.84,"u":"0,63 €/L","img":"https://fd11-photos.leclercdrive.fr/image.ashx?id=2774478&use=l&cat=p&typeid=i","cat":284535},{"id":39122,"n":"Fromage de chèvre Soignon Bûche Sainte Maure - 300g","p":3.16,"u":"10,53 €/KG","img":"https://fd11-photos.leclercdrive.fr/image.ashx?id=2963331&use=l&cat=p&typeid=i","cat":314031},{"id":39145,"n":"Mouchoirs blancs 4 plis Caresse Etuis x15 - Mentholés","p":1.98,"u":"0,13 €/P","img":"https://fd11-photos.leclercdrive.fr/image.ashx?id=2572996&use=l&cat=p&typeid=i","cat":284638},{"id":39155,"n":"Chips La classique Vico Nature - 6x27,5g","p":1.72,"u":"10,42 €/KG","img":"https://fd11-photos.leclercdrive.fr/image.ashx?id=2917813&use=l&cat=p&typeid=i","cat":284447},{"id":39172,"n":"AOP Cabernet d'Anjou vin rosé Les Caractères - 75cl","p":3.99,"u":"5,32 €/L","img":"https://fd11-photos.leclercdrive.fr/image.ashx?id=2908846&use=l&cat=p&typeid=i","cat":289558},{"id":39182,"n":"Pain de mie 100% Mie Harrys Complet sans croûte Maxi - 650g","p":2.34,"u":"3,60 €/KG","img":"https://fd11-photos.leclercdrive.fr/image.ashx?id=2517438&use=l&cat=p&typeid=i","cat":284477},{"id":39199,"n":"Pizza Turini Cuite sur pierre Campagnarde - 400g","p":2.99,"u":"7,48 €/KG","img":"https://fd11-photos.leclercdrive.fr/image.ashx?id=2816576&use=l&cat=p&typeid=i","cat":284256},{"id":39233,"n":"AOP Côtes de Provence rosé Estandon - 75cl","p":6.89,"u":"9,19 €/L","img":"https://fd11-photos.leclercdrive.fr/image.ashx?id=2868966&use=l&cat=p&typeid=i","cat":289558},{"id":39266,"n":"AOP Corse vin rosé Terres Ocrées - 75cl","p":4.99,"u":"6,65 €/L","img":"https://fd11-photos.leclercdrive.fr/image.ashx?id=2580309&use=l&cat=p&typeid=i","cat":289558},{"id":39270,"n":"AOP Touraine Sauvignon vin Blanc - Les Caractères - 75cl","p":4.99,"u":"6,65 €/L","img":"https://fd11-photos.leclercdrive.fr/image.ashx?id=2699693&use=l&cat=p&typeid=i","cat":289557},{"id":39328,"n":"Vin mousseux Kriter Brut 3x20cl","p":5.15,"u":"8,58 €/L","img":"https://fd11-photos.leclercdrive.fr/image.ashx?id=2538509&use=l&cat=p&typeid=i","cat":284544},{"id":39338,"n":"Moutarde Savora Amora 385g","p":2.22,"u":"5,77 €/KG","img":"https://fd11-photos.leclercdrive.fr/image.ashx?id=2775685&use=l&cat=p&typeid=i","cat":288850},{"id":39339,"n":"Moutarde Amora Fine & douce - 190g","p":1.59,"u":"8,37 €/KG","img":"https://fd11-photos.leclercdrive.fr/image.ashx?id=2738791&use=l&cat=p&typeid=i","cat":288850},{"id":39376,"n":"Pur jus d'orange Tropicana Sans pulpe - 1,5L","p":3.19,"u":"2,13 €/L","img":"https://fd11-photos.leclercdrive.fr/image.ashx?id=2509637&use=l&cat=p&typeid=i","cat":284521},{"id":39388,"n":"Haricots verts Bio Village Bio - 360g","p":1.89,"u":"5,25 €/KG","img":"https://fd11-photos.leclercdrive.fr/image.ashx?id=3002659&use=l&cat=p&typeid=i","cat":312606},{"id":39389,"n":"Haricots beurre Notre Jardin Extra fins 1kg","p":2.29,"u":"2,29 €/KG","img":"https://fd11-photos.leclercdrive.fr/image.ashx?id=2431134&use=l&cat=p&typeid=i","cat":319805},{"id":39390,"n":"Soupe Velouté bolet Régal soupe Déshydratée - 66g","p":1.86,"u":"28,18 €/KG","img":"https://fd11-photos.leclercdrive.fr/image.ashx?id=2188844&use=l&cat=p&typeid=i","cat":284463},{"id":39403,"n":"Joker Pur Jus Engagé Orange  sans pulpe - 1L","p":2.6,"u":"2,60 €/L","img":"https://fd11-photos.leclercdrive.fr/image.ashx?id=2984982&use=l&cat=p&typeid=i","cat":284521},{"id":39421,"n":"Jus innocent pomme 900ml","p":2.5,"u":"2,78 €/L","img":"https://fd11-photos.leclercdrive.fr/image.ashx?id=2891703&use=l&cat=p&typeid=i","cat":284354},{"id":39443,"n":"Jus innocent  orange avec pulpe 1.5L","p":3.84,"u":"2,56 €/L","img":"https://fd11-photos.leclercdrive.fr/image.ashx?id=2891223&use=l&cat=p&typeid=i","cat":285435},{"id":39444,"n":"Jus innocent orange avec pulpe 900ml","p":2.46,"u":"2,73 €/L","img":"https://fd11-photos.leclercdrive.fr/image.ashx?id=2891700&use=l&cat=p&typeid=i","cat":285435},{"id":39471,"n":"Mousse aux oeufs Bonne Maman Chocolat - 4x50g","p":2.27,"u":"11,35 €/KG","img":"https://fd11-photos.leclercdrive.fr/image.ashx?id=2571509&use=l&cat=p&typeid=i","cat":284417},{"id":39472,"n":"Mousse aux oeufs Bonne Maman Chocolat au lait - 4x50g","p":2.3,"u":"11,50 €/KG","img":"https://fd11-photos.leclercdrive.fr/image.ashx?id=2571512&use=l&cat=p&typeid=i","cat":284417},{"id":39480,"n":"Chips ondulées Pom'Lisse Nature - 6x30g","p":1.57,"u":"8,72 €/KG","img":"https://fd11-photos.leclercdrive.fr/image.ashx?id=2728246&use=l&cat=p&typeid=i","cat":284447},{"id":39485,"n":"Barre chocolatée Balisto Miel amande - x10 barres - 185g","p":2.96,"u":"16,00 €/KG","img":"https://fd11-photos.leclercdrive.fr/image.ashx?id=1930977&use=l&cat=p&typeid=i","cat":284498},{"id":39497,"n":"Barre chocolatée P'tit Déli Bille de riz - 162g","p":1.5,"u":"9,26 €/KG","img":"https://fd11-photos.leclercdrive.fr/image.ashx?id=2529599&use=l&cat=p&typeid=i","cat":284488},{"id":39498,"n":"Biscottes Epi d'Or Gout brioché x36 - 300g","p":1.51,"u":"5,03 €/KG","img":"https://fd11-photos.leclercdrive.fr/image.ashx?id=2684028&use=l&cat=p&typeid=i","cat":284479},{"id":39502,"n":"Biscuits Cookies P'tit Déli Coeur fondant noisette - 200g","p":1.44,"u":"7,20 €/KG","img":"https://fd11-photos.leclercdrive.fr/image.ashx?id=2577296&use=l&cat=p&typeid=i","cat":325066},{"id":39503,"n":"Chocolat Pâtissier Tablette dOr Praliné - 200g","p":2.15,"u":"10,75 €/KG","img":"https://fd11-photos.leclercdrive.fr/image.ashx?id=2565619&use=l&cat=p&typeid=i","cat":285562},{"id":39507,"n":"Moutarde Rustica Douce - 435g","p":1.39,"u":"3,20 €/KG","img":"https://fd11-photos.leclercdrive.fr/image.ashx?id=2052019&use=l&cat=p&typeid=i","cat":288850},{"id":39508,"n":"Mini canapés Epi d'Or Nature - 255g","p":1.12,"u":"4,39 €/KG","img":"https://fd11-photos.leclercdrive.fr/image.ashx?id=2129233&use=l&cat=p&typeid=i","cat":285454},{"id":39511,"n":"Thé lady grey Twinings x20 sachets -  40g","p":2.45,"u":"61,25 €/KG","img":"https://fd11-photos.leclercdrive.fr/image.ashx?id=2875552&use=l&cat=p&typeid=i","cat":293233},{"id":39517,"n":"Thé vert Twinings Citron x25 sachets -50g","p":2.2,"u":"44,00 €/KG","img":"https://fd11-photos.leclercdrive.fr/image.ashx?id=2893012&use=l&cat=p&typeid=i","cat":293233},{"id":39521,"n":"Cacahuètes enrobées Tokapi Salées - 150g","p":0.85,"u":"5,67 €/KG","img":"https://fd11-photos.leclercdrive.fr/image.ashx?id=2790525&use=l&cat=p&typeid=i","cat":284448},{"id":39522,"n":"Cacahuètes enrobées Tokapi Bacon - 150g","p":0.85,"u":"5,67 €/KG","img":"https://fd11-photos.leclercdrive.fr/image.ashx?id=1951858&use=l&cat=p&typeid=i","cat":284448},{"id":39523,"n":"Cacahuètes enrobées Tokapi Paprika - 150g","p":0.99,"u":"6,60 €/KG","img":"https://fd11-photos.leclercdrive.fr/image.ashx?id=2790531&use=l&cat=p&typeid=i","cat":284448},{"id":39529,"n":"Jus de citron Rustica Sicile - 50cl","p":1.67,"u":"3,34 €/L","img":"https://fd11-photos.leclercdrive.fr/image.ashx?id=2974804&use=l&cat=p&typeid=i","cat":288383},{"id":39530,"n":"Dessert bébé BabyBio Bio 6 mois Pomme / Fraise - 260g","p":1.89,"u":"7,27 €/KG","img":"https://fd11-photos.leclercdrive.fr/image.ashx?id=2827509&use=l&cat=p&typeid=i","cat":312388},{"id":39531,"n":"Compote bébé Babybio Bio 4 mois Pomme / Mangue - 260g","p":1.83,"u":"7,04 €/KG","img":"https://fd11-photos.leclercdrive.fr/image.ashx?id=2827500&use=l&cat=p&typeid=i","cat":312387},{"id":39532,"n":"Repas bébé Bio Babybio - 4 mois Bio Patate douce - 260g","p":1.97,"u":"7,58 €/KG","img":"https://fd11-photos.leclercdrive.fr/image.ashx?id=2837760&use=l&cat=p&typeid=i","cat":312234},{"id":39541,"n":"Madeleine P'tit Déli Coquilles napées chocolat -300g","p":2.62,"u":"8,73 €/KG","img":"https://fd11-photos.leclercdrive.fr/image.ashx?id=2583262&use=l&cat=p&typeid=i","cat":284492},{"id":39547,"n":"Duo Haricots verts et beurre Notre Jardin - 225g","p":1.03,"u":"4,58 €/KG","img":"https://fd11-photos.leclercdrive.fr/image.ashx?id=2988060&use=l&cat=p&typeid=i","cat":312606},{"id":39548,"n":"Haricots verts Notre Jardin Extra fins - 3x110g","p":1.83,"u":"5,55 €/KG","img":"https://fd11-photos.leclercdrive.fr/image.ashx?id=3002605&use=l&cat=p&typeid=i","cat":312606},{"id":39550,"n":"Sirop d'agave bio Bio Village 345g","p":1.99,"u":"5,77 €/KG","img":"https://fd11-photos.leclercdrive.fr/image.ashx?id=2175777&use=l&cat=p&typeid=i","cat":287643},{"id":39551,"n":"Tablettes pour chien Lydog Boeuf, poulet, agneau - 104g","p":1.22,"u":"11,73 €/KG","img":"https://fd11-photos.leclercdrive.fr/image.ashx?id=1947265&use=l&cat=p&typeid=i","cat":294527},{"id":39555,"n":"Repas bébé bio Babybio - 6 mois Veau / Légumes - 2x200g","p":2.96,"u":"7,40 €/KG","img":"https://fd11-photos.leclercdrive.fr/image.ashx?id=2850545&use=l&cat=p&typeid=i","cat":312236},{"id":39556,"n":"Gaufres liégeoises P'tit Déli Sucrées - 550g","p":2.69,"u":"4,89 €/KG","img":"https://fd11-photos.leclercdrive.fr/image.ashx?id=2430219&use=l&cat=p&typeid=i","cat":294777},{"id":39558,"n":"Croquettes chat Tous mes amis Stérilisés - 2kg","p":3.24,"u":"1,62 €/KG","img":"https://fd11-photos.leclercdrive.fr/image.ashx?id=2301490&use=l&cat=p&typeid=i","cat":284680},{"id":39559,"n":"Céréales Jordans Spécial Muesli Fruits et Noix - 750g","p":3.28,"u":"4,37 €/KG","img":"https://fd11-photos.leclercdrive.fr/image.ashx?id=2966770&use=l&cat=p&typeid=i","cat":309512},{"id":39560,"n":"Duo Haricots verts et beurre Notre Jardin - 455g","p":1.99,"u":"4,37 €/KG","img":"https://fd11-photos.leclercdrive.fr/image.ashx?id=2291408&use=l&cat=p&typeid=i","cat":312606},{"id":39561,"n":"Petits pots bio Babybio Carotte boeuf - 8mois 2x200g","p":3.65,"u":"9,13 €/KG","img":"https://fd11-photos.leclercdrive.fr/image.ashx?id=2733286&use=l&cat=p&typeid=i","cat":312236},{"id":39566,"n":"Repas bébé Babynat 6 mois Cabillaud Légumes - 2x200g","p":3.26,"u":"8,15 €/KG","img":"https://fd11-photos.leclercdrive.fr/image.ashx?id=2832008&use=l&cat=p&typeid=i","cat":312235},{"id":39569,"n":"Céréales Jordans Country Crisp Chocolat Noir 70% - 550g","p":3.61,"u":"6,56 €/KG","img":"https://fd11-photos.leclercdrive.fr/image.ashx?id=3000836&use=l&cat=p&typeid=i","cat":309512},{"id":39570,"n":"Céréales Jordans Country Crisp 4 Noix - 550g","p":2.85,"u":"5,18 €/KG","img":"https://fd11-photos.leclercdrive.fr/image.ashx?id=2973487&use=l&cat=p&typeid=i","cat":309512},{"id":39616,"n":"Sirop Moulin de Valdonne Fraise - 70cl","p":3.14,"u":"4,49 €/L","img":"https://fd11-photos.leclercdrive.fr/image.ashx?id=2170559&use=l&cat=p&typeid=i","cat":295020},{"id":39617,"n":"Sirop Moulin de Valdonne Menthe - 70cl","p":2.94,"u":"4,20 €/L","img":"https://fd11-photos.leclercdrive.fr/image.ashx?id=2170550&use=l&cat=p&typeid=i","cat":295020},{"id":39621,"n":"Boisson énergisante Red Bull 4x355ml","p":6.05,"u":"4,26 €/L","img":"https://fd11-photos.leclercdrive.fr/image.ashx?id=3011983&use=l&cat=p&typeid=i","cat":284533},{"id":39770,"n":"Edulcorant Canderel Pot, poudre 80g","p":2.29,"u":"28,63 €/KG","img":"https://fd11-photos.leclercdrive.fr/image.ashx?id=2811020&use=l&cat=p&typeid=i","cat":324846},{"id":39777,"n":"AOP Crémant d'Alsace Blanc Brut Arthur Metz - 75cl","p":6.9,"u":"9,20 €/L","img":"https://fd11-photos.leclercdrive.fr/image.ashx?id=2422926&use=l&cat=p&typeid=i","cat":284544},{"id":39783,"n":"Liqueur Malibu Coco 18% vol - 1L","p":15.45,"u":"15,45 €/L","img":"https://fd11-photos.leclercdrive.fr/image.ashx?id=2396881&use=l&cat=p&typeid=i","cat":284551},{"id":39827,"n":"Sauce Algerienne Colona 500ml","p":2.96,"u":"5,92 €/L","img":"https://fd11-photos.leclercdrive.fr/image.ashx?id=2687182&use=l&cat=p&typeid=i","cat":318431},{"id":39858,"n":"Sirop Frucci Fruits exotiques - 75cl","p":2.65,"u":"3,53 €/L","img":"https://fd11-photos.leclercdrive.fr/image.ashx?id=2842313&use=l&cat=p&typeid=i","cat":295020},{"id":39894,"n":"Bière blanche Hilbörg 4,5%vol. -  6x25cl","p":3.45,"u":"2,30 €/L","img":"https://fd11-photos.leclercdrive.fr/image.ashx?id=2913706&use=l&cat=p&typeid=i","cat":334878},{"id":39934,"n":"Yaourts à la Grecque Délisse Nature - 8x125g","p":2.15,"u":"2,15 €/KG","img":"https://fd11-photos.leclercdrive.fr/image.ashx?id=2699480&use=l&cat=p&typeid=i","cat":314999},{"id":39941,"n":"Laque Fixation Forte 24h Dop Vivelle - 250ml","p":3.76,"u":"15,04 €/L","img":"https://fd11-photos.leclercdrive.fr/image.ashx?id=2457239&use=l&cat=p&typeid=i","cat":284609},{"id":39943,"n":"Laque fixation Extra-Forte Dop Vivelle - 250ml","p":3.76,"u":"15,04 €/L","img":"https://fd11-photos.leclercdrive.fr/image.ashx?id=2457236&use=l&cat=p&typeid=i","cat":284609},{"id":39946,"n":"Crème de nuit L'Oréal Paris Revitalift anti-rides - 50ml","p":7.57,"u":"151,40 €/L","img":"https://fd11-photos.leclercdrive.fr/image.ashx?id=2865869&use=l&cat=p&typeid=i","cat":325345},{"id":39947,"n":"Soin de jour L'Oréal Paris Revitalift Anti-rides - 50ml","p":7.57,"u":"151,40 €/L","img":"https://fd11-photos.leclercdrive.fr/image.ashx?id=2851078&use=l&cat=p&typeid=i","cat":325345},{"id":39950,"n":"Yaourts Lait de brebis Délisse Nature - 4x125g","p":2.19,"u":"4,38 €/KG","img":"https://fd11-photos.leclercdrive.fr/image.ashx?id=1872007&use=l&cat=p&typeid=i","cat":314998},{"id":39951,"n":"Crème dessert Délisse Pistache - 4x125g","p":0.89,"u":"1,78 €/KG","img":"https://fd11-photos.leclercdrive.fr/image.ashx?id=2441333&use=l&cat=p&typeid=i","cat":285041},{"id":39952,"n":"Dessert Liégeois Délisse Vanille Chocolat - 8x100g","p":2.09,"u":"2,61 €/KG","img":"https://fd11-photos.leclercdrive.fr/image.ashx?id=2631444&use=l&cat=p&typeid=i","cat":285042},{"id":39953,"n":"crème dessert chocolat danette pop billes 3 chocolats - 4x117g","p":2.41,"u":"5,15 €/KG","img":"https://fd11-photos.leclercdrive.fr/image.ashx?id=2926230&use=l&cat=p&typeid=i","cat":285041},{"id":39954,"n":"Crème dessert vanille Danette  Billes 3 chocolats - 4x117g","p":2.41,"u":"5,15 €/KG","img":"https://fd11-photos.leclercdrive.fr/image.ashx?id=2926227&use=l&cat=p&typeid=i","cat":285041},{"id":39970,"n":"Poivre noir moulu Ducros N°8 - 38g","p":2.11,"u":"55,53 €/KG","img":"https://fd11-photos.leclercdrive.fr/image.ashx?id=2311051&use=l&cat=p&typeid=i","cat":284457},{"id":39972,"n":"Basilic Ducros 11g","p":1.23,"u":"111,82 €/KG","img":"https://fd11-photos.leclercdrive.fr/image.ashx?id=2559469&use=l&cat=p&typeid=i","cat":298297},{"id":39973,"n":"Plat bébé Blédina 12 mois  Boulghour tomate saumon -2x200g","p":2.66,"u":"6,65 €/KG","img":"https://fd11-photos.leclercdrive.fr/image.ashx?id=2975083&use=l&cat=p&typeid=i","cat":312237},{"id":39974,"n":"Plat bébé Blédina 6 mois  Purée butternut poulet - 2x200g","p":2.74,"u":"6,85 €/KG","img":"https://fd11-photos.leclercdrive.fr/image.ashx?id=2975080&use=l&cat=p&typeid=i","cat":312236},{"id":39992,"n":"Gel douche Manava Monoï de Polynésie 250ml","p":1.15,"u":"4,60 €/L","img":"https://fd11-photos.leclercdrive.fr/image.ashx?id=2626805&use=l&cat=p&typeid=i","cat":284594},{"id":39995,"n":"Recharge gel lavant Manava Savon de Marseil. Olive - 250ml","p":0.66,"u":"2,64 €/L","img":"https://fd11-photos.leclercdrive.fr/image.ashx?id=2935501&use=l&cat=p&typeid=i","cat":284597},{"id":40003,"n":"Saucisson Justin Bridou La Juste Sèche - 275g","p":3.63,"u":"13,20 €/KG","img":"https://fd11-photos.leclercdrive.fr/image.ashx?id=2756927&use=l&cat=p&typeid=i","cat":316006},{"id":40004,"n":"Saucisson Mini Justin Bridou  Bâton de Berger - 100g","p":2.2,"u":"22,00 €/KG","img":"https://fd11-photos.leclercdrive.fr/image.ashx?id=3011440&use=l&cat=p&typeid=i","cat":316006},{"id":40006,"n":"Houmous Extra l'Atelier Blini 175g","p":2.71,"u":"15,49 €/KG","img":"https://fd11-photos.leclercdrive.fr/image.ashx?id=2795093&use=l&cat=p&typeid=i","cat":315999},{"id":40017,"n":"Tzatziki Blini Extra - 175g","p":2.74,"u":"15,66 €/KG","img":"https://fd11-photos.leclercdrive.fr/image.ashx?id=2973703&use=l&cat=p&typeid=i","cat":315999},{"id":40027,"n":"Tartinable Thon Cap Océan MSC Fromage Frais Ciboulette - 140g","p":1.88,"u":"13,43 €/KG","img":"https://fd11-photos.leclercdrive.fr/image.ashx?id=2434425&use=l&cat=p&typeid=i","cat":285191},{"id":40033,"n":"Yaourt nature sucré Yoplait - 16x125g","p":3.19,"u":"1,60 €/KG","img":"https://fd11-photos.leclercdrive.fr/image.ashx?id=2796821&use=l&cat=p&typeid=i","cat":284409},{"id":40034,"n":"Menthe Pastille Giffard 24%vol - 70cl","p":11.85,"pp":10.85,"u":"15,50 €/L","img":"https://fd11-photos.leclercdrive.fr/image.ashx?id=2529903&use=l&cat=p&typeid=i","cat":286032},{"id":40038,"n":"Bière Lindemans Kriek 3.5%vol. - 25cl","p":1.57,"u":"6,28 €/L","img":"https://fd11-photos.leclercdrive.fr/image.ashx?id=2830894&use=l&cat=p&typeid=i","cat":334872},{"id":40081,"n":"Rillettes de canard Tradilège 220g","p":2.75,"u":"12,50 €/KG","img":"https://fd11-photos.leclercdrive.fr/image.ashx?id=2560575&use=l&cat=p&typeid=i","cat":316008},{"id":40089,"n":"Gel douche Manava Cranberry myrtille - 250ml","p":1.15,"u":"4,60 €/L","img":"https://fd11-photos.leclercdrive.fr/image.ashx?id=2626802&use=l&cat=p&typeid=i","cat":284594},{"id":40090,"n":"Lait corps Inell Nourrissant - 250ml","p":2.33,"u":"9,32 €/L","img":"https://fd11-photos.leclercdrive.fr/image.ashx?id=2691661&use=l&cat=p&typeid=i","cat":325349},{"id":40094,"n":"Saucissons secs Saint Azay Stick nature 100g","p":1.99,"u":"19,90 €/KG","img":"https://fd11-photos.leclercdrive.fr/image.ashx?id=2977162&use=l&cat=p&typeid=i","cat":316006},{"id":40101,"n":"Saucisson Saint-Azay  Fuet Catalan - 170 g","p":2.09,"u":"12,29 €/KG","img":"https://fd11-photos.leclercdrive.fr/image.ashx?id=2856302&use=l&cat=p&typeid=i","cat":316006},{"id":40106,"n":"Aiguillettes poulet blanc Volandrie - 210g","p":2.95,"u":"14,05 €/KG","img":"https://fd11-photos.leclercdrive.fr/image.ashx?id=2647883&use=l&cat=p&typeid=i","cat":284336},{"id":40122,"n":"AOP Côtes de Provence vin rosé Terres Ocrées - 75cl - 13%","p":4.99,"u":"6,65 €/L","img":"https://fd11-photos.leclercdrive.fr/image.ashx?id=2896895&use=l&cat=p&typeid=i","cat":289558},{"id":40127,"n":"Pizza Saumon  550g","p":5.99,"u":"10,89 €/KG","img":"https://fd11-photos.leclercdrive.fr/image.ashx?id=746692&use=l&cat=p&typeid=i","cat":333679},{"id":40133,"n":"Gaufrettes Paille d'Or LU Framboise - 170g","p":1.79,"u":"10,53 €/KG","img":"https://fd11-photos.leclercdrive.fr/image.ashx?id=2883753&use=l&cat=p&typeid=i","cat":284489},{"id":40135,"n":"Biscottes Heudebert  Nature - 300g","p":1.31,"u":"4,37 €/KG","img":"https://fd11-photos.leclercdrive.fr/image.ashx?id=2368291&use=l&cat=p&typeid=i","cat":284479},{"id":40137,"n":"Biscuits Pocket Petit Ecolier  LU Chocolat au lait - 250g","p":2.65,"u":"10,60 €/KG","img":"https://fd11-photos.leclercdrive.fr/image.ashx?id=3005326&use=l&cat=p&typeid=i","cat":284488},{"id":40142,"n":"Compote Douceur du Verger Coupelle multivariétés -16x100g","p":3.99,"u":"2,49 €/KG","img":"https://fd11-photos.leclercdrive.fr/image.ashx?id=2663533&use=l&cat=p&typeid=i","cat":284508},{"id":40214,"n":"Sauce Pesto Barilla Basilic et Roquette - 190g","p":1.86,"u":"9,79 €/KG","img":"https://fd11-photos.leclercdrive.fr/image.ashx?id=2457980&use=l&cat=p&typeid=i","cat":287599},{"id":40215,"n":"Petit pot soir Babybio Bio P.pois maïs riz, 6 mois 2x200g","p":2.56,"u":"6,40 €/KG","img":"https://fd11-photos.leclercdrive.fr/image.ashx?id=2827476&use=l&cat=p&typeid=i","cat":312239},{"id":40217,"n":"Petits pots Babybio Bio Légumes jambon - 8mois 2x200g","p":2.89,"u":"7,23 €/KG","img":"https://fd11-photos.leclercdrive.fr/image.ashx?id=2838464&use=l&cat=p&typeid=i","cat":312236},{"id":40271,"n":"Baguette céréales 250g","p":0.99,"u":"3,96 €/KG","img":"https://fd11-photos.leclercdrive.fr/image.ashx?id=2063062&use=l&cat=p&typeid=i","cat":284359},{"id":40279,"n":"Jus innocent orange sans pulpe 900ml","p":2.42,"u":"2,69 €/L","img":"https://fd11-photos.leclercdrive.fr/image.ashx?id=2736583&use=l&cat=p&typeid=i","cat":285435},{"id":40313,"n":"Madeleines marbrées P'tit Déli Chocolat 400g","p":2.15,"u":"5,38 €/KG","img":"https://fd11-photos.leclercdrive.fr/image.ashx?id=2646065&use=l&cat=p&typeid=i","cat":284492},{"id":40329,"n":"Chocolat en poudre Equador Pur Cacao non sucré - 250g","p":3.28,"u":"13,12 €/KG","img":"https://fd11-photos.leclercdrive.fr/image.ashx?id=2120290&use=l&cat=p&typeid=i","cat":284504},{"id":40332,"n":"Bière aromatisée Desperados 5.9%vol. - 20x25cl","p":17.74,"u":"3,55 €/L","img":"https://fd11-photos.leclercdrive.fr/image.ashx?id=2977300&use=l&cat=p&typeid=i","cat":334878},{"id":40336,"n":"Bière blonde Heineken 12x33cl","p":11.3,"u":"2,85 €/L","img":"https://fd11-photos.leclercdrive.fr/image.ashx?id=3008110&use=l&cat=p&typeid=i","cat":334873},{"id":40342,"n":"Serviette Tena Lady - Maxi Night - x12","p":5.99,"u":"0,50 €/P","img":"https://fd11-photos.leclercdrive.fr/image.ashx?id=2597232&use=l&cat=p&typeid=i","cat":284628},{"id":40412,"n":"Thon entier Petit Navire Huile de tournesol - 160g","p":1.83,"u":"11,44 €/KG","img":"https://fd11-photos.leclercdrive.fr/image.ashx?id=2523846&use=l&cat=p&typeid=i","cat":303867},{"id":40430,"n":"Plat bébé soir Blédiner 8 mois  Patate douce carotte - 2x200g","p":2.16,"u":"5,40 €/KG","img":"https://fd11-photos.leclercdrive.fr/image.ashx?id=2902969&use=l&cat=p&typeid=i","cat":312239},{"id":40483,"n":"Farce à légumes maison  500g","p":4.25,"u":"8,50 €/KG","img":"https://fd11-photos.leclercdrive.fr/image.ashx?id=773402&use=l&cat=p&typeid=i","cat":284332},{"id":40490,"n":"Compote Andros Pomme abricot - 8x100g","p":3.49,"u":"4,36 €/KG","img":"https://fd11-photos.leclercdrive.fr/image.ashx?id=2968097&use=l&cat=p&typeid=i","cat":284416},{"id":40491,"n":"Compotes Andros Pomme poire 8x100g","p":2.76,"u":"3,45 €/KG","img":"https://fd11-photos.leclercdrive.fr/image.ashx?id=2883943&use=l&cat=p&typeid=i","cat":284416},{"id":40494,"n":"Compotes Andros Pomme châtaigne 8x100g","p":2.86,"u":"3,58 €/KG","img":"https://fd11-photos.leclercdrive.fr/image.ashx?id=2988611&use=l&cat=p&typeid=i","cat":284416},{"id":40495,"n":"Gâteau mix max Balconi Cacao 350g","p":1.93,"u":"5,51 €/KG","img":"https://fd11-photos.leclercdrive.fr/image.ashx?id=2878408&use=l&cat=p&typeid=i","cat":284495},{"id":40516,"n":"Compote Douceur du Verger Gourdes multivariétés - 12x90g","p":4.09,"u":"3,79 €/KG","img":"https://fd11-photos.leclercdrive.fr/image.ashx?id=2837048&use=l&cat=p&typeid=i","cat":284508},{"id":40519,"n":"Kit fajitas Old El Paso extra doux - 478g","p":4.87,"u":"10,19 €/KG","img":"https://fd11-photos.leclercdrive.fr/image.ashx?id=2765405&use=l&cat=p&typeid=i","cat":288993},{"id":40565,"n":"Pain complet tranché   300g","p":1.3,"u":"4,33 €/KG","img":"https://fd11-photos.leclercdrive.fr/image.ashx?id=2063074&use=l&cat=p&typeid=i","cat":284359},{"id":40573,"n":"Tablette chocolat Milka Chocolat lait/Noisette - 2x100g","p":3.34,"u":"16,70 €/KG","img":"https://fd11-photos.leclercdrive.fr/image.ashx?id=2832422&use=l&cat=p&typeid=i","cat":284497},{"id":40574,"n":"Tablette chocolat Milka Chocolat lait/Riz - 2x100g","p":3.04,"u":"15,20 €/KG","img":"https://fd11-photos.leclercdrive.fr/image.ashx?id=2400448&use=l&cat=p&typeid=i","cat":284497},{"id":40612,"n":"Fromage de Brebis Etorki  180g","p":3.32,"u":"18,44 €/KG","img":"https://fd11-photos.leclercdrive.fr/image.ashx?id=2702816&use=l&cat=p&typeid=i","cat":329184},{"id":40620,"n":"Jus innocent  orange sans pulpe 1.5L","p":3.6,"u":"2,40 €/L","img":"https://fd11-photos.leclercdrive.fr/image.ashx?id=2889811&use=l&cat=p&typeid=i","cat":285435},{"id":40631,"n":"Levure Chimique Alsacienne alsa 8 sachets - 88g","p":0.67,"u":"7,61 €/KG","img":"https://fd11-photos.leclercdrive.fr/image.ashx?id=3009335&use=l&cat=p&typeid=i","cat":294686},{"id":40649,"n":"Pansement Primoplast Transparents x40","p":0.99,"u":"0,02 €/P","img":"https://fd11-photos.leclercdrive.fr/image.ashx?id=2832957&use=l&cat=p&typeid=i","cat":284630},{"id":40666,"n":"Antiseptique Primoplast Spray - 100ml","p":2.4,"u":"24,00 €/L","img":"https://fd11-photos.leclercdrive.fr/image.ashx?id=2856522&use=l&cat=p&typeid=i","cat":284630},{"id":40676,"n":"Beurre Tendre Président Demi-sel - 80% MG - 250g","p":3.14,"u":"12,56 €/KG","img":"https://fd11-photos.leclercdrive.fr/image.ashx?id=2731420&use=l&cat=p&typeid=i","cat":284379},{"id":40708,"n":"IGP Gard vin rosé Rives & Terrasses 12% vol - BIB 5L","p":13.99,"u":"2,80 €/L","img":"https://fd11-photos.leclercdrive.fr/image.ashx?id=2882325&use=l&cat=p&typeid=i","cat":289560},{"id":40733,"n":"Saumon fumé Labeyrie Ecosse 2 tranches - 75g","p":4.95,"u":"66,00 €/KG","img":"https://fd11-photos.leclercdrive.fr/image.ashx?id=2729908&use=l&cat=p&typeid=i","cat":285188},{"id":40736,"n":"Saumon fumé Labeyrie Norvège 2 tranches - 75g","p":4.5,"u":"60,00 €/KG","img":"https://fd11-photos.leclercdrive.fr/image.ashx?id=2729905&use=l&cat=p&typeid=i","cat":285188},{"id":40774,"n":"Lingettes nettoyantes La Croix Désinfectant Javel - x 25","p":1.46,"u":"0,06 €/P","img":"https://fd11-photos.leclercdrive.fr/image.ashx?id=2540106&use=l&cat=p&typeid=i","cat":325358},{"id":40776,"n":"Détachant avant lavage K2R  Tâche incrustée mousse  - 400mL","p":2.74,"u":"6,85 €/L","img":"https://fd11-photos.leclercdrive.fr/image.ashx?id=2101177&use=l&cat=p&typeid=i","cat":284651},{"id":40789,"n":"Yaourts à boire Délisse Fraise - 8x100g","p":1.95,"u":"2,44 €/KG","img":"https://fd11-photos.leclercdrive.fr/image.ashx?id=2762504&use=l&cat=p&typeid=i","cat":284415},{"id":40790,"n":"Yaourt brassé Bio Bio Village Nature - 4x125g","p":1.2,"u":"2,40 €/KG","img":"https://fd11-photos.leclercdrive.fr/image.ashx?id=2064624&use=l&cat=p&typeid=i","cat":284409},{"id":40804,"n":"Capsule pour terrine Lepar Diamètre 82 - x12","p":6.37,"u":"0,53 €/P","img":"https://fd11-photos.leclercdrive.fr/image.ashx?id=2319505&use=l&cat=p&typeid=i","cat":284710},{"id":40805,"n":"Rondelle caoutchouc Le Parfait Diamètre 70 - x10","p":2.29,"u":"0,23 €/P","img":"https://fd11-photos.leclercdrive.fr/image.ashx?id=2807489&use=l&cat=p&typeid=i","cat":284710},{"id":40806,"n":"Recharge Frixion Ball Pilot Moyen x3","p":4.56,"u":"1,52 €/P","img":"https://fd11-photos.leclercdrive.fr/image.ashx?id=2969073&use=l&cat=p&typeid=i","cat":284696},{"id":40868,"n":"Pizza Chorizo  430g","p":5.99,"u":"13,93 €/KG","img":"https://fd11-photos.leclercdrive.fr/image.ashx?id=723948&use=l&cat=p&typeid=i","cat":333679},{"id":40870,"n":"Purée de courgettes Florette 2x200g","p":2.93,"u":"7,33 €/KG","img":"https://fd11-photos.leclercdrive.fr/image.ashx?id=2790006&use=l&cat=p&typeid=i","cat":333665},{"id":40872,"n":"Ecrasé de légumes Florette Pomme de terre carottes 2x200g","p":2.93,"u":"7,33 €/KG","img":"https://fd11-photos.leclercdrive.fr/image.ashx?id=2767696&use=l&cat=p&typeid=i","cat":333665},{"id":40904,"n":"Pesto rosso Turini 190g","p":1.68,"u":"8,84 €/KG","img":"https://fd11-photos.leclercdrive.fr/image.ashx?id=2546257&use=l&cat=p&typeid=i","cat":287599},{"id":40908,"n":"Sauce pizza Tomapizza Panzani aux tomates et origan - 390g","p":1.28,"u":"3,28 €/KG","img":"https://fd11-photos.leclercdrive.fr/image.ashx?id=2744626&use=l&cat=p&typeid=i","cat":288384},{"id":40946,"n":"Whisky Chivas Regal 18 ans Blended Scotch 40% vol - 70cl","p":50.9,"pp":45.81,"u":"65,44 €/L","img":"https://fd11-photos.leclercdrive.fr/image.ashx?id=2884084&use=l&cat=p&typeid=i","cat":284547},{"id":40967,"n":"AOP Bourgogne Aligoté vin blanc Antoine Barrier - 75cl","p":6.49,"u":"8,65 €/L","img":"https://fd11-photos.leclercdrive.fr/image.ashx?id=2883011&use=l&cat=p&typeid=i","cat":289557},{"id":40968,"n":"AOP Bordeaux Supérieur rouge Château Labatut Prestige - 75cl","p":5.9,"u":"7,87 €/L","img":"https://fd11-photos.leclercdrive.fr/image.ashx?id=2860973&use=l&cat=p&typeid=i","cat":289556},{"id":40988,"n":"Détachant Ace Délicat Système 8+ 2L","p":4.15,"u":"2,08 €/L","img":"https://fd11-photos.leclercdrive.fr/image.ashx?id=2559152&use=l&cat=p&typeid=i","cat":284651},{"id":41002,"n":"Repas fraicheur pour chat Sheba Volaille en sauce - 6x50g","p":2.49,"u":"8,30 €/KG","img":"https://fd11-photos.leclercdrive.fr/image.ashx?id=2888097&use=l&cat=p&typeid=i","cat":285286},{"id":41016,"n":"Sachet fraîcheur chat Sheba Poissons en sauce - 4x85g","p":2.08,"u":"6,12 €/KG","img":"https://fd11-photos.leclercdrive.fr/image.ashx?id=2759625&use=l&cat=p&typeid=i","cat":285286},{"id":41018,"n":"Pur jus d'ananas Jafaden Bouteille 1L","p":1.99,"u":"1,99 €/L","img":"https://fd11-photos.leclercdrive.fr/image.ashx?id=2956729&use=l&cat=p&typeid=i","cat":284916},{"id":41019,"n":"Pur jus de raisin Jafaden Bouteille 1L","p":1.54,"u":"1,54 €/L","img":"https://fd11-photos.leclercdrive.fr/image.ashx?id=2843587&use=l&cat=p&typeid=i","cat":284915},{"id":41020,"n":"Pur jus Jafaden Clémentine - 1L","p":1.91,"u":"1,91 €/L","img":"https://fd11-photos.leclercdrive.fr/image.ashx?id=2895786&use=l&cat=p&typeid=i","cat":284915},{"id":41022,"n":"Sachet fraicheur chat Sheba Thon cabillaud en sauce - 6x50g","p":2.55,"u":"8,50 €/KG","img":"https://fd11-photos.leclercdrive.fr/image.ashx?id=2347128&use=l&cat=p&typeid=i","cat":285286},{"id":41140,"n":"Filets maquereaux Pêche Océan Naturel - 95g","p":1.48,"u":"15,58 €/KG","img":"https://fd11-photos.leclercdrive.fr/image.ashx?id=2515685&use=l&cat=p&typeid=i","cat":303868},{"id":41188,"n":"Captain Morgan Original Spiced Boisson à base de rhum- 70cl","p":12.51,"u":"17,87 €/L","img":"https://fd11-photos.leclercdrive.fr/image.ashx?id=2518403&use=l&cat=p&typeid=i","cat":284551},{"id":41190,"n":"Liqueur de Whisky Jack Daniel's Honey 70cL","p":19.95,"pp":17.95,"u":"25,64 €/L","img":"https://fd11-photos.leclercdrive.fr/image.ashx?id=2973982&use=l&cat=p&typeid=i","cat":286032},{"id":41192,"n":"Absorbeur Aero 360° Rubson Stop humidité - 20m²+1 recharge","p":20.37,"img":"https://fd11-photos.leclercdrive.fr/image.ashx?id=2380955&use=l&cat=p&typeid=i","cat":300576},{"id":41223,"n":"Chips natures paysannes Bret's Au sel de Guérande 250g","p":2.2,"u":"8,80 €/KG","img":"https://fd11-photos.leclercdrive.fr/image.ashx?id=2217651&use=l&cat=p&typeid=i","cat":284447},{"id":41238,"n":"Beurre La Motte Président Sel de mer - 80% MG - 250g","p":3.19,"u":"12,76 €/KG","img":"https://fd11-photos.leclercdrive.fr/image.ashx?id=2896958&use=l&cat=p&typeid=i","cat":284379},{"id":41268,"n":"Croquettes chat  Eco+ Viandes légumes-  2kg","p":2.33,"u":"1,17 €/KG","img":"https://fd11-photos.leclercdrive.fr/image.ashx?id=2932381&use=l&cat=p&typeid=i","cat":284680},{"id":41271,"n":"Croquettes chiens Eco+ Adulte - Boeuf - 10kg","p":9.97,"u":"1,00 €/KG","img":"https://fd11-photos.leclercdrive.fr/image.ashx?id=2368647&use=l&cat=p&typeid=i","cat":284672},{"id":41275,"n":"Croquettes chat Purina One Sterilisé - Poulet - 1,5kg","p":6.93,"u":"4,62 €/KG","img":"https://fd11-photos.leclercdrive.fr/image.ashx?id=2488046&use=l&cat=p&typeid=i","cat":284680},{"id":41278,"n":"Croquettes chiens Eco+ Adulte - Viande -  4kg","p":3.93,"u":"0,98 €/KG","img":"https://fd11-photos.leclercdrive.fr/image.ashx?id=2046986&use=l&cat=p&typeid=i","cat":284672},{"id":41283,"n":"Sachets pour chats Gourmet Multivariétés - 12x85g","p":5.4,"u":"5,29 €/KG","img":"https://fd11-photos.leclercdrive.fr/image.ashx?id=2902343&use=l&cat=p&typeid=i","cat":285286},{"id":41285,"n":"Croquettes chaton Purina One  Junior -Poulet/Céréales - 1,5kg","p":7.15,"u":"4,77 €/KG","img":"https://fd11-photos.leclercdrive.fr/image.ashx?id=2433563&use=l&cat=p&typeid=i","cat":284680},{"id":41286,"n":"Croquettes chat Purina One  Stérilisé Adulte-Saumon/Blé-3kg","p":12.95,"u":"4,32 €/KG","img":"https://fd11-photos.leclercdrive.fr/image.ashx?id=2488049&use=l&cat=p&typeid=i","cat":284680},{"id":41289,"n":"Croquettes chat Purina One Urinary care - Poulet - 450g","p":2.68,"u":"5,96 €/KG","img":"https://fd11-photos.leclercdrive.fr/image.ashx?id=2459940&use=l&cat=p&typeid=i","cat":284680},{"id":41291,"n":"Croquettes chat Purina One Stérilisé Adulte-Boeuf/blé -3kg","p":12.73,"u":"4,24 €/KG","img":"https://fd11-photos.leclercdrive.fr/image.ashx?id=2488043&use=l&cat=p&typeid=i","cat":284680},{"id":41293,"n":"Sachets repas chats Purina One Stérilisés - Saumon Dinde 4x85g","p":2.07,"u":"6,09 €/KG","img":"https://fd11-photos.leclercdrive.fr/image.ashx?id=2902349&use=l&cat=p&typeid=i","cat":285286},{"id":41333,"n":"Lait céréales Blédidej 9 mois Caramel - 4x250ml","p":3.64,"u":"14,56 €/L","img":"https://fd11-photos.leclercdrive.fr/image.ashx?id=2921061&use=l&cat=p&typeid=i","cat":312226},{"id":41337,"n":"Lait céréales Blédidej 9 mois Madeleine - 4x250ml","p":3.64,"u":"3,64 €/L","img":"https://fd11-photos.leclercdrive.fr/image.ashx?id=2921052&use=l&cat=p&typeid=i","cat":312226},{"id":41352,"n":"Gommage visage Inell Douceur - 75ml","p":2.0,"u":"26,67 €/L","img":"https://fd11-photos.leclercdrive.fr/image.ashx?id=2686344&use=l&cat=p&typeid=i","cat":284603},{"id":41357,"n":"Steak *** Charal 130g","p":3.34,"u":"25,69 €/KG","img":"https://fd11-photos.leclercdrive.fr/image.ashx?id=1893005&use=l&cat=p&typeid=i","cat":284328},{"id":41422,"n":"Fromage à Tartiner St Môret  Nature - 300g","p":3.29,"u":"10,97 €/KG","img":"https://fd11-photos.leclercdrive.fr/image.ashx?id=2755465&use=l&cat=p&typeid=i","cat":314029},{"id":41460,"n":"Pain de mie 100% Mie Harrys Complet sans croûte - 500g","p":1.79,"u":"3,58 €/KG","img":"https://fd11-photos.leclercdrive.fr/image.ashx?id=2731864&use=l&cat=p&typeid=i","cat":284477},{"id":41463,"n":"Autocollants Insectivor Anti-mouches - x4","p":2.54,"u":"0,64 €/P","img":"https://fd11-photos.leclercdrive.fr/image.ashx?id=2606828&use=l&cat=p&typeid=i","cat":298368},{"id":41464,"n":"Purée de tomates Turini Brique 500g","p":0.75,"u":"1,50 €/KG","img":"https://fd11-photos.leclercdrive.fr/image.ashx?id=2729287&use=l&cat=p&typeid=i","cat":288384},{"id":41465,"n":"Cotons Inell Maxi confort x80","p":1.78,"img":"https://fd11-photos.leclercdrive.fr/image.ashx?id=1926969&use=l&cat=p&typeid=i","cat":284636},{"id":41478,"n":"Mouchoirs blancs 3 plis Univert Boîte mouchoirs en papier -x100","p":1.55,"u":"0,02 €/P","img":"https://fd11-photos.leclercdrive.fr/image.ashx?id=1960038&use=l&cat=p&typeid=i","cat":284638},{"id":41492,"n":"Tartines croustillantes Wasa Fibres - 230g","p":1.51,"u":"6,57 €/KG","img":"https://fd11-photos.leclercdrive.fr/image.ashx?id=3011854&use=l&cat=p&typeid=i","cat":284479},{"id":41493,"n":"Tartines croustillantes Wasa Authentique - 275g","p":1.43,"u":"5,20 €/KG","img":"https://fd11-photos.leclercdrive.fr/image.ashx?id=3011857&use=l&cat=p&typeid=i","cat":284479},{"id":41517,"n":"Couches bébé Mots d'Enfants T6 Douceur - 16kg+ - x58 changes","p":12.75,"img":"https://fd11-photos.leclercdrive.fr/image.ashx?id=2904577&use=l&cat=p&typeid=i","cat":284737},{"id":41524,"n":"Ossau Iraty AOP Istara Fromage de brebis - 180g","p":3.5,"u":"19,44 €/KG","img":"https://fd11-photos.leclercdrive.fr/image.ashx?id=2766193&use=l&cat=p&typeid=i","cat":329184},{"id":41534,"n":"Déodorant Spray Homme Nivea Men Black&White Original - 200ml","p":2.39,"u":"11,95 €/L","img":"https://fd11-photos.leclercdrive.fr/image.ashx?id=3005218&use=l&cat=p&typeid=i","cat":284618},{"id":41551,"n":"Soda Schweppes Saveur Citron - 1,5L","p":1.89,"u":"1,26 €/L","img":"https://fd11-photos.leclercdrive.fr/image.ashx?id=2852417&use=l&cat=p&typeid=i","cat":284532},{"id":41556,"n":"Boisson aux fruits Oasis Orange - 2L","p":2.44,"u":"1,22 €/L","img":"https://fd11-photos.leclercdrive.fr/image.ashx?id=2688653&use=l&cat=p&typeid=i","cat":295018},{"id":41579,"n":"Macédoine déjà égouttée D'aucy  530g","p":1.99,"u":"3,75 €/KG","img":"https://fd11-photos.leclercdrive.fr/image.ashx?id=2835833&use=l&cat=p&typeid=i","cat":312612},{"id":41647,"n":"AOP Alsace Gewurztraminer   vin blanc Rebmann - 75 cl","p":5.99,"u":"7,99 €/L","img":"https://fd11-photos.leclercdrive.fr/image.ashx?id=2836322&use=l&cat=p&typeid=i","cat":289557},{"id":41691,"n":"AOP Cabernet d'Anjou BIO vin  rosé Les Caractères - 75cl","p":4.99,"u":"6,65 €/L","img":"https://fd11-photos.leclercdrive.fr/image.ashx?id=2946871&use=l&cat=p&typeid=i","cat":289558},{"id":41700,"n":"Sauce Tomate Cuisinée Heinz Ail & Oignon - 520g","p":1.37,"u":"2,63 €/KG","img":"https://fd11-photos.leclercdrive.fr/image.ashx?id=2950849&use=l&cat=p&typeid=i","cat":288384},{"id":41706,"n":"Soupe déshydratée Yum yum Nouilles/boeuf - 60g","p":0.49,"u":"8,17 €/KG","img":"https://fd11-photos.leclercdrive.fr/image.ashx?id=2917130&use=l&cat=p&typeid=i","cat":288992},{"id":41710,"n":"Soupe déshydratée Yum yum Nouilles/poulet - 60g","p":0.49,"u":"8,17 €/KG","img":"https://fd11-photos.leclercdrive.fr/image.ashx?id=2966315&use=l&cat=p&typeid=i","cat":288992},{"id":41713,"n":"Soupe déshydratée Yum yum Nouilles/crevette - 60g","p":0.49,"u":"8,17 €/KG","img":"https://fd11-photos.leclercdrive.fr/image.ashx?id=2909284&use=l&cat=p&typeid=i","cat":288992},{"id":41800,"n":"Mayonnaise Fine & Douce Lesieur 475g","p":2.16,"u":"4,55 €/KG","img":"https://fd11-photos.leclercdrive.fr/image.ashx?id=2918541&use=l&cat=p&typeid=i","cat":298295},{"id":41803,"n":"Asperges vertes d'aucy  21,2cl","p":2.17,"u":"21,70 €/KG","img":"https://fd11-photos.leclercdrive.fr/image.ashx?id=2597723&use=l&cat=p&typeid=i","cat":312611},{"id":41841,"n":"AOP Bordeaux vin rouge Chantet Blanet - 75cl","p":2.89,"u":"3,85 €/L","img":"https://fd11-photos.leclercdrive.fr/image.ashx?id=2741285&use=l&cat=p&typeid=i","cat":289556},{"id":41845,"n":"Génoise fourrée Kinder Pingui Lait et cacao x8 - 240g","p":2.23,"u":"9,29 €/KG","img":"https://fd11-photos.leclercdrive.fr/image.ashx?id=2855352&use=l&cat=p&typeid=i","cat":284420},{"id":41846,"n":"Compotes Andros Panachés 16x100g","p":4.59,"u":"2,87 €/KG","img":"https://fd11-photos.leclercdrive.fr/image.ashx?id=2921343&use=l&cat=p&typeid=i","cat":284416},{"id":41858,"n":"Yaourt SMARTIES Fraise bonbons chocolat 4x120g","p":2.28,"u":"4,75 €/KG","img":"https://fd11-photos.leclercdrive.fr/image.ashx?id=2890046&use=l&cat=p&typeid=i","cat":284414},{"id":41862,"n":"Compotes Andros 6 Pommes  et 6 pommes fraises - 12x100g","p":3.69,"u":"3,08 €/KG","img":"https://fd11-photos.leclercdrive.fr/image.ashx?id=2988318&use=l&cat=p&typeid=i","cat":284416},{"id":41868,"n":"Bûche de chèvre Soignon 400g","p":4.12,"u":"10,30 €/KG","img":"https://fd11-photos.leclercdrive.fr/image.ashx?id=2840988&use=l&cat=p&typeid=i","cat":314031},{"id":41876,"n":"AOP Tavel vin rosé Rives & Terrasses - 75cl","p":6.85,"u":"9,13 €/L","img":"https://fd11-photos.leclercdrive.fr/image.ashx?id=2890015&use=l&cat=p&typeid=i","cat":289558},{"id":41903,"n":"Jus de pomme Jafaden A base de concentré - 2L","p":1.85,"u":"0,93 €/L","img":"https://fd11-photos.leclercdrive.fr/image.ashx?id=2470240&use=l&cat=p&typeid=i","cat":284522},{"id":41912,"n":"Sirop fraise de Plougastel NRT 70cl","p":3.2,"u":"4,57 €/L","img":"https://fd11-photos.leclercdrive.fr/image.ashx?id=2590481&use=l&cat=p&typeid=i","cat":295020},{"id":41915,"n":"AOP Morgon vin rouge Antoine Barrier - 75cl","p":6.99,"u":"9,32 €/L","img":"https://fd11-photos.leclercdrive.fr/image.ashx?id=2751907&use=l&cat=p&typeid=i","cat":289556},{"id":41923,"n":"Vin d'Union Européenne rosé Adrien Champaud 11% vol BIB 5L","p":8.49,"u":"1,70 €/L","img":"https://fd11-photos.leclercdrive.fr/image.ashx?id=2959707&use=l&cat=p&typeid=i","cat":289560},{"id":41924,"n":"Vin d'Union Européenne rouge Adrien Champaud 12% vol BIB 5L","p":8.49,"u":"1,70 €/L","img":"https://fd11-photos.leclercdrive.fr/image.ashx?id=2959713&use=l&cat=p&typeid=i","cat":289560},{"id":41990,"n":"Steaks Hachés Limousin Charal Pur Bœuf 12%MG - 8x125g - 1kg","p":14.31,"u":"14,31 €/KG","img":"https://fd11-photos.leclercdrive.fr/image.ashx?id=2974626&use=l&cat=p&typeid=i","cat":319778},{"id":42044,"n":"Noix de cajou Maître Prunille Sans sel, grillé, sachet 200g","p":4.56,"u":"22,80 €/KG","img":"https://fd11-photos.leclercdrive.fr/image.ashx?id=1750478&use=l&cat=p&typeid=i","cat":284357},{"id":42045,"n":"Amande grillée Maître Prunille Décortiquée sans sel 250g","p":4.09,"u":"16,36 €/KG","img":"https://fd11-photos.leclercdrive.fr/image.ashx?id=1750481&use=l&cat=p&typeid=i","cat":284448},{"id":42046,"n":"Pruneaux d'Agen Maître Prunille IGP Dénoyautés - 500g","p":5.6,"u":"11,20 €/KG","img":"https://fd11-photos.leclercdrive.fr/image.ashx?id=2016029&use=l&cat=p&typeid=i","cat":284357},{"id":42063,"n":"Madeleines Saint Michel Oeufs de poule plein air - 500g","p":1.98,"u":"3,96 €/KG","img":"https://fd11-photos.leclercdrive.fr/image.ashx?id=2936191&use=l&cat=p&typeid=i","cat":284492},{"id":42067,"n":"Biscuits p'tit déjeuner BN Chocolat - 200g","p":1.56,"u":"7,80 €/KG","img":"https://fd11-photos.leclercdrive.fr/image.ashx?id=2603468&use=l&cat=p&typeid=i","cat":284491},{"id":42117,"n":"Céréales muesli Bjorg Bio Sans sucre ajoutés - 375g","p":1.88,"u":"5,01 €/KG","img":"https://fd11-photos.leclercdrive.fr/image.ashx?id=2906163&use=l&cat=p&typeid=i","cat":309512},{"id":42123,"n":"Jus de pruneaux Gayelord Hauser - 75cl","p":3.02,"u":"4,03 €/L","img":"https://fd11-photos.leclercdrive.fr/image.ashx?id=2962482&use=l&cat=p&typeid=i","cat":284915},{"id":42140,"n":"Sirop La Maison Guiot Grenadine - 70cl","p":2.94,"u":"4,20 €/L","img":"https://fd11-photos.leclercdrive.fr/image.ashx?id=2857195&use=l&cat=p&typeid=i","cat":295020},{"id":42218,"n":"Bloc WC Bref Power  Activ'Océan toilettes - 50g x1","p":1.42,"u":"28,40 €/KG","img":"https://fd11-photos.leclercdrive.fr/image.ashx?id=2789802&use=l&cat=p&typeid=i","cat":284662},{"id":42226,"n":"Emincés de Poulet Roti Père Dod  Nature - 200g","p":3.99,"u":"19,95 €/KG","img":"https://fd11-photos.leclercdrive.fr/image.ashx?id=2957089&use=l&cat=p&typeid=i","cat":316011},{"id":42236,"n":"Gambas rouge Gimbert Ocean Sauvage royale 6/8 - 400g","p":11.68,"u":"29,20 €/KG","img":"https://fd11-photos.leclercdrive.fr/image.ashx?id=2889652&use=l&cat=p&typeid=i","cat":319787},{"id":42289,"n":"Huile pimentée pizza Cauvin A l'huile d'olive - 25cl","p":2.37,"u":"9,48 €/L","img":"https://fd11-photos.leclercdrive.fr/image.ashx?id=2539857&use=l&cat=p&typeid=i","cat":284453},{"id":42290,"n":"Huile de colza Eco + 1L","p":1.46,"u":"1,46 €/L","img":"https://fd11-photos.leclercdrive.fr/image.ashx?id=3002503&use=l&cat=p&typeid=i","cat":284453},{"id":42291,"n":"Huile pour friture Eco + 1L","p":2.23,"u":"2,23 €/L","img":"https://fd11-photos.leclercdrive.fr/image.ashx?id=2913639&use=l&cat=p&typeid=i","cat":284453},{"id":42295,"n":"Vinaigrette bi-phase Rustica Vin rouge/échalote - 50cl","p":2.49,"u":"4,98 €/L","img":"https://fd11-photos.leclercdrive.fr/image.ashx?id=2142190&use=l&cat=p&typeid=i","cat":284456},{"id":42297,"n":"Sauce caesar Rustica 50cl","p":2.59,"u":"5,18 €/L","img":"https://fd11-photos.leclercdrive.fr/image.ashx?id=1972928&use=l&cat=p&typeid=i","cat":284456},{"id":42298,"n":"Boisson végétale Bio Village Avoine bio - 1l","p":1.39,"u":"1,39 €/L","img":"https://fd11-photos.leclercdrive.fr/image.ashx?id=2358096&use=l&cat=p&typeid=i","cat":316067},{"id":42325,"n":"Spray Nettoyant Menager Cif  Antibacterien - 750 ml","p":2.16,"u":"2,88 €/L","img":"https://fd11-photos.leclercdrive.fr/image.ashx?id=2813540&use=l&cat=p&typeid=i","cat":325357},{"id":42331,"n":"Saucisses Knacki Herta Poulet x10 - 350g","p":1.49,"u":"4,26 €/KG","img":"https://fd11-photos.leclercdrive.fr/image.ashx?id=2290431&use=l&cat=p&typeid=i","cat":316012},{"id":42341,"n":"Compotes Pom'Potes Gourdes  Multivariétés Inédits - 12x90g","p":5.33,"u":"4,94 €/KG","img":"https://fd11-photos.leclercdrive.fr/image.ashx?id=2864309&use=l&cat=p&typeid=i","cat":284508},{"id":42426,"n":"Lingettes Vanish  Anti-décoloration - x30","p":5.6,"img":"https://fd11-photos.leclercdrive.fr/image.ashx?id=2224145&use=l&cat=p&typeid=i","cat":290450},{"id":42428,"n":"Pains au chocolat Pasquier x8 - 360g","p":2.2,"u":"6,11 €/KG","img":"https://fd11-photos.leclercdrive.fr/image.ashx?id=2863446&use=l&cat=p&typeid=i","cat":296366},{"id":42442,"n":"Moutarde forte Eco + 370g","p":0.73,"u":"1,97 €/KG","img":"https://fd11-photos.leclercdrive.fr/image.ashx?id=2954319&use=l&cat=p&typeid=i","cat":288850},{"id":42448,"n":"Capsules Nescafé Dolce Gusto  Ricoré Latte - x16","p":4.72,"u":"28,10 €/KG","img":"https://fd11-photos.leclercdrive.fr/image.ashx?id=2818085&use=l&cat=p&typeid=i","cat":293239},{"id":42449,"n":"Antipasto tomate séchée Sacla 280g","p":2.69,"u":"9,61 €/KG","img":"https://fd11-photos.leclercdrive.fr/image.ashx?id=2290482&use=l&cat=p&typeid=i","cat":284458},{"id":42452,"n":"Moutarde douce Amora Flacon souple - 260g","p":1.92,"u":"7,38 €/KG","img":"https://fd11-photos.leclercdrive.fr/image.ashx?id=3005401&use=l&cat=p&typeid=i","cat":288850},{"id":42460,"n":"Olives vertes entières Eco + 400g","p":1.07,"u":"2,68 €/KG","img":"https://fd11-photos.leclercdrive.fr/image.ashx?id=2609261&use=l&cat=p&typeid=i","cat":284458},{"id":42461,"n":"Olives vertes Eco + Dénoyautées - 320g","p":1.88,"u":"5,88 €/KG","img":"https://fd11-photos.leclercdrive.fr/image.ashx?id=2609264&use=l&cat=p&typeid=i","cat":284458},{"id":42560,"n":"Jus innocent ananas passion 900ml","p":2.52,"u":"2,80 €/L","img":"https://fd11-photos.leclercdrive.fr/image.ashx?id=2861740&use=l&cat=p&typeid=i","cat":285435},{"id":42563,"n":"Boisson végétale lait d'amande bio bjorg sans sucre - 1l","p":1.68,"u":"1,68 €/L","img":"https://fd11-photos.leclercdrive.fr/image.ashx?id=2939415&use=l&cat=p&typeid=i","cat":316067},{"id":42567,"n":"Pâte à tartiner Bio Jardin Bio - 750g","p":6.5,"u":"8,67 €/KG","img":"https://fd11-photos.leclercdrive.fr/image.ashx?id=2918925&use=l&cat=p&typeid=i","cat":284481},{"id":42569,"n":"Double concentré Bio Jardin Bio Tomate - 140g","p":0.88,"u":"6,29 €/KG","img":"https://fd11-photos.leclercdrive.fr/image.ashx?id=2944867&use=l&cat=p&typeid=i","cat":288384},{"id":42624,"n":"Pâtes coudes rayés Panzani 1kg","p":2.04,"u":"2,04 €/KG","img":"https://fd11-photos.leclercdrive.fr/image.ashx?id=2876029&use=l&cat=p&typeid=i","cat":284427},{"id":42628,"n":"Chips Bret's Fromage du Jura - 125g","p":1.08,"u":"8,64 €/KG","img":"https://fd11-photos.leclercdrive.fr/image.ashx?id=1916976&use=l&cat=p&typeid=i","cat":284447},{"id":42655,"n":"Huile merveilleuse Garnier Huile d'argan & camélia - 150ml","p":6.17,"u":"41,13 €/L","img":"https://fd11-photos.leclercdrive.fr/image.ashx?id=2661730&use=l&cat=p&typeid=i","cat":284608},{"id":42667,"n":"Soin de jour L'Oréal Paris Revitalift Anti-Âge - 50ml","p":13.7,"u":"274,00 €/L","img":"https://fd11-photos.leclercdrive.fr/image.ashx?id=2921876&use=l&cat=p&typeid=i","cat":325345},{"id":42701,"n":"Pizza Royale  650g","p":5.99,"u":"9,22 €/KG","img":"https://fd11-photos.leclercdrive.fr/image.ashx?id=715715&use=l&cat=p&typeid=i","cat":333679},{"id":42703,"n":"P'tit Basque Istara Fromage de brebis - 220g","p":4.89,"u":"22,23 €/KG","img":"https://fd11-photos.leclercdrive.fr/image.ashx?id=2759876&use=l&cat=p&typeid=i","cat":329184},{"id":42757,"n":"Emmental rapé Eco + 30% MG - 500g","p":3.7,"u":"7,40 €/KG","img":"https://fd11-photos.leclercdrive.fr/image.ashx?id=2942172&use=l&cat=p&typeid=i","cat":314035},{"id":42789,"n":"Cheddar Les Croisés 32% MG Tranchettes - 200g","p":2.64,"u":"13,20 €/KG","img":"https://fd11-photos.leclercdrive.fr/image.ashx?id=2796064&use=l&cat=p&typeid=i","cat":314028},{"id":42799,"n":"Miel liquide Bio Squeezer Bio village - 250g","p":2.95,"u":"11,80 €/KG","img":"https://fd11-photos.leclercdrive.fr/image.ashx?id=2348268&use=l&cat=p&typeid=i","cat":287643},{"id":42846,"n":"Cacahuètes Menguy's Grillées et salées - 800g","p":5.41,"u":"6,76 €/KG","img":"https://fd11-photos.leclercdrive.fr/image.ashx?id=2979800&use=l&cat=p&typeid=i","cat":284448},{"id":42847,"n":"Pop corn salé Menguy's Micro-ondes - 3x90g","p":1.57,"u":"5,81 €/KG","img":"https://fd11-photos.leclercdrive.fr/image.ashx?id=2966023&use=l&cat=p&typeid=i","cat":284449},{"id":42872,"n":"Jus innocent pomme framboise 900ml","p":2.6,"u":"2,89 €/L","img":"https://fd11-photos.leclercdrive.fr/image.ashx?id=2862877&use=l&cat=p&typeid=i","cat":285435},{"id":42873,"n":"Jus innocent orange carotte 900ml","p":2.77,"u":"3,08 €/L","img":"https://fd11-photos.leclercdrive.fr/image.ashx?id=2892217&use=l&cat=p&typeid=i","cat":285435},{"id":42874,"n":"Jus innocent poire pêche 900ml","p":2.71,"u":"3,01 €/L","img":"https://fd11-photos.leclercdrive.fr/image.ashx?id=2893000&use=l&cat=p&typeid=i","cat":285435},{"id":42964,"n":"Os à mâcher Lydog Fourrés boeuf - 2x100g","p":2.3,"u":"11,50 €/KG","img":"https://fd11-photos.leclercdrive.fr/image.ashx?id=1947283&use=l&cat=p&typeid=i","cat":294527},{"id":42965,"n":"Pepites de chocolat au lait Tablier Blanc - 100g","p":2.03,"u":"20,30 €/KG","img":"https://fd11-photos.leclercdrive.fr/image.ashx?id=2723141&use=l&cat=p&typeid=i","cat":284504},{"id":42966,"n":"Haricots verts Notre Jardin Extra fins - 455g","p":1.97,"u":"4,33 €/KG","img":"https://fd11-photos.leclercdrive.fr/image.ashx?id=2988084&use=l&cat=p&typeid=i","cat":312606},{"id":42974,"n":"Haricots rouges Notre Jardin A la mexicaine - 800g","p":2.42,"u":"3,03 €/KG","img":"https://fd11-photos.leclercdrive.fr/image.ashx?id=3002614&use=l&cat=p&typeid=i","cat":312612},{"id":42977,"n":"Mini crackers Bio Village Bio Fromage/courges - 110g","p":2.49,"u":"22,64 €/KG","img":"https://fd11-photos.leclercdrive.fr/image.ashx?id=1944150&use=l&cat=p&typeid=i","cat":297000},{"id":42981,"n":"Goûter fourré Bio Village Bio - Chocolat au lait - 185g","p":2.06,"u":"11,14 €/KG","img":"https://fd11-photos.leclercdrive.fr/image.ashx?id=2704505&use=l&cat=p&typeid=i","cat":284488},{"id":42992,"n":"Tortillas chips Tokapi Fromage - 150g","p":0.99,"u":"6,60 €/KG","img":"https://fd11-photos.leclercdrive.fr/image.ashx?id=2647961&use=l&cat=p&typeid=i","cat":287899},{"id":43006,"n":"Colorants alimentaires  Tablier Blanc - 3x6ml","p":1.24,"u":"68,89 €/L","img":"https://fd11-photos.leclercdrive.fr/image.ashx?id=2487470&use=l&cat=p&typeid=i","cat":284504},{"id":43009,"n":"Biscuits fourrés P'tit Deli Noisette - 225g","p":1.38,"u":"6,13 €/KG","img":"https://fd11-photos.leclercdrive.fr/image.ashx?id=2861419&use=l&cat=p&typeid=i","cat":284488},{"id":43016,"n":"Asperges blanches moyennes Notre Jardin - 205g","p":1.99,"u":"9,71 €/KG","img":"https://fd11-photos.leclercdrive.fr/image.ashx?id=2049058&use=l&cat=p&typeid=i","cat":312611},{"id":43017,"n":"Betterave en Dés Notre Jardin 265g","p":1.02,"u":"3,85 €/KG","img":"https://fd11-photos.leclercdrive.fr/image.ashx?id=1993203&use=l&cat=p&typeid=i","cat":312611},{"id":43019,"n":"Biscuits animaux P'tit Déli Nappés chocolat lait - 225g","p":1.64,"u":"7,29 €/KG","img":"https://fd11-photos.leclercdrive.fr/image.ashx?id=2529602&use=l&cat=p&typeid=i","cat":284488},{"id":43049,"n":"Steak haché charolais Férial  15%mg x4 - 400g","p":6.39,"u":"15,98 €/KG","img":"https://fd11-photos.leclercdrive.fr/image.ashx?id=2823762&use=l&cat=p&typeid=i","cat":319778},{"id":43197,"n":"Tartine Grilletine de Pasquier Briochées - x18 - 242g","p":1.77,"u":"7,31 €/KG","img":"https://fd11-photos.leclercdrive.fr/image.ashx?id=2333054&use=l&cat=p&typeid=i","cat":284479},{"id":43218,"n":"Pains au lait Pasquier x20 - 700g","p":2.7,"u":"3,86 €/KG","img":"https://fd11-photos.leclercdrive.fr/image.ashx?id=2609315&use=l&cat=p&typeid=i","cat":293505},{"id":43237,"n":"Lotion démaquillante Inell Douceur yeux - 150ml","p":1.6,"u":"10,67 €/L","img":"https://fd11-photos.leclercdrive.fr/image.ashx?id=1993197&use=l&cat=p&typeid=i","cat":284603},{"id":43247,"n":"Tuiles apéritives Tokapi Poulet braisé - 170g","p":1.55,"u":"9,12 €/KG","img":"https://fd11-photos.leclercdrive.fr/image.ashx?id=2815752&use=l&cat=p&typeid=i","cat":287899},{"id":43266,"n":"Formule boost Daco Bello Fruits secs - 200g","p":3.68,"u":"18,40 €/KG","img":"https://fd11-photos.leclercdrive.fr/image.ashx?id=2576955&use=l&cat=p&typeid=i","cat":284357},{"id":43269,"n":"Formule détente Daco Bello Pomme - 200g","p":3.61,"u":"18,05 €/KG","img":"https://fd11-photos.leclercdrive.fr/image.ashx?id=2620284&use=l&cat=p&typeid=i","cat":284357},{"id":43303,"n":"Panna Cotta Fruits rouges Rians 2x120g","p":2.37,"u":"9,88 €/KG","img":"https://fd11-photos.leclercdrive.fr/image.ashx?id=2555412&use=l&cat=p&typeid=i","cat":284419},{"id":43309,"n":"Dessert végétal Sojasun  Chocolat - 6x100g","p":2.47,"u":"4,12 €/KG","img":"https://fd11-photos.leclercdrive.fr/image.ashx?id=2355692&use=l&cat=p&typeid=i","cat":316071},{"id":43310,"n":"Dessert végétal Sojasun Vanille - 6x100g","p":2.44,"u":"4,07 €/KG","img":"https://fd11-photos.leclercdrive.fr/image.ashx?id=2355695&use=l&cat=p&typeid=i","cat":316071},{"id":43330,"n":"Crème dessert chocolat Danette Pop billes magix - 4x120g","p":2.41,"u":"5,02 €/KG","img":"https://fd11-photos.leclercdrive.fr/image.ashx?id=2935717&use=l&cat=p&typeid=i","cat":285041},{"id":43341,"n":"Thon mariné Petit Navire Basilic - 110g","p":2.01,"u":"18,27 €/KG","img":"https://fd11-photos.leclercdrive.fr/image.ashx?id=2542965&use=l&cat=p&typeid=i","cat":303867},{"id":43349,"n":"Laurier feuille entière Ducros 17g","p":1.54,"u":"90,59 €/KG","img":"https://fd11-photos.leclercdrive.fr/image.ashx?id=2486566&use=l&cat=p&typeid=i","cat":298297},{"id":43350,"n":"Coriandre en feuilles Ducros 7g","p":1.62,"u":"231,43 €/KG","img":"https://fd11-photos.leclercdrive.fr/image.ashx?id=2486584&use=l&cat=p&typeid=i","cat":298297},{"id":43358,"n":"Sel fin Eco+ Boîte verseuse - 750g","p":0.53,"u":"0,71 €/KG","img":"https://fd11-photos.leclercdrive.fr/image.ashx?id=2974705&use=l&cat=p&typeid=i","cat":284457},{"id":43371,"n":"AOC Saint-Nicolas-de-Bourgueil vin rouge Les Caractères - 75cl","p":4.99,"u":"6,65 €/L","img":"https://fd11-photos.leclercdrive.fr/image.ashx?id=2894734&use=l&cat=p&typeid=i","cat":289556},{"id":43373,"n":"AOP Vin rouge  Alsace Pinot noir - 75 cl","p":5.99,"u":"7,99 €/L","img":"https://fd11-photos.leclercdrive.fr/image.ashx?id=2919637&use=l&cat=p&typeid=i","cat":289556},{"id":43378,"n":"Poulet rôti fermier  900g","p":9.9,"u":"11,00 €/KG","img":"https://fd11-photos.leclercdrive.fr/image.ashx?id=1648992&use=l&cat=p&typeid=i","cat":284336},{"id":43381,"n":"Dessert liégeois Viennois  Chocolat - 12x100g","p":3.82,"u":"3,18 €/KG","img":"https://fd11-photos.leclercdrive.fr/image.ashx?id=2875987&use=l&cat=p&typeid=i","cat":285042},{"id":43386,"n":"Poulet rôti  900g","p":7.95,"u":"8,83 €/KG","img":"https://fd11-photos.leclercdrive.fr/image.ashx?id=1648995&use=l&cat=p&typeid=i","cat":284336},{"id":43396,"n":"Farfalle Tradizioni d'Italia N°210 - 500g","p":1.52,"u":"3,04 €/KG","img":"https://fd11-photos.leclercdrive.fr/image.ashx?id=2657304&use=l&cat=p&typeid=i","cat":284427},{"id":43398,"n":"Fusilli Tradizioni d'Italia N°140 - 500g","p":1.52,"u":"3,04 €/KG","img":"https://fd11-photos.leclercdrive.fr/image.ashx?id=2657307&use=l&cat=p&typeid=i","cat":284427},{"id":43409,"n":"AOP Côtes de Bergerac moelleux Terrasses d'Autan - 75cl","p":3.7,"u":"4,93 €/L","img":"https://fd11-photos.leclercdrive.fr/image.ashx?id=2929873&use=l&cat=p&typeid=i","cat":289557},{"id":43419,"n":"IGP Pays d'oc rosé Roche Mazet Merlot 12% vol - 75 cl","p":3.11,"u":"4,15 €/L","img":"https://fd11-photos.leclercdrive.fr/image.ashx?id=2342045&use=l&cat=p&typeid=i","cat":289558},{"id":43509,"n":"Ktipiti Tables du Monde 200g","p":1.69,"u":"8,45 €/KG","img":"https://fd11-photos.leclercdrive.fr/image.ashx?id=2872448&use=l&cat=p&typeid=i","cat":315999},{"id":43556,"n":"Viande bovine 1x entrecôte *** à griller - 250g","p":5.72,"u":"22,88 €/KG","img":"https://fd11-photos.leclercdrive.fr/image.ashx?id=760101&use=l&cat=p&typeid=i","cat":284328},{"id":43566,"n":"Viande bovine bourguignon** à mijoter - 500g","p":4.75,"u":"9,50 €/KG","img":"https://fd11-photos.leclercdrive.fr/image.ashx?id=659562&use=l&cat=p&typeid=i","cat":284328},{"id":43575,"n":"Porc : Côte première  1kg","p":5.7,"u":"5,70 €/KG","img":"https://fd11-photos.leclercdrive.fr/image.ashx?id=621170&use=l&cat=p&typeid=i","cat":284331},{"id":43588,"n":"Viande bovine 2x pavé *** tournedos à griller - 300g","p":6.57,"u":"21,90 €/KG","img":"https://fd11-photos.leclercdrive.fr/image.ashx?id=2117924&use=l&cat=p&typeid=i","cat":284328},{"id":43602,"n":"Jus d'orange Jafaden Avec pulpe - 1.5L","p":3.39,"u":"2,26 €/L","img":"https://fd11-photos.leclercdrive.fr/image.ashx?id=2723144&use=l&cat=p&typeid=i","cat":285435},{"id":43604,"n":"Jus d'orange Jafaden Sans pulpe - 1.5L","p":3.13,"u":"2,09 €/L","img":"https://fd11-photos.leclercdrive.fr/image.ashx?id=2723147&use=l&cat=p&typeid=i","cat":285435},{"id":43605,"n":"Jus de clémentine Jafaden  1.5L","p":2.99,"u":"1,99 €/L","img":"https://fd11-photos.leclercdrive.fr/image.ashx?id=2723150&use=l&cat=p&typeid=i","cat":285435},{"id":43617,"n":"Poivre gris moulu Ducros Classique - 36g","p":1.22,"u":"33,89 €/KG","img":"https://fd11-photos.leclercdrive.fr/image.ashx?id=2559475&use=l&cat=p&typeid=i","cat":284457},{"id":43618,"n":"Flocons d'avoine Quaker Oats 550g","p":1.7,"u":"3,09 €/KG","img":"https://fd11-photos.leclercdrive.fr/image.ashx?id=2140656&use=l&cat=p&typeid=i","cat":309512},{"id":43621,"n":"Liquide vaisselle Uni vert Ecologique PSS 500ml","p":1.15,"u":"2,30 €/L","img":"https://fd11-photos.leclercdrive.fr/image.ashx?id=2999508&use=l&cat=p&typeid=i","cat":284655},{"id":43718,"n":"Croquettes chat Whiskas Stérilisé saumon - 1,75kg","p":4.92,"u":"2,81 €/KG","img":"https://fd11-photos.leclercdrive.fr/image.ashx?id=2915597&use=l&cat=p&typeid=i","cat":284680},{"id":43719,"n":"Croquettes chat Whiskas Stérilisé poulet - 1.75kg","p":4.94,"u":"2,82 €/KG","img":"https://fd11-photos.leclercdrive.fr/image.ashx?id=2952872&use=l&cat=p&typeid=i","cat":284680},{"id":43729,"n":"Collant Well Mon indispensable Opaque noir - T1/2","p":5.78,"img":"https://fd11-photos.leclercdrive.fr/image.ashx?id=2056509&use=l&cat=p&typeid=i","cat":334130},{"id":43730,"n":"Collant Well Mon indispensable Opaque noir - T3/4","p":5.78,"img":"https://fd11-photos.leclercdrive.fr/image.ashx?id=2056512&use=l&cat=p&typeid=i","cat":334130},{"id":43771,"n":"Spray démelant  200ml","p":2.55,"u":"12,75 €/L","img":"https://fd11-photos.leclercdrive.fr/image.ashx?id=2712986&use=l&cat=p&typeid=i","cat":284608},{"id":43778,"n":"Morceaux de thon Listao Eco+ 130g","p":0.99,"u":"7,62 €/KG","img":"https://fd11-photos.leclercdrive.fr/image.ashx?id=2593809&use=l&cat=p&typeid=i","cat":303867},{"id":43781,"n":"Céréales Extra Kellogg's Chocolat Noir Noisettes - 800g","p":4.85,"u":"6,06 €/KG","img":"https://fd11-photos.leclercdrive.fr/image.ashx?id=2775026&use=l&cat=p&typeid=i","cat":309512},{"id":43816,"n":"Gourmandise Novi 198g","p":8.49,"pp":5.6,"u":"28,28 €/KG","img":"https://fd11-photos.leclercdrive.fr/image.ashx?id=2615179&use=l&cat=p&typeid=i","cat":327595},{"id":43818,"n":"Pralines Raffaello Noix de coco amandes x30 - 300g","p":9.76,"u":"32,53 €/KG","img":"https://fd11-photos.leclercdrive.fr/image.ashx?id=2922197&use=l&cat=p&typeid=i","cat":327595},{"id":43844,"n":"Friandises chats Tous mes amis Sticks au Poulet - 3x5g - 15g","p":0.56,"u":"37,33 €/KG","img":"https://fd11-photos.leclercdrive.fr/image.ashx?id=2858986&use=l&cat=p&typeid=i","cat":285285},{"id":43845,"n":"Friandises chats Tous mes amis Sticks au Saumon  - 3x5g - 15g","p":0.56,"u":"37,33 €/KG","img":"https://fd11-photos.leclercdrive.fr/image.ashx?id=2043014&use=l&cat=p&typeid=i","cat":285285},{"id":43924,"n":"AOP Vin blanc italien  Prosecco Vilaveroni 75cl","p":7.29,"u":"9,72 €/L","img":"https://fd11-photos.leclercdrive.fr/image.ashx?id=2492351&use=l&cat=p&typeid=i","cat":289461},{"id":43933,"n":"Vin pétillant d'Allemagne Festillant Sans alcool - 75cl","p":3.03,"u":"4,04 €/L","img":"https://fd11-photos.leclercdrive.fr/image.ashx?id=2910115&use=l&cat=p&typeid=i","cat":289460},{"id":43964,"n":"Mini bûches Eskiss Fruits - x6 - 333g","p":2.29,"u":"6,88 €/KG","img":"https://fd11-photos.leclercdrive.fr/image.ashx?id=2791317&use=l&cat=p&typeid=i","cat":284266},{"id":44040,"n":"Soufflé grignot' Tokapi  jambon fromage 90g","p":0.89,"u":"9,89 €/KG","img":"https://fd11-photos.leclercdrive.fr/image.ashx?id=2059489&use=l&cat=p&typeid=i","cat":284449},{"id":44081,"n":"Eau aromatisée Volvic Juicy Fraise - 1,5L","p":1.33,"u":"0,89 €/L","img":"https://fd11-photos.leclercdrive.fr/image.ashx?id=2964664&use=l&cat=p&typeid=i","cat":284537},{"id":44083,"n":"Eau gazeuse  Badoit verte finement pétillante - 6x1l","p":3.47,"u":"0,58 €/L","img":"https://fd11-photos.leclercdrive.fr/image.ashx?id=2919259&use=l&cat=p&typeid=i","cat":284536},{"id":44090,"n":"AOP Monbazillac vin blanc Moelleux Terrasses d'Autan-75cl","p":6.99,"u":"9,32 €/L","img":"https://fd11-photos.leclercdrive.fr/image.ashx?id=2756873&use=l&cat=p&typeid=i","cat":289557},{"id":44168,"n":"Guacamole en pot 300g","p":1.75,"u":"5,83 €/KG","img":"https://fd11-photos.leclercdrive.fr/image.ashx?id=2466072&use=l&cat=p&typeid=i","cat":288993},{"id":44171,"n":"6 wraps de blé nature 370g","p":1.99,"u":"5,38 €/KG","img":"https://fd11-photos.leclercdrive.fr/image.ashx?id=2679741&use=l&cat=p&typeid=i","cat":288993},{"id":44181,"n":"Poivrons grillés Florelli Antipasti - 280g","p":3.27,"u":"11,68 €/KG","img":"https://fd11-photos.leclercdrive.fr/image.ashx?id=2633091&use=l&cat=p&typeid=i","cat":289010},{"id":44183,"n":"Tortillas Old El Paso de blé nature x8 - 326g","p":2.32,"u":"7,12 €/KG","img":"https://fd11-photos.leclercdrive.fr/image.ashx?id=2737642&use=l&cat=p&typeid=i","cat":288993},{"id":44184,"n":"Kit fajitas Old El Paso Original doux - 500g","p":4.75,"u":"9,50 €/KG","img":"https://fd11-photos.leclercdrive.fr/image.ashx?id=2940576&use=l&cat=p&typeid=i","cat":288993},{"id":44185,"n":"Kit Burritos Old El Paso Original paprika doux - 510g","p":3.82,"u":"7,49 €/KG","img":"https://fd11-photos.leclercdrive.fr/image.ashx?id=2940579&use=l&cat=p&typeid=i","cat":288993},{"id":44195,"n":"Détachant avant lavage K2R  Action complète pistolet -750ml","p":3.16,"u":"4,21 €/L","img":"https://fd11-photos.leclercdrive.fr/image.ashx?id=2101180&use=l&cat=p&typeid=i","cat":284651},{"id":44273,"n":"Miettes de thon Petit Navire À l'huile d'olive - 160g","p":2.43,"u":"15,19 €/KG","img":"https://fd11-photos.leclercdrive.fr/image.ashx?id=2519642&use=l&cat=p&typeid=i","cat":303867},{"id":44278,"n":"Ravioli bolognaise Panzani - 400g","p":2.59,"u":"6,48 €/KG","img":"https://fd11-photos.leclercdrive.fr/image.ashx?id=2876059&use=l&cat=p&typeid=i","cat":284442},{"id":44279,"n":"Fromage apéritif Apericube Panier de campagne 24 cubes","p":2.27,"u":"18,16 €/KG","img":"https://fd11-photos.leclercdrive.fr/image.ashx?id=2882656&use=l&cat=p&typeid=i","cat":314027},{"id":44285,"n":"Thon cuisiné Saupiquet  sauce catalane 1/6 2x135g","p":2.11,"u":"7,81 €/KG","img":"https://fd11-photos.leclercdrive.fr/image.ashx?id=2731549&use=l&cat=p&typeid=i","cat":303867},{"id":44293,"n":"Emmental râpé  Entremont  français 160g","p":1.78,"u":"11,13 €/KG","img":"https://fd11-photos.leclercdrive.fr/image.ashx?id=2983153&use=l&cat=p&typeid=i","cat":314035},{"id":44298,"n":"L'Ortolan familial  Fromagerie Milleret-  330g","p":3.12,"u":"9,45 €/KG","img":"https://fd11-photos.leclercdrive.fr/image.ashx?id=2226400&use=l&cat=p&typeid=i","cat":314033},{"id":44299,"n":"Fromage à Tartiner Tartare  Ail et fines herbes - 250g","p":2.76,"u":"11,04 €/KG","img":"https://fd11-photos.leclercdrive.fr/image.ashx?id=2903170&use=l&cat=p&typeid=i","cat":314029},{"id":44307,"n":"Fromage Tomme noire NRT IGP  des Pyrénées - 200g","p":2.45,"u":"12,25 €/KG","img":"https://fd11-photos.leclercdrive.fr/image.ashx?id=2849596&use=l&cat=p&typeid=i","cat":329184},{"id":44317,"n":"Sauce Saveurs Forestières Grand veneur - 150g","p":2.89,"u":"19,27 €/KG","img":"https://fd11-photos.leclercdrive.fr/image.ashx?id=2603779&use=l&cat=p&typeid=i","cat":327289},{"id":44318,"n":"Sauce Saveurs Forestières Aux morilles - 150g","p":2.89,"u":"19,27 €/KG","img":"https://fd11-photos.leclercdrive.fr/image.ashx?id=1946414&use=l&cat=p&typeid=i","cat":327293},{"id":44327,"n":"Vin Union Européenne rosé Le Tonnelier - BIB 5L","p":8.95,"u":"1,79 €/L","img":"https://fd11-photos.leclercdrive.fr/image.ashx?id=2107474&use=l&cat=p&typeid=i","cat":289560},{"id":44336,"n":"Savon Noir liquide Briochin Ecocert - 1L","p":2.45,"u":"2,45 €/L","img":"https://fd11-photos.leclercdrive.fr/image.ashx?id=3011389&use=l&cat=p&typeid=i","cat":325365},{"id":44361,"n":"Chocolat Pâtissier Nestlé Dessert : Noir - 205g","p":2.98,"u":"14,54 €/KG","img":"https://fd11-photos.leclercdrive.fr/image.ashx?id=2938920&use=l&cat=p&typeid=i","cat":285562},{"id":44364,"n":"Bonbon Alpin Fresh Ricola Sans sucres - 50g","p":1.52,"u":"30,40 €/KG","img":"https://fd11-photos.leclercdrive.fr/image.ashx?id=2387831&use=l&cat=p&typeid=i","cat":304256},{"id":44384,"n":"Saumon fumé Ronde des Mers MSC Alaska x2T - 60g","p":3.85,"u":"64,17 €/KG","img":"https://fd11-photos.leclercdrive.fr/image.ashx?id=2837698&use=l&cat=p&typeid=i","cat":285188},{"id":44423,"n":"IGP Côtes de Gascogne blanc Domus UBY 11,5% vol - 75cl","p":5.3,"u":"7,07 €/L","img":"https://fd11-photos.leclercdrive.fr/image.ashx?id=2108915&use=l&cat=p&typeid=i","cat":289557},{"id":44434,"n":"Nectar Bio Pressade Multifruits - 1,5L","p":2.21,"u":"1,47 €/L","img":"https://fd11-photos.leclercdrive.fr/image.ashx?id=2732533&use=l&cat=p&typeid=i","cat":284917},{"id":44445,"n":"Wraps Old El Paso de blé nature x6 - 350g","p":2.3,"u":"6,57 €/KG","img":"https://fd11-photos.leclercdrive.fr/image.ashx?id=2737645&use=l&cat=p&typeid=i","cat":288993},{"id":44567,"n":"Oeufs de Nos Régions Plein air Oméga 3 - x6","p":1.52,"u":"0,25 €/P","img":"https://fd11-photos.leclercdrive.fr/image.ashx?id=2969782&use=l&cat=p&typeid=i","cat":284378},{"id":44568,"n":"Oeufs frais De Nos Régions  Oméga 3 - Plein Air - x12","p":2.88,"u":"0,24 €/P","img":"https://fd11-photos.leclercdrive.fr/image.ashx?id=2969797&use=l&cat=p&typeid=i","cat":284378},{"id":44656,"n":"Couette standard Tissaia  Chaude - 200x200cm","p":23.06,"u":"Dont 0,40 € d'éco-part.","img":"https://fd11-photos.leclercdrive.fr/image.ashx?id=2648445&use=l&cat=p&typeid=i","cat":288835},{"id":44657,"n":"Bière blonde Leffe Rituel 9% - 12x25cl","p":9.31,"u":"3,10 €/L","img":"https://fd11-photos.leclercdrive.fr/image.ashx?id=2548288&use=l&cat=p&typeid=i","cat":334852},{"id":44686,"n":"Chaussettes Homme ultra courtes Sport, blanc T43/45 - x3","p":4.65,"u":"1,55 €/P","img":"https://fd11-photos.leclercdrive.fr/image.ashx?id=805755&use=l&cat=p&typeid=i","cat":334130},{"id":44687,"n":"Chaussettes Homme ultra courtes Sport blanc T46/48 - x3","p":4.65,"u":"1,55 €/P","img":"https://fd11-photos.leclercdrive.fr/image.ashx?id=805755&use=l&cat=p&typeid=i","cat":334130},{"id":44689,"n":"Chaussettes Homme ultra courtes Noir T43/45 - x3","p":4.65,"u":"1,55 €/P","img":"https://fd11-photos.leclercdrive.fr/image.ashx?id=805719&use=l&cat=p&typeid=i","cat":334130},{"id":44690,"n":"Chaussettes Homme ultra courtes Noir T46/48 - x3","p":4.65,"u":"1,55 €/P","img":"https://fd11-photos.leclercdrive.fr/image.ashx?id=805719&use=l&cat=p&typeid=i","cat":334130},{"id":44691,"n":"Socquette sport Homme Blanc T39/42 - x3","p":4.8,"u":"1,60 €/P","img":"https://fd11-photos.leclercdrive.fr/image.ashx?id=816726&use=l&cat=p&typeid=i","cat":334130},{"id":44692,"n":"Socquette sport Homme Blanc T43/45 - x3","p":4.8,"u":"1,60 €/P","img":"https://fd11-photos.leclercdrive.fr/image.ashx?id=805751&use=l&cat=p&typeid=i","cat":334130},{"id":44693,"n":"Socquette sport Homme Blanc T46/48 - x3","p":4.8,"u":"1,60 €/P","img":"https://fd11-photos.leclercdrive.fr/image.ashx?id=805751&use=l&cat=p&typeid=i","cat":334130},{"id":44695,"n":"Socquette sport Homme Noir T43/45 - x3","p":4.8,"u":"1,60 €/P","img":"https://fd11-photos.leclercdrive.fr/image.ashx?id=805699&use=l&cat=p&typeid=i","cat":334130},{"id":44699,"n":"Mi-chaussette sport Homme Blanc T46/48 - x3","p":4.75,"u":"1,58 €/P","img":"https://fd11-photos.leclercdrive.fr/image.ashx?id=805747&use=l&cat=p&typeid=i","cat":334130},{"id":44700,"n":"Chaussettes sport Homme Tissaia Mi-haute Noir T39/42 - x3","p":4.75,"u":"1,58 €/P","img":"https://fd11-photos.leclercdrive.fr/image.ashx?id=805679&use=l&cat=p&typeid=i","cat":334130},{"id":44702,"n":"Mi-chaussettes sport Homme Noir T46/48 - x3","p":4.75,"u":"1,58 €/P","img":"https://fd11-photos.leclercdrive.fr/image.ashx?id=805679&use=l&cat=p&typeid=i","cat":334130},{"id":44706,"n":"Palets bretons P'tit Déli 2x125g","p":1.84,"u":"7,36 €/KG","img":"https://fd11-photos.leclercdrive.fr/image.ashx?id=2820134&use=l&cat=p&typeid=i","cat":284487},{"id":44732,"n":"Brunoise Notre Jardin méditerranéens 600g","p":3.41,"u":"5,68 €/KG","img":"https://fd11-photos.leclercdrive.fr/image.ashx?id=2873150&use=l&cat=p&typeid=i","cat":319823},{"id":44736,"n":"Blanquette volaille Côté Table 900g","p":6.99,"u":"7,77 €/KG","img":"https://fd11-photos.leclercdrive.fr/image.ashx?id=2621934&use=l&cat=p&typeid=i","cat":284254},{"id":44738,"n":"Haricots verts Notre Jardin cuits 750g","p":1.55,"u":"2,07 €/KG","img":"https://fd11-photos.leclercdrive.fr/image.ashx?id=2900142&use=l&cat=p&typeid=i","cat":319805},{"id":44740,"n":"Frites allumettes Pom'lisse 2.5kg","p":4.59,"u":"1,84 €/KG","img":"https://fd11-photos.leclercdrive.fr/image.ashx?id=2699492&use=l&cat=p&typeid=i","cat":319791},{"id":44742,"n":"Duo de Fleurettes Bio  Bio Village - 600g","p":2.55,"u":"4,25 €/KG","img":"https://fd11-photos.leclercdrive.fr/image.ashx?id=2898065&use=l&cat=p&typeid=i","cat":319805},{"id":44743,"n":"Julienne de légumes Bio Village Bio - 600g","p":1.99,"u":"3,32 €/KG","img":"https://fd11-photos.leclercdrive.fr/image.ashx?id=2898068&use=l&cat=p&typeid=i","cat":319823},{"id":44745,"n":"Mini boulettes au boeuf Férial  x50 - 750g","p":6.99,"u":"9,32 €/KG","img":"https://fd11-photos.leclercdrive.fr/image.ashx?id=2966511&use=l&cat=p&typeid=i","cat":319779},{"id":44746,"n":"Glace Mystère Extrême Vanille Meringue x4 308.6g","p":5.19,"u":"16,80 €/KG","img":"https://fd11-photos.leclercdrive.fr/image.ashx?id=2878375&use=l&cat=p&typeid=i","cat":284266},{"id":44748,"n":"Purée de carottes Notre Jardin potirons 750g","p":2.62,"u":"3,49 €/KG","img":"https://fd11-photos.leclercdrive.fr/image.ashx?id=2856190&use=l&cat=p&typeid=i","cat":319805},{"id":44750,"n":"Poulet Basquaise Côté Table 900g","p":4.18,"u":"4,64 €/KG","img":"https://fd11-photos.leclercdrive.fr/image.ashx?id=2572438&use=l&cat=p&typeid=i","cat":284254},{"id":44751,"n":"Pom' curv au four Pom'Lisse 600g","p":1.81,"u":"3,02 €/KG","img":"https://fd11-photos.leclercdrive.fr/image.ashx?id=2699690&use=l&cat=p&typeid=i","cat":319791},{"id":44758,"n":"Grattugiato 29% MG Les Croisés  100g","p":1.49,"u":"14,90 €/KG","img":"https://fd11-photos.leclercdrive.fr/image.ashx?id=2806859&use=l&cat=p&typeid=i","cat":314035},{"id":44767,"n":"Dés Gouda cumin Les Croisés 30%MG - 150g","p":1.95,"u":"13,00 €/KG","img":"https://fd11-photos.leclercdrive.fr/image.ashx?id=2532844&use=l&cat=p&typeid=i","cat":314027},{"id":44770,"n":"Steak haché Férial  5%mg x4 - 400g","p":6.99,"u":"17,48 €/KG","img":"https://fd11-photos.leclercdrive.fr/image.ashx?id=3004663&use=l&cat=p&typeid=i","cat":319778},{"id":44859,"n":"Olives Vertes -25% sel Tramier  Dénoyautées 160g","p":1.91,"u":"11,94 €/KG","img":"https://fd11-photos.leclercdrive.fr/image.ashx?id=2840823&use=l&cat=p&typeid=i","cat":284458},{"id":44865,"n":"Dessert fruits mixés Sojasun Abricot / Goyave - 4x100g","p":1.5,"u":"3,75 €/KG","img":"https://fd11-photos.leclercdrive.fr/image.ashx?id=2355668&use=l&cat=p&typeid=i","cat":316071},{"id":44884,"n":"Soupe Mouliné Bio Village Bio - Légumes variés - 1L","p":1.97,"u":"1,97 €/L","img":"https://fd11-photos.leclercdrive.fr/image.ashx?id=2133957&use=l&cat=p&typeid=i","cat":284462},{"id":44885,"n":"Velouté de légumes Bio Village Bio - 1L","p":2.79,"u":"2,79 €/L","img":"https://fd11-photos.leclercdrive.fr/image.ashx?id=2339879&use=l&cat=p&typeid=i","cat":284462},{"id":44900,"n":"Baguette précuite four Epi d'Or précuite four en pierre - 250g","p":1.35,"u":"5,40 €/KG","img":"https://fd11-photos.leclercdrive.fr/image.ashx?id=2956963&use=l&cat=p&typeid=i","cat":325069},{"id":44910,"n":"Crème dessert La Laitière Pot de crème chocolat - 8x100g","p":3.89,"u":"4,86 €/KG","img":"https://fd11-photos.leclercdrive.fr/image.ashx?id=2692116&use=l&cat=p&typeid=i","cat":285041},{"id":44939,"n":"Mini gratins Côté Table Pomme de terre salardaise 400g","p":3.89,"u":"9,73 €/KG","img":"https://fd11-photos.leclercdrive.fr/image.ashx?id=2641289&use=l&cat=p&typeid=i","cat":319802},{"id":44941,"n":"Mini gratins Côté Table Pomme de terre Epinard  x4 480g","p":3.85,"u":"8,02 €/KG","img":"https://fd11-photos.leclercdrive.fr/image.ashx?id=2641286&use=l&cat=p&typeid=i","cat":319802},{"id":44942,"n":"Mini gratins Côté Table Pomme de terre Champignons 400g","p":2.99,"u":"7,48 €/KG","img":"https://fd11-photos.leclercdrive.fr/image.ashx?id=2074431&use=l&cat=p&typeid=i","cat":319802},{"id":44953,"n":"Pâtes Sans gluten Barilla Spaghetti - 400g","p":1.84,"u":"4,60 €/KG","img":"https://fd11-photos.leclercdrive.fr/image.ashx?id=2647639&use=l&cat=p&typeid=i","cat":284427},{"id":44954,"n":"Pâtes Sans gluten Barilla Penne Rigate - 400g","p":1.84,"u":"4,60 €/KG","img":"https://fd11-photos.leclercdrive.fr/image.ashx?id=2975461&use=l&cat=p&typeid=i","cat":284427},{"id":44964,"n":"Alèses absorbantes Chorys 60x90cm - x16","p":6.99,"u":"0,44 €/P","img":"https://fd11-photos.leclercdrive.fr/image.ashx?id=2860076&use=l&cat=p&typeid=i","cat":284628},{"id":44967,"n":"Culottes bébé Mots d'Enfants  T5 : 12/18kg - x20 changes","p":5.45,"u":"0,27 €/P","img":"https://fd11-photos.leclercdrive.fr/image.ashx?id=2904580&use=l&cat=p&typeid=i","cat":290633},{"id":44968,"n":"Culottes bébé Mots d'Enfants  T6 : 16kg - x18 changes","p":4.99,"u":"0,28 €/P","img":"https://fd11-photos.leclercdrive.fr/image.ashx?id=2907201&use=l&cat=p&typeid=i","cat":290633},{"id":44980,"n":"Gel lave-vaisselle Visior Classique x75 - 1,5L","p":4.75,"u":"3,17 €/L","img":"https://fd11-photos.leclercdrive.fr/image.ashx?id=2939061&use=l&cat=p&typeid=i","cat":284656},{"id":45001,"n":"Pain de campagne Epi d'Or Spécial - 500g","p":1.79,"u":"3,58 €/KG","img":"https://fd11-photos.leclercdrive.fr/image.ashx?id=2114928&use=l&cat=p&typeid=i","cat":325069},{"id":45002,"n":"Pain de mie Epi d'Or  Croque monsieur - 550g","p":1.46,"u":"2,65 €/KG","img":"https://fd11-photos.leclercdrive.fr/image.ashx?id=2860748&use=l&cat=p&typeid=i","cat":284477},{"id":45005,"n":"Fond de veau Rustica dégraissé 100g","p":2.18,"u":"21,80 €/KG","img":"https://fd11-photos.leclercdrive.fr/image.ashx?id=2979571&use=l&cat=p&typeid=i","cat":288379},{"id":45009,"n":"Cacahuètes grillées Tokapi salées 3x120g","p":1.49,"u":"4,14 €/KG","img":"https://fd11-photos.leclercdrive.fr/image.ashx?id=2799769&use=l&cat=p&typeid=i","cat":284448},{"id":45029,"n":"AOP Vin blanc Muscadet Sèvre & Maine sur Lie - 75cl","p":4.19,"u":"5,59 €/L","img":"https://fd11-photos.leclercdrive.fr/image.ashx?id=2905913&use=l&cat=p&typeid=i","cat":289557},{"id":45035,"n":"AOP Alsace Riesling vin blanc Rebmann - 75 cl","p":4.85,"u":"6,47 €/L","img":"https://fd11-photos.leclercdrive.fr/image.ashx?id=2754213&use=l&cat=p&typeid=i","cat":289557},{"id":45051,"n":"AOP Chablis vin blanc Antoine Barrier - 75cl","p":12.99,"u":"17,32 €/L","img":"https://fd11-photos.leclercdrive.fr/image.ashx?id=2741291&use=l&cat=p&typeid=i","cat":289557},{"id":45052,"n":"Velouté Régal Soupe Potiron Châtaigne - 1L","p":2.46,"u":"2,46 €/L","img":"https://fd11-photos.leclercdrive.fr/image.ashx?id=2607569&use=l&cat=p&typeid=i","cat":284462},{"id":45065,"n":"Bretzels d'alsace NRT sachet 200g","p":0.74,"u":"3,70 €/KG","img":"https://fd11-photos.leclercdrive.fr/image.ashx?id=2638018&use=l&cat=p&typeid=i","cat":297000},{"id":45101,"n":"Carrés de soin Mots d'Enfants Bébés - x100","p":1.99,"u":"0,02 €/P","img":"https://fd11-photos.leclercdrive.fr/image.ashx?id=3014245&use=l&cat=p&typeid=i","cat":284739},{"id":45102,"n":"Culottes bébé Mots d'Enfants  T4 : 8/15kg - x22 changes","p":5.35,"u":"0,24 €/P","img":"https://fd11-photos.leclercdrive.fr/image.ashx?id=2907198&use=l&cat=p&typeid=i","cat":290633},{"id":45138,"n":"Biscuits Bio Bjorg complets P'tit nature - 200g","p":1.5,"u":"7,50 €/KG","img":"https://fd11-photos.leclercdrive.fr/image.ashx?id=2906157&use=l&cat=p&typeid=i","cat":284487},{"id":45148,"n":"Boisson végétale épeautre noisette Bjorg Bio - 1L","p":2.35,"u":"2,35 €/L","img":"https://fd11-photos.leclercdrive.fr/image.ashx?id=2960804&use=l&cat=p&typeid=i","cat":316067},{"id":45149,"n":"Boisson végétale lait d'amande  chocolat bjorg bio - 1l","p":2.41,"u":"2,41 €/L","img":"https://fd11-photos.leclercdrive.fr/image.ashx?id=2939412&use=l&cat=p&typeid=i","cat":316067},{"id":45157,"n":"Boulghour Tunisienne Céréal Bio Bio repas express - 220g","p":1.91,"u":"8,68 €/KG","img":"https://fd11-photos.leclercdrive.fr/image.ashx?id=2574062&use=l&cat=p&typeid=i","cat":287600},{"id":45159,"n":"Bouillon cube légumes Bjorg bio Déshydraté - x6 - 80g","p":1.42,"u":"17,75 €/KG","img":"https://fd11-photos.leclercdrive.fr/image.ashx?id=2304494&use=l&cat=p&typeid=i","cat":288379},{"id":45165,"n":"Pots soir bébé bio Babybio Légumes blé - 6 mois - 2x200g","p":2.6,"u":"6,50 €/KG","img":"https://fd11-photos.leclercdrive.fr/image.ashx?id=2827479&use=l&cat=p&typeid=i","cat":312239},{"id":45168,"n":"Bouillon cube bio Jardin Bio Légumes - 72g","p":1.74,"u":"24,17 €/KG","img":"https://fd11-photos.leclercdrive.fr/image.ashx?id=2535535&use=l&cat=p&typeid=i","cat":288379},{"id":45169,"n":"Bouillon cube bio Jardin Bio Volaille dégraissé x10 - 100g","p":2.13,"u":"21,30 €/KG","img":"https://fd11-photos.leclercdrive.fr/image.ashx?id=2535538&use=l&cat=p&typeid=i","cat":288379},{"id":45171,"n":"Chocolat noir Bio Ethiquable   70% Pérou - 100g","p":2.53,"u":"25,30 €/KG","img":"https://fd11-photos.leclercdrive.fr/image.ashx?id=2870896&use=l&cat=p&typeid=i","cat":284956},{"id":45192,"n":"Pâtes bio Jardin Bio Coquillettes 3 min - 500g","p":1.66,"u":"3,32 €/KG","img":"https://fd11-photos.leclercdrive.fr/image.ashx?id=2939976&use=l&cat=p&typeid=i","cat":284427},{"id":45193,"n":"Chocolat noir Bio Ethiquable  85% Madagascar - 100g","p":2.65,"u":"26,50 €/KG","img":"https://fd11-photos.leclercdrive.fr/image.ashx?id=2870881&use=l&cat=p&typeid=i","cat":284956},{"id":45194,"n":"Chocolat noir Bio Ethiquable  80% Equateur - 100g","p":2.64,"u":"26,40 €/KG","img":"https://fd11-photos.leclercdrive.fr/image.ashx?id=2870917&use=l&cat=p&typeid=i","cat":284956},{"id":45197,"n":"Quinoa boulghour  Céréal Bio  à l'Indienne bio -220g","p":2.18,"u":"9,91 €/KG","img":"https://fd11-photos.leclercdrive.fr/image.ashx?id=2574068&use=l&cat=p&typeid=i","cat":287600},{"id":45205,"n":"Biscuits fourrés Bio Bjorg  Chocolat lait noisette - 225g","p":3.75,"u":"16,67 €/KG","img":"https://fd11-photos.leclercdrive.fr/image.ashx?id=2970930&use=l&cat=p&typeid=i","cat":284488},{"id":45207,"n":"Biscuits Bio Bjorg Fourrés à la Vanille - 225g","p":3.86,"u":"17,16 €/KG","img":"https://fd11-photos.leclercdrive.fr/image.ashx?id=2912059&use=l&cat=p&typeid=i","cat":284489},{"id":45213,"n":"Flageolets Jardin Bio  Bio cuisinés - 680g","p":2.84,"u":"4,18 €/KG","img":"https://fd11-photos.leclercdrive.fr/image.ashx?id=2918319&use=l&cat=p&typeid=i","cat":312606},{"id":45217,"n":"Galette  Céréal Bio  Bio riz légumes Colombo x2 200g","p":3.1,"u":"15,50 €/KG","img":"https://fd11-photos.leclercdrive.fr/image.ashx?id=2573510&use=l&cat=p&typeid=i","cat":284953},{"id":45229,"n":"biscuits gaufres bio bjorg  Miel - 175g","p":2.11,"u":"12,06 €/KG","img":"https://fd11-photos.leclercdrive.fr/image.ashx?id=2915973&use=l&cat=p&typeid=i","cat":294777},{"id":45244,"n":"boisson végétale lait d'amande  bio bjorg 1l","p":2.13,"u":"2,13 €/L","img":"https://fd11-photos.leclercdrive.fr/image.ashx?id=2967067&use=l&cat=p&typeid=i","cat":316067},{"id":45245,"n":"Boisson végétale lait d'amande  vanille bjorg bio - 1l","p":2.22,"u":"2,22 €/L","img":"https://fd11-photos.leclercdrive.fr/image.ashx?id=2991978&use=l&cat=p&typeid=i","cat":316067},{"id":45247,"n":"Maïs bio Géant Vert extra croquant - 2x140g","p":2.3,"u":"8,21 €/KG","img":"https://fd11-photos.leclercdrive.fr/image.ashx?id=2840545&use=l&cat=p&typeid=i","cat":312611},{"id":45261,"n":"Orge riz rouge bio Céréal Bio  lentilles repas express-220g","p":1.79,"u":"7,16 €/KG","img":"https://fd11-photos.leclercdrive.fr/image.ashx?id=2574080&use=l&cat=p&typeid=i","cat":287600},{"id":45262,"n":"Orge pruneaux bio Céréal Bio  Marocain repas express-220g","p":2.06,"u":"9,36 €/KG","img":"https://fd11-photos.leclercdrive.fr/image.ashx?id=2575075&use=l&cat=p&typeid=i","cat":287600},{"id":45278,"n":"Purée potimarron Céréal Bio  lentilles bio-250g","p":1.78,"u":"7,12 €/KG","img":"https://fd11-photos.leclercdrive.fr/image.ashx?id=2574074&use=l&cat=p&typeid=i","cat":287600},{"id":45287,"n":"Repas bébé Babybio - 4 mois Légumes Bio - 2x130g","p":2.07,"u":"7,96 €/KG","img":"https://fd11-photos.leclercdrive.fr/image.ashx?id=2827443&use=l&cat=p&typeid=i","cat":312234},{"id":45288,"n":"Compote bébé Babybio Bio 4 mois Pomme / Myrtille - 2x130g","p":1.9,"u":"7,31 €/KG","img":"https://fd11-photos.leclercdrive.fr/image.ashx?id=2827491&use=l&cat=p&typeid=i","cat":312387},{"id":45290,"n":"Petits pois Le jardin Bio  Bio extra fins - 445g","p":2.92,"u":"6,56 €/KG","img":"https://fd11-photos.leclercdrive.fr/image.ashx?id=2944735&use=l&cat=p&typeid=i","cat":312607},{"id":45291,"n":"Quinoa Jardin Bio  Bio poulet et Sésame - 250g","p":2.16,"u":"8,64 €/KG","img":"https://fd11-photos.leclercdrive.fr/image.ashx?id=2956433&use=l&cat=p&typeid=i","cat":287600},{"id":45319,"n":"Pineau blanc Charentes NRT  17% vol - 75cl","p":7.95,"u":"10,60 €/L","img":"https://fd11-photos.leclercdrive.fr/image.ashx?id=2679804&use=l&cat=p&typeid=i","cat":284913},{"id":45320,"n":"Pineau rosé Charentes NRT  17% vol - 75cl","p":8.99,"u":"11,99 €/L","img":"https://fd11-photos.leclercdrive.fr/image.ashx?id=2679801&use=l&cat=p&typeid=i","cat":284913},{"id":45339,"n":"Tartine sarrasin Céréal Bio Bio - 145g","p":1.48,"u":"10,21 €/KG","img":"https://fd11-photos.leclercdrive.fr/image.ashx?id=2810792&use=l&cat=p&typeid=i","cat":284479},{"id":45340,"n":"Tartine  Céréal Bio  Bio multicéréales - 145g","p":1.49,"u":"10,28 €/KG","img":"https://fd11-photos.leclercdrive.fr/image.ashx?id=2810795&use=l&cat=p&typeid=i","cat":284479},{"id":45351,"n":"Tartines bio Jardin Bio Sarrasin sans gluten - 150g","p":2.01,"u":"13,40 €/KG","img":"https://fd11-photos.leclercdrive.fr/image.ashx?id=2535547&use=l&cat=p&typeid=i","cat":318654},{"id":45354,"n":"Tartines bio Jardin Bio Châtaigne sans gluten - 150g","p":2.05,"u":"13,67 €/KG","img":"https://fd11-photos.leclercdrive.fr/image.ashx?id=2537649&use=l&cat=p&typeid=i","cat":318654},{"id":45355,"n":"Thé vert Bio Clipper Au Citron - 20 sachets - 35g","p":2.08,"u":"59,43 €/KG","img":"https://fd11-photos.leclercdrive.fr/image.ashx?id=2922089&use=l&cat=p&typeid=i","cat":293233},{"id":45382,"n":"Déodorant Spray Femme Nivea Protect & Care - 200ml","p":2.69,"u":"13,45 €/L","img":"https://fd11-photos.leclercdrive.fr/image.ashx?id=2869188&use=l&cat=p&typeid=i","cat":284595},{"id":45415,"n":"Fromage Emmental Entremont Râpé  - 300g","p":3.28,"u":"10,93 €/KG","img":"https://fd11-photos.leclercdrive.fr/image.ashx?id=2983156&use=l&cat=p&typeid=i","cat":314035},{"id":45437,"n":"Bâtonnets Surimi grands Coraya x10 - 156g","p":2.35,"u":"15,06 €/KG","img":"https://fd11-photos.leclercdrive.fr/image.ashx?id=2762133&use=l&cat=p&typeid=i","cat":285189},{"id":45456,"n":"Chips Bio Village Bio Nature - 6x30g","p":2.99,"u":"16,61 €/KG","img":"https://fd11-photos.leclercdrive.fr/image.ashx?id=2838957&use=l&cat=p&typeid=i","cat":284447},{"id":45498,"n":"Sacs poubelle 30L Elembal Ultra resist - x20","p":3.25,"u":"0,16 €/P","img":"https://fd11-photos.leclercdrive.fr/image.ashx?id=2958729&use=l&cat=p&typeid=i","cat":285168},{"id":45499,"n":"Sacs poubelle 50L Elembal Ultra résist - x15","p":3.9,"u":"0,26 €/P","img":"https://fd11-photos.leclercdrive.fr/image.ashx?id=2958732&use=l&cat=p&typeid=i","cat":285168},{"id":45515,"n":"Fleurs : Orchidée Phalanënopsis 2 branches+ pot céramique blanc","p":11.5,"img":"https://fd11-photos.leclercdrive.fr/image.ashx?id=817117&use=l&cat=p&typeid=i","cat":335920},{"id":45517,"n":"Fleurs : Bouquet champêtre 1 bouquet","p":5.95,"img":"https://fd11-photos.leclercdrive.fr/image.ashx?id=817109&use=l&cat=p&typeid=i","cat":335920},{"id":45518,"n":"Fleurs : Bouquet poésie x1 bouquet","p":14.95,"img":"https://fd11-photos.leclercdrive.fr/image.ashx?id=817089&use=l&cat=p&typeid=i","cat":335920},{"id":45520,"n":"Gâteau tropezienne  650g","p":6.5,"u":"10,00 €/KG","img":"https://fd11-photos.leclercdrive.fr/image.ashx?id=615430&use=l&cat=p&typeid=i","cat":284360},{"id":45610,"n":"Boudin blanc aux truffes Le Gaulois x3 - 300g","p":4.79,"u":"15,97 €/KG","img":"https://fd11-photos.leclercdrive.fr/image.ashx?id=2335226&use=l&cat=p&typeid=i","cat":327289},{"id":45636,"n":"Bouquet garni Ducros Epices à la provençale - 18g","p":1.32,"u":"73,33 €/KG","img":"https://fd11-photos.leclercdrive.fr/image.ashx?id=1715377&use=l&cat=p&typeid=i","cat":298297},{"id":45642,"n":"Ratatouille Cuisinée Cassegrain à la Provençale 185g","p":1.77,"u":"9,57 €/KG","img":"https://fd11-photos.leclercdrive.fr/image.ashx?id=2913007&use=l&cat=p&typeid=i","cat":312612},{"id":45658,"n":"Pizza Kebab 600g 600g","p":5.99,"u":"9,98 €/KG","img":"https://fd11-photos.leclercdrive.fr/image.ashx?id=1283716&use=l&cat=p&typeid=i","cat":333679},{"id":45671,"n":"Chips Bret's Chèvre/piment d'espelette -125g","p":1.14,"u":"9,12 €/KG","img":"https://fd11-photos.leclercdrive.fr/image.ashx?id=1941593&use=l&cat=p&typeid=i","cat":284447},{"id":45708,"n":"Yaourt à boire Mini Yop Aromatisé Fraise - 8x100g","p":2.25,"u":"2,81 €/KG","img":"https://fd11-photos.leclercdrive.fr/image.ashx?id=2985159&use=l&cat=p&typeid=i","cat":284415},{"id":45712,"n":"Emmental râpé fondant Président 500g","p":4.73,"u":"9,46 €/KG","img":"https://fd11-photos.leclercdrive.fr/image.ashx?id=2489464&use=l&cat=p&typeid=i","cat":314035},{"id":45750,"n":"Couette unie Microstop Tissaia Anti-acariens - 140x200cm","p":20.92,"u":"Dont 0,40 € d'éco-part.","img":"https://fd11-photos.leclercdrive.fr/image.ashx?id=2648430&use=l&cat=p&typeid=i","cat":288835},{"id":45756,"n":"Couette unie Microstop Tissaia Anti-acariens - 260x240cm","p":41.92,"u":"Dont 0,60 € d'éco-part.","img":"https://fd11-photos.leclercdrive.fr/image.ashx?id=2648439&use=l&cat=p&typeid=i","cat":288835},{"id":45770,"n":"Oreiller Tissaia Anti-acariens - 45x70cm","p":7.83,"u":"Dont 0,20 € d'éco-part.","img":"https://fd11-photos.leclercdrive.fr/image.ashx?id=2207664&use=l&cat=p&typeid=i","cat":288835},{"id":45772,"n":"Traversin Tissaia Anti-acarien microstop 140cm","p":11.96,"u":"Dont 0,20 € d'éco-part.","img":"https://fd11-photos.leclercdrive.fr/image.ashx?id=2380241&use=l&cat=p&typeid=i","cat":288835},{"id":45773,"n":"Traversin Tissaia Anti-acarien microstop 160 cm","p":14.21,"u":"Dont 0,20 € d'éco-part.","img":"https://fd11-photos.leclercdrive.fr/image.ashx?id=2207742&use=l&cat=p&typeid=i","cat":288835},{"id":45813,"n":"Cire divine Nair Monoï - 400g","p":6.91,"u":"17,28 €/KG","img":"https://fd11-photos.leclercdrive.fr/image.ashx?id=2903239&use=l&cat=p&typeid=i","cat":325351},{"id":45826,"n":"Brosse à dents pro Dentamyl Médium x2","p":0.65,"u":"0,33 €/P","img":"https://fd11-photos.leclercdrive.fr/image.ashx?id=2790982&use=l&cat=p&typeid=i","cat":284614},{"id":45870,"n":"Vinaigre ménager Clair 100% naturel - 1L","p":1.08,"u":"1,08 €/L","img":"https://fd11-photos.leclercdrive.fr/image.ashx?id=2779199&use=l&cat=p&typeid=i","cat":325365},{"id":45905,"n":"Tartelettes au citron   2x135g","p":3.2,"u":"11,85 €/KG","img":"https://fd11-photos.leclercdrive.fr/image.ashx?id=820617&use=l&cat=p&typeid=i","cat":284360},{"id":45907,"n":"Tarte poires et amandes 6 parts  1 p","p":7.5,"img":"https://fd11-photos.leclercdrive.fr/image.ashx?id=820609&use=l&cat=p&typeid=i","cat":284360},{"id":45908,"n":"Biscuits fourrés Prince Chocolat - 3x300g","p":3.62,"u":"4,02 €/KG","img":"https://fd11-photos.leclercdrive.fr/image.ashx?id=3014641&use=l&cat=p&typeid=i","cat":284488},{"id":45923,"n":"Pur jus d'orange Bio Village Bio avec pulpe - 1L","p":3.11,"u":"3,11 €/L","img":"https://fd11-photos.leclercdrive.fr/image.ashx?id=2901542&use=l&cat=p&typeid=i","cat":284521},{"id":45965,"n":"Saucisses Knacki Herta Poulet x6 - 210g","p":1.56,"u":"7,43 €/KG","img":"https://fd11-photos.leclercdrive.fr/image.ashx?id=2290428&use=l&cat=p&typeid=i","cat":316012},{"id":46006,"n":"AOP Jurançon vin blanc Moelleux Terrasses d'Autan-75cl","p":6.99,"u":"9,32 €/L","img":"https://fd11-photos.leclercdrive.fr/image.ashx?id=2774859&use=l&cat=p&typeid=i","cat":289557},{"id":46016,"n":"Chocolat Pâtissier Tablette dOr Chocolat Noir - 3x200g","p":5.35,"u":"8,92 €/KG","img":"https://fd11-photos.leclercdrive.fr/image.ashx?id=3015392&use=l&cat=p&typeid=i","cat":285562},{"id":46028,"n":"IGP Pays d'Oc Rosé Grenache Cinsault JP Chenet 12.5% BIB 3L","p":10.0,"u":"3,33 €/L","img":"https://fd11-photos.leclercdrive.fr/image.ashx?id=2941715&use=l&cat=p&typeid=i","cat":289560},{"id":46051,"n":"Menus chat Tous mes amis Viande menus gourmands 24x100g","p":6.95,"u":"2,90 €/KG","img":"https://fd11-photos.leclercdrive.fr/image.ashx?id=2027607&use=l&cat=p&typeid=i","cat":285286},{"id":46052,"n":"Gelée pour chat Tous mes amis Poisson menus gourmands 24x100g","p":6.95,"u":"2,90 €/KG","img":"https://fd11-photos.leclercdrive.fr/image.ashx?id=2027604&use=l&cat=p&typeid=i","cat":285286},{"id":46166,"n":"Crackers bio Bio Village 3 graines - 200g","p":2.69,"u":"13,45 €/KG","img":"https://fd11-photos.leclercdrive.fr/image.ashx?id=2310504&use=l&cat=p&typeid=i","cat":297000},{"id":46224,"n":"Friandises chien Pedigree Récompense bœuf fromage - 140g","p":1.64,"u":"11,71 €/KG","img":"https://fd11-photos.leclercdrive.fr/image.ashx?id=2256203&use=l&cat=p&typeid=i","cat":294527},{"id":46245,"n":"Saucisses chipolatas 450g","p":4.27,"u":"9,49 €/KG","img":"https://fd11-photos.leclercdrive.fr/image.ashx?id=822242&use=l&cat=p&typeid=i","cat":284334},{"id":46246,"n":"Merguez x6 400g","p":4.59,"u":"11,48 €/KG","img":"https://fd11-photos.leclercdrive.fr/image.ashx?id=631937&use=l&cat=p&typeid=i","cat":284334},{"id":46381,"n":"Fromage Emmenta Les Croisés En dés - 150g","p":1.89,"u":"12,60 €/KG","img":"https://fd11-photos.leclercdrive.fr/image.ashx?id=2422550&use=l&cat=p&typeid=i","cat":314027},{"id":46462,"n":"Mini coudes Turini 500g","p":0.99,"u":"1,98 €/KG","img":"https://fd11-photos.leclercdrive.fr/image.ashx?id=2607566&use=l&cat=p&typeid=i","cat":284427},{"id":46473,"n":"Rhum blanc Trois Rivières 40% vol - 70cl","p":11.6,"u":"16,57 €/L","img":"https://fd11-photos.leclercdrive.fr/image.ashx?id=2766334&use=l&cat=p&typeid=i","cat":284550},{"id":46498,"n":"Pomme de terre Bio Bio Village Four Potage - 1.5kg","p":2.99,"u":"1,99 €/KG","img":"https://fd11-photos.leclercdrive.fr/image.ashx?id=2959752&use=l&cat=p&typeid=i","cat":284352},{"id":46533,"n":"Plat à pizza Homeside Avec trous, alluminium - 30cm","p":4.5,"img":"https://fd11-photos.leclercdrive.fr/image.ashx?id=2856642&use=l&cat=p&typeid=i","cat":298490},{"id":46534,"n":"Shaker Ardence 1 pièce","p":4.24,"img":"https://fd11-photos.leclercdrive.fr/image.ashx?id=1467666&use=l&cat=p&typeid=i","cat":334135},{"id":46536,"n":"Range couverts Ardence Modulable, 5 cases - x1","p":4.5,"img":"https://fd11-photos.leclercdrive.fr/image.ashx?id=1468594&use=l&cat=p&typeid=i","cat":334135},{"id":46540,"n":"Croquette chat stérilisé Ultima Poulet - Sénior +10 ans - 1.5kg","p":6.53,"u":"4,35 €/KG","img":"https://fd11-photos.leclercdrive.fr/image.ashx?id=2922227&use=l&cat=p&typeid=i","cat":284680},{"id":46541,"n":"Croquette chat stérilisé Ultima Chat d'intérieur - Dinde -1.5kg","p":6.5,"u":"4,33 €/KG","img":"https://fd11-photos.leclercdrive.fr/image.ashx?id=2927009&use=l&cat=p&typeid=i","cat":284680},{"id":46558,"n":"Boîtes alimentaires Eco+ 4x0.9L","p":2.88,"u":"0,72 €/P","img":"https://fd11-photos.leclercdrive.fr/image.ashx?id=1467660&use=l&cat=p&typeid=i","cat":284710},{"id":46559,"n":"Boîtes alimentaires Eco+ 5x0.5L","p":1.72,"u":"0,34 €/P","img":"https://fd11-photos.leclercdrive.fr/image.ashx?id=1467657&use=l&cat=p&typeid=i","cat":284710},{"id":46667,"n":"Monster Munch Salé - 135g","p":1.36,"u":"10,07 €/KG","img":"https://fd11-photos.leclercdrive.fr/image.ashx?id=2996935&use=l&cat=p&typeid=i","cat":284449},{"id":46703,"n":"Spray désodorisant Airwick  Pure Douceur de Coton - 250ml","p":2.74,"u":"10,96 €/L","img":"https://fd11-photos.leclercdrive.fr/image.ashx?id=2858600&use=l&cat=p&typeid=i","cat":311626},{"id":46982,"n":"Cookies gros éclats Granola Chocolat - 276g","p":2.4,"u":"8,70 €/KG","img":"https://fd11-photos.leclercdrive.fr/image.ashx?id=3005335&use=l&cat=p&typeid=i","cat":325066},{"id":46984,"n":"Café et Chicorée Soluble Ricoré  Original Recharge - 180g","p":3.73,"u":"20,72 €/KG","img":"https://fd11-photos.leclercdrive.fr/image.ashx?id=2980112&use=l&cat=p&typeid=i","cat":284843},{"id":47127,"n":"Bière Red Desperados 5.9%vol. - 6x33cl","p":8.8,"u":"4,44 €/L","img":"https://fd11-photos.leclercdrive.fr/image.ashx?id=2766229&use=l&cat=p&typeid=i","cat":334878},{"id":47128,"n":"Vin Union Européenne rouge Le Tonnelier - BIB 5L","p":8.95,"u":"1,79 €/L","img":"https://fd11-photos.leclercdrive.fr/image.ashx?id=2107468&use=l&cat=p&typeid=i","cat":289560},{"id":47129,"n":"Vin Union Européenne rouge Cabernet Sauvignon - BIB 5L","p":13.08,"u":"2,62 €/L","img":"https://fd11-photos.leclercdrive.fr/image.ashx?id=2476491&use=l&cat=p&typeid=i","cat":289560},{"id":47130,"n":"Vin Union européenne blanc Le Tonnelier - BIB 5L","p":8.95,"img":"https://fd11-photos.leclercdrive.fr/image.ashx?id=2107471&use=l&cat=p&typeid=i","cat":289557},{"id":47132,"n":"IGP Pays d'Oc blanc Les Ormes De Cambras Sauvignon 12% BIB 5L","p":15.5,"u":"3,10 €/L","img":"https://fd11-photos.leclercdrive.fr/image.ashx?id=2192389&use=l&cat=p&typeid=i","cat":289557},{"id":47169,"n":"Sacs poubelle 10L Elembal Salle de bain - x20","p":0.8,"u":"0,04 €/P","img":"https://fd11-photos.leclercdrive.fr/image.ashx?id=2793239&use=l&cat=p&typeid=i","cat":285168},{"id":47176,"n":"Déodorant Spray Femme Nivea Black&White Original - 200ml","p":2.65,"u":"13,25 €/L","img":"https://fd11-photos.leclercdrive.fr/image.ashx?id=2980031&use=l&cat=p&typeid=i","cat":284595},{"id":47180,"n":"Gel douche enfant Tahiti Fruits exotiques - 300ml","p":1.91,"u":"6,37 €/L","img":"https://fd11-photos.leclercdrive.fr/image.ashx?id=2687332&use=l&cat=p&typeid=i","cat":284594},{"id":47181,"n":"Essuie-tout compact 3=9 Eco+ x3","p":2.27,"u":"0,76 €/P","img":"https://fd11-photos.leclercdrive.fr/image.ashx?id=2741282&use=l&cat=p&typeid=i","cat":284635},{"id":47234,"n":"Lames Gillette Sensor Excel - x10","p":10.06,"u":"1,01 €/P","img":"https://fd11-photos.leclercdrive.fr/image.ashx?id=2566476&use=l&cat=p&typeid=i","cat":284616},{"id":47253,"n":"Escalope de dinde Le Gaulois x6 - 720g","p":10.95,"u":"15,21 €/KG","img":"https://fd11-photos.leclercdrive.fr/image.ashx?id=2405506&use=l&cat=p&typeid=i","cat":284337},{"id":47254,"n":"Pâtes Coudes Rayés Turini 1kg","p":1.75,"u":"1,75 €/KG","img":"https://fd11-photos.leclercdrive.fr/image.ashx?id=2980806&use=l&cat=p&typeid=i","cat":284427},{"id":47255,"n":"Pâtes linguine Turini  500g","p":0.91,"u":"1,82 €/KG","img":"https://fd11-photos.leclercdrive.fr/image.ashx?id=2607554&use=l&cat=p&typeid=i","cat":284427},{"id":47256,"n":"Pâtes Farfalles Turini  1kg","p":1.2,"u":"1,20 €/KG","img":"https://fd11-photos.leclercdrive.fr/image.ashx?id=2665574&use=l&cat=p&typeid=i","cat":284427},{"id":47257,"n":"Pâtes Spaghettoni Turini  500g","p":0.84,"u":"1,68 €/KG","img":"https://fd11-photos.leclercdrive.fr/image.ashx?id=2607557&use=l&cat=p&typeid=i","cat":284427},{"id":47258,"n":"Pâtes coquillettes Turini Blé complet  - 500g","p":1.09,"u":"2,18 €/KG","img":"https://fd11-photos.leclercdrive.fr/image.ashx?id=2607563&use=l&cat=p&typeid=i","cat":284427},{"id":47259,"n":"Pistaches Tokapi  Grillées à sec - 75g","p":1.65,"u":"22,00 €/KG","img":"https://fd11-photos.leclercdrive.fr/image.ashx?id=2795571&use=l&cat=p&typeid=i","cat":284448},{"id":47263,"n":"Brossettes Dentamyl Interdentaires - x5","p":2.49,"u":"0,50 €/P","img":"https://fd11-photos.leclercdrive.fr/image.ashx?id=2672879&use=l&cat=p&typeid=i","cat":285159},{"id":47281,"n":"Piles rechargeables Energizer Power plus AAA/LR3 - x4 piles","p":13.12,"u":"3,28 €/P","img":"https://fd11-photos.leclercdrive.fr/image.ashx?id=2748629&use=l&cat=p&typeid=i","cat":300572},{"id":47290,"n":"Piles Energizer lr44/A76 - x4","p":4.11,"img":"https://fd11-photos.leclercdrive.fr/image.ashx?id=2024972&use=l&cat=p&typeid=i","cat":300572},{"id":47360,"n":"Fromage à tartiner Madame Loïk Fouetté Ail Fines Herbes - 150g","p":1.67,"u":"11,13 €/KG","img":"https://fd11-photos.leclercdrive.fr/image.ashx?id=2948021&use=l&cat=p&typeid=i","cat":314029},{"id":47381,"n":"Vin Union européenne blanc Lichette 11° - 75 cl","p":2.5,"u":"3,33 €/L","img":"https://fd11-photos.leclercdrive.fr/image.ashx?id=2943855&use=l&cat=p&typeid=i","cat":289557},{"id":47393,"n":"Pizza Lardon/Chèvre  585g","p":5.99,"u":"10,24 €/KG","img":"https://fd11-photos.leclercdrive.fr/image.ashx?id=773058&use=l&cat=p&typeid=i","cat":333679},{"id":47396,"n":"Mélange gourmand maxi Les Crudettes - 320g","p":2.55,"u":"7,97 €/KG","img":"https://fd11-photos.leclercdrive.fr/image.ashx?id=2238684&use=l&cat=p&typeid=i","cat":284353},{"id":47397,"n":"Salade frisée Les Crudettes 100% coeurs - 200g","p":1.91,"u":"9,55 €/KG","img":"https://fd11-photos.leclercdrive.fr/image.ashx?id=1933278&use=l&cat=p&typeid=i","cat":284353},{"id":47438,"n":"Chewing-gum Freedent White  Bubble menthe 5x10  - 70g","p":2.28,"u":"32,57 €/KG","img":"https://fd11-photos.leclercdrive.fr/image.ashx?id=1934997&use=l&cat=p&typeid=i","cat":304251},{"id":47512,"n":"Whisky Jack Daniel's Old N°7 1,5L","p":43.48,"u":"28,99 €/L","img":"https://fd11-photos.leclercdrive.fr/image.ashx?id=2986840&use=l&cat=p&typeid=i","cat":284547},{"id":47528,"n":"Vin mousseux J.P Chenet Blanc 11%vol - 75cl","p":5.19,"u":"6,92 €/L","img":"https://fd11-photos.leclercdrive.fr/image.ashx?id=2794469&use=l&cat=p&typeid=i","cat":284544},{"id":47529,"n":"Vin mousseux de France Rosé J.P Chenet 11%vol - 75cl","p":5.33,"u":"7,11 €/L","img":"https://fd11-photos.leclercdrive.fr/image.ashx?id=2794472&use=l&cat=p&typeid=i","cat":284544},{"id":47542,"n":"Starmint Haribo Sachet bonbons menthe - 200g","p":1.29,"u":"6,45 €/KG","img":"https://fd11-photos.leclercdrive.fr/image.ashx?id=2984889&use=l&cat=p&typeid=i","cat":304252},{"id":47563,"n":"Macédoine de Légumes Bonduelle 265g","p":0.89,"u":"3,36 €/KG","img":"https://fd11-photos.leclercdrive.fr/image.ashx?id=2910007&use=l&cat=p&typeid=i","cat":312612},{"id":47578,"n":"Yaourt de brebis Petit Basque Châtaignes - 2x125g","p":1.92,"u":"7,68 €/KG","img":"https://fd11-photos.leclercdrive.fr/image.ashx?id=2848839&use=l&cat=p&typeid=i","cat":314998},{"id":47592,"n":"Crêpe fourrée Whaou Cracky choco x8 - 256g","p":2.2,"u":"8,59 €/KG","img":"https://fd11-photos.leclercdrive.fr/image.ashx?id=2971029&use=l&cat=p&typeid=i","cat":284494},{"id":47593,"n":"Yaourts Mamie Nova Chocolat - 2x150g","p":1.27,"u":"4,23 €/KG","img":"https://fd11-photos.leclercdrive.fr/image.ashx?id=2909029&use=l&cat=p&typeid=i","cat":285041},{"id":47646,"n":"Pâtes Macaroni Panzani  3 Minutes - 500G","p":1.17,"u":"2,34 €/KG","img":"https://fd11-photos.leclercdrive.fr/image.ashx?id=2896081&use=l&cat=p&typeid=i","cat":284427},{"id":47648,"n":"Filets de maquereaux Saupiquet Vin blanc et aromates - 176g","p":1.99,"u":"11,31 €/KG","img":"https://fd11-photos.leclercdrive.fr/image.ashx?id=2829967&use=l&cat=p&typeid=i","cat":303868},{"id":47657,"n":"Bâtonnets Dentastix Pedigree Grand chien x56 - 2160g","p":16.63,"u":"7,70 €/KG","img":"https://fd11-photos.leclercdrive.fr/image.ashx?id=2980064&use=l&cat=p&typeid=i","cat":294527},{"id":47675,"n":"Sardines Connétable Piment - 140g","p":1.48,"u":"10,57 €/KG","img":"https://fd11-photos.leclercdrive.fr/image.ashx?id=2807573&use=l&cat=p&typeid=i","cat":305146},{"id":47681,"n":"Sauce pizza Turini aux tomates et origan - 390g","p":0.99,"u":"2,54 €/KG","img":"https://fd11-photos.leclercdrive.fr/image.ashx?id=2412025&use=l&cat=p&typeid=i","cat":288384},{"id":47686,"n":"Fromage Spécialité Babybel Maxi - 200g","p":2.1,"u":"10,50 €/KG","img":"https://fd11-photos.leclercdrive.fr/image.ashx?id=2806913&use=l&cat=p&typeid=i","cat":314030},{"id":47702,"n":"Sirop La Maison Guiot Violette - 70cl","p":3.11,"u":"4,44 €/L","img":"https://fd11-photos.leclercdrive.fr/image.ashx?id=2014832&use=l&cat=p&typeid=i","cat":295020},{"id":47722,"n":"Compotes Pom'Potes Gourdes  Pomme Nature - 12x90g","p":4.46,"u":"4,13 €/KG","img":"https://fd11-photos.leclercdrive.fr/image.ashx?id=2968082&use=l&cat=p&typeid=i","cat":284508},{"id":47772,"n":"Chips Lay's Saveur cheeseburger - 120g","p":1.78,"u":"14,83 €/KG","img":"https://fd11-photos.leclercdrive.fr/image.ashx?id=3011134&use=l&cat=p&typeid=i","cat":284447},{"id":47794,"n":"Fromage Tomme de Savoie NRT IGP 300g","p":4.29,"u":"14,30 €/KG","img":"https://fd11-photos.leclercdrive.fr/image.ashx?id=2934835&use=l&cat=p&typeid=i","cat":329184},{"id":47795,"n":"Papier toilette humide Lotus Aloe Douceur - x42 feuilles","p":1.67,"u":"0,04 €/P","img":"https://fd11-photos.leclercdrive.fr/image.ashx?id=2864840&use=l&cat=p&typeid=i","cat":284634},{"id":47796,"n":"Papier toilette humide Lotus Pure - x42 feuilles","p":1.57,"u":"0,04 €/P","img":"https://fd11-photos.leclercdrive.fr/image.ashx?id=2866070&use=l&cat=p&typeid=i","cat":284634},{"id":47842,"n":"Crème glacée L'Angélys Rhum Raisins - 500g","p":5.12,"u":"10,24 €/KG","img":"https://fd11-photos.leclercdrive.fr/image.ashx?id=2963577&use=l&cat=p&typeid=i","cat":284263},{"id":48007,"n":"Vin mousseux de France Kriter blanc Demi-sec - 75cl","p":4.4,"u":"5,87 €/L","img":"https://fd11-photos.leclercdrive.fr/image.ashx?id=2840871&use=l&cat=p&typeid=i","cat":284544},{"id":48019,"n":"Lot de chemises A4Carte lustrée 7+3 offertes","p":6.94,"u":"0,69 €/P","img":"https://fd11-photos.leclercdrive.fr/image.ashx?id=2955131&use=l&cat=p&typeid=i","cat":284745},{"id":48029,"n":"Sirop Moulin de Valdonne Pêche blanche - 70cl","p":3.23,"u":"4,61 €/L","img":"https://fd11-photos.leclercdrive.fr/image.ashx?id=2842678&use=l&cat=p&typeid=i","cat":295020},{"id":48048,"n":"Flan bio les 2 vaches Vanille caramel - 4x100g","p":1.98,"u":"4,95 €/KG","img":"https://fd11-photos.leclercdrive.fr/image.ashx?id=2735446&use=l&cat=p&typeid=i","cat":284420},{"id":48055,"n":"Hachis parmentier Marie  1kg","p":5.49,"u":"5,49 €/KG","img":"https://fd11-photos.leclercdrive.fr/image.ashx?id=2993385&use=l&cat=p&typeid=i","cat":284254},{"id":48103,"n":"Pizza Sud-Ouest  600g","p":5.99,"u":"9,98 €/KG","img":"https://fd11-photos.leclercdrive.fr/image.ashx?id=724412&use=l&cat=p&typeid=i","cat":333679},{"id":48106,"n":"Thon vapeur Petit Navire 130g","p":1.98,"u":"15,23 €/KG","img":"https://fd11-photos.leclercdrive.fr/image.ashx?id=2536918&use=l&cat=p&typeid=i","cat":303867},{"id":48107,"n":"Thon mariné Petit Navire Citron/thym - 110g","p":2.11,"u":"19,18 €/KG","img":"https://fd11-photos.leclercdrive.fr/image.ashx?id=2986122&use=l&cat=p&typeid=i","cat":303867},{"id":48112,"n":"Poivre noir moulu Ducros Fort, N°9 - 35g","p":3.16,"u":"90,29 €/KG","img":"https://fd11-photos.leclercdrive.fr/image.ashx?id=2486593&use=l&cat=p&typeid=i","cat":284457},{"id":48113,"n":"Thym Ducros Flacon - 14g","p":1.57,"u":"112,14 €/KG","img":"https://fd11-photos.leclercdrive.fr/image.ashx?id=2983210&use=l&cat=p&typeid=i","cat":298297},{"id":48114,"n":"Persil Ducros 5g","p":1.34,"u":"268,00 €/KG","img":"https://fd11-photos.leclercdrive.fr/image.ashx?id=2490503&use=l&cat=p&typeid=i","cat":298297},{"id":48152,"n":"Ecrasé de pdt Florette Huile d'olive - 2x200g","p":2.93,"u":"7,51 €/KG","img":"https://fd11-photos.leclercdrive.fr/image.ashx?id=2795144&use=l&cat=p&typeid=i","cat":333665},{"id":48155,"n":"Graines Maître Prunille Tournesol grillées, salées-250g","p":2.86,"u":"11,44 €/KG","img":"https://fd11-photos.leclercdrive.fr/image.ashx?id=2234024&use=l&cat=p&typeid=i","cat":284357},{"id":48167,"n":"Dosettes café Plantation  Doux - x36 - 250g","p":3.83,"u":"15,32 €/KG","img":"https://fd11-photos.leclercdrive.fr/image.ashx?id=2622121&use=l&cat=p&typeid=i","cat":293238},{"id":48182,"n":"Pruneaux d'Agen Maison Roucadil IGP Geant - 500g","p":6.5,"u":"13,00 €/KG","img":"https://fd11-photos.leclercdrive.fr/image.ashx?id=2213838&use=l&cat=p&typeid=i","cat":284357},{"id":48184,"n":"Pistaches Maître Prunille Coques grillées sans sel -160g","p":4.7,"u":"29,38 €/KG","img":"https://fd11-photos.leclercdrive.fr/image.ashx?id=2107961&use=l&cat=p&typeid=i","cat":316002},{"id":48197,"n":"Raisins Golden Sun 500g","p":4.36,"u":"8,72 €/KG","img":"https://fd11-photos.leclercdrive.fr/image.ashx?id=2692227&use=l&cat=p&typeid=i","cat":284357},{"id":48200,"n":"Rillettes de poulet rôti Bordeau Chesnel - 220g","p":2.28,"u":"10,36 €/KG","img":"https://fd11-photos.leclercdrive.fr/image.ashx?id=2855046&use=l&cat=p&typeid=i","cat":316008},{"id":48210,"n":"Pâte d'amande Maître Prunille Tricolore - 250g","p":1.84,"u":"7,36 €/KG","img":"https://fd11-photos.leclercdrive.fr/image.ashx?id=2248330&use=l&cat=p&typeid=i","cat":284504},{"id":48211,"n":"Mélange de saison Florette 320g","p":2.7,"u":"8,44 €/KG","img":"https://fd11-photos.leclercdrive.fr/image.ashx?id=2844055&use=l&cat=p&typeid=i","cat":284353},{"id":48226,"n":"Petit Pois, Carotte Cassegrain Tendres et Fondants 130g","p":1.21,"u":"9,31 €/KG","img":"https://fd11-photos.leclercdrive.fr/image.ashx?id=2912977&use=l&cat=p&typeid=i","cat":312607},{"id":48254,"n":"Filets de maquereaux Saupiquet Natures - Grillés - 120g","p":2.08,"u":"17,33 €/KG","img":"https://fd11-photos.leclercdrive.fr/image.ashx?id=2873868&use=l&cat=p&typeid=i","cat":303868},{"id":48255,"n":"Recharge EasyWax Expert Veet Bras Jambes Peaux Normales 50ml","p":6.27,"u":"125,40 €/L","img":"https://fd11-photos.leclercdrive.fr/image.ashx?id=2970789&use=l&cat=p&typeid=i","cat":325351},{"id":48258,"n":"Croquettes chat Ultima Stérilisé - Saumon - 3kg","p":10.82,"u":"3,61 €/KG","img":"https://fd11-photos.leclercdrive.fr/image.ashx?id=2922221&use=l&cat=p&typeid=i","cat":284680},{"id":48267,"n":"Rhum ambré Saint James 45%vol - 70cl","p":14.23,"u":"20,33 €/L","img":"https://fd11-photos.leclercdrive.fr/image.ashx?id=2970945&use=l&cat=p&typeid=i","cat":284550},{"id":48272,"n":"Liqueur de menthe Get 31 24° - 70cl","p":14.12,"u":"20,17 €/L","img":"https://fd11-photos.leclercdrive.fr/image.ashx?id=2840497&use=l&cat=p&typeid=i","cat":286032},{"id":48306,"n":"IGP Pays d'Oc rosé Grenache Les Ormes de Cambras 11.5% 75cl","p":3.15,"u":"4,20 €/L","img":"https://fd11-photos.leclercdrive.fr/image.ashx?id=2285234&use=l&cat=p&typeid=i","cat":289558},{"id":48307,"n":"IGP Pays d'Oc rosé Grenache Les Ormes de Cambras - BIB 5L","p":14.31,"u":"2,86 €/L","img":"https://fd11-photos.leclercdrive.fr/image.ashx?id=2489458&use=l&cat=p&typeid=i","cat":289560},{"id":48310,"n":"Concentré à diluer Pulco Citron vert - 70cl","p":2.39,"u":"3,41 €/L","img":"https://fd11-photos.leclercdrive.fr/image.ashx?id=2686630&use=l&cat=p&typeid=i","cat":295020},{"id":48311,"n":"Concentré à diluer Pulco Orange Citron - 70cl","p":2.53,"u":"3,61 €/L","img":"https://fd11-photos.leclercdrive.fr/image.ashx?id=2686633&use=l&cat=p&typeid=i","cat":295020},{"id":48314,"n":"Spécialité laitière Délisse Oncteux Stracciatella - 4x120g","p":1.76,"u":"3,67 €/KG","img":"https://fd11-photos.leclercdrive.fr/image.ashx?id=2554834&use=l&cat=p&typeid=i","cat":314999},{"id":48339,"n":"Chocolat au lait Lindt  Praliné Noisette - 100g","p":1.92,"u":"19,20 €/KG","img":"https://fd11-photos.leclercdrive.fr/image.ashx?id=2751321&use=l&cat=p&typeid=i","cat":284497},{"id":48348,"n":"Chocolat au lait Lindt Création Caramel - 150g","p":3.03,"u":"20,20 €/KG","img":"https://fd11-photos.leclercdrive.fr/image.ashx?id=2685814&use=l&cat=p&typeid=i","cat":284497},{"id":48352,"n":"Tablette de chocolat noir Lindt Orange intense - 100g","p":2.22,"u":"22,20 €/KG","img":"https://fd11-photos.leclercdrive.fr/image.ashx?id=2689496&use=l&cat=p&typeid=i","cat":284956},{"id":48353,"n":"Tablette de chocolat noir Lindt 70% cacao - 100g","p":2.22,"u":"22,20 €/KG","img":"https://fd11-photos.leclercdrive.fr/image.ashx?id=2681592&use=l&cat=p&typeid=i","cat":284956},{"id":48354,"n":"Tablette de chocolat noir Lindt 85% cacao - 100g","p":2.22,"u":"22,20 €/KG","img":"https://fd11-photos.leclercdrive.fr/image.ashx?id=2681589&use=l&cat=p&typeid=i","cat":284956},{"id":48355,"n":"Tablette de chocolat noir Lindt Caramel Pointe de sel - 100g","p":2.22,"u":"22,20 €/KG","img":"https://fd11-photos.leclercdrive.fr/image.ashx?id=2689493&use=l&cat=p&typeid=i","cat":284956},{"id":48359,"n":"Beignets Chocolat 10p","p":5.2,"u":"0,52 €/P","img":"https://fd11-photos.leclercdrive.fr/image.ashx?id=2071031&use=l&cat=p&typeid=i","cat":284984},{"id":48378,"n":"Café moulu Jacques Vabre Brésil 100% Arabica - 250g","p":4.47,"u":"17,88 €/KG","img":"https://fd11-photos.leclercdrive.fr/image.ashx?id=2100380&use=l&cat=p&typeid=i","cat":284750},{"id":48419,"n":"AOP Alsace Riesling blanc Wolfberger - 75cl","p":6.5,"pp":4.87,"u":"6,49 €/L","img":"https://fd11-photos.leclercdrive.fr/image.ashx?id=2905357&use=l&cat=p&typeid=i","cat":289557},{"id":48421,"n":"AOP Alsace Gewurztraminer blanc Wolfberger 13,5% - 75cl","p":7.85,"pp":5.89,"u":"7,85 €/L","img":"https://fd11-photos.leclercdrive.fr/image.ashx?id=2936368&use=l&cat=p&typeid=i","cat":289557},{"id":48471,"n":"Mélange 5 baies n°5 Ducros 70g","p":3.88,"u":"55,43 €/KG","img":"https://fd11-photos.leclercdrive.fr/image.ashx?id=2486602&use=l&cat=p&typeid=i","cat":284457},{"id":48511,"n":"Menagère poivre blanc  Ducros N° 8 - 90g","p":3.89,"u":"43,22 €/KG","img":"https://fd11-photos.leclercdrive.fr/image.ashx?id=2559481&use=l&cat=p&typeid=i","cat":284457},{"id":48512,"n":"Poivre noir n°6 Ducros Moulin - 28g","p":3.38,"u":"120,71 €/KG","img":"https://fd11-photos.leclercdrive.fr/image.ashx?id=2559472&use=l&cat=p&typeid=i","cat":284457},{"id":48513,"n":"Poivre noir n°6 Ducros Grains - 90g","p":3.44,"u":"38,22 €/KG","img":"https://fd11-photos.leclercdrive.fr/image.ashx?id=2473336&use=l&cat=p&typeid=i","cat":284457},{"id":48515,"n":"Coriandre Ducros Moulue - 32g","p":1.25,"u":"39,06 €/KG","img":"https://fd11-photos.leclercdrive.fr/image.ashx?id=2490497&use=l&cat=p&typeid=i","cat":298297},{"id":48525,"n":"Tomato Ketchup Heinz - 700g","p":2.63,"u":"3,76 €/KG","img":"https://fd11-photos.leclercdrive.fr/image.ashx?id=2729326&use=l&cat=p&typeid=i","cat":284455},{"id":48573,"n":"Barre Chocolat au Lait KitKat x10 barres - 415g","p":4.79,"u":"1,15 €/L","img":"https://fd11-photos.leclercdrive.fr/image.ashx?id=2905045&use=l&cat=p&typeid=i","cat":284498},{"id":48589,"n":"Lait bébé poudre Gallia Calisma croissance Dès 12 mois 1,2kg","p":15.64,"u":"13,03 €/KG","img":"https://fd11-photos.leclercdrive.fr/image.ashx?id=2973553&use=l&cat=p&typeid=i","cat":290219},{"id":48591,"n":"Lait bébé Gallia Calisma croissance Dès 12 mois 4x1L","p":8.93,"u":"2,23 €/L","img":"https://fd11-photos.leclercdrive.fr/image.ashx?id=2481249&use=l&cat=p&typeid=i","cat":284728},{"id":48596,"n":"Gourdes Bio bébé Hipp  4 variétés - 8x90g","p":7.05,"u":"9,79 €/KG","img":"https://fd11-photos.leclercdrive.fr/image.ashx?id=3000357&use=l&cat=p&typeid=i","cat":312393},{"id":48602,"n":"Repas du soir Babybio 12 mois Légumes vert Bio - 400g","p":2.75,"u":"6,88 €/KG","img":"https://fd11-photos.leclercdrive.fr/image.ashx?id=2834524&use=l&cat=p&typeid=i","cat":312239},{"id":48603,"n":"Farine de blé Francine 1,4kg","p":1.54,"u":"1,10 €/KG","img":"https://fd11-photos.leclercdrive.fr/image.ashx?id=2881308&use=l&cat=p&typeid=i","cat":284503},{"id":48604,"n":"Farine fluide Francine 1.4kg","p":1.61,"u":"1,15 €/KG","img":"https://fd11-photos.leclercdrive.fr/image.ashx?id=2881305&use=l&cat=p&typeid=i","cat":284503},{"id":48611,"n":"Plat bébé soir Blédiner 12 mois Pâtes légumes - 2x200g","p":2.15,"u":"5,38 €/KG","img":"https://fd11-photos.leclercdrive.fr/image.ashx?id=2975068&use=l&cat=p&typeid=i","cat":312239},{"id":48646,"n":"Soda à l'orange Orangina Sans Sucres - 6x33cl","p":3.38,"u":"1,71 €/L","img":"https://fd11-photos.leclercdrive.fr/image.ashx?id=2946931&use=l&cat=p&typeid=i","cat":284532},{"id":48697,"n":"Sachet chat Purina One Sterillcat - 8x85g","p":3.9,"u":"5,74 €/KG","img":"https://fd11-photos.leclercdrive.fr/image.ashx?id=2899695&use=l&cat=p&typeid=i","cat":285286},{"id":48698,"n":"Croquettes chat Purina One Stérilisé/Intérieur-Poulet1.5kg","p":6.59,"u":"4,39 €/KG","img":"https://fd11-photos.leclercdrive.fr/image.ashx?id=2681257&use=l&cat=p&typeid=i","cat":284680},{"id":48715,"n":"Poires demi-fruits Eco+ Sirop léger - 455 g","p":1.67,"u":"3,67 €/KG","img":"https://fd11-photos.leclercdrive.fr/image.ashx?id=2783008&use=l&cat=p&typeid=i","cat":284507},{"id":48717,"n":"Barquettes chats Gourmet Gold Les mousselines - 24x85g","p":10.81,"u":"5,30 €/KG","img":"https://fd11-photos.leclercdrive.fr/image.ashx?id=2861500&use=l&cat=p&typeid=i","cat":285286},{"id":48720,"n":"Poêlée parisienne D'aucy  580g","p":3.25,"u":"5,60 €/KG","img":"https://fd11-photos.leclercdrive.fr/image.ashx?id=2835256&use=l&cat=p&typeid=i","cat":312612},{"id":48725,"n":"Légumes pour Couscous D'Aucy Orientale - 800g","p":1.7,"u":"2,13 €/KG","img":"https://fd11-photos.leclercdrive.fr/image.ashx?id=2577800&use=l&cat=p&typeid=i","cat":312612},{"id":48734,"n":"Grand duc Ducros Touch'salade Provençale -180g","p":4.76,"u":"26,44 €/KG","img":"https://fd11-photos.leclercdrive.fr/image.ashx?id=1637670&use=l&cat=p&typeid=i","cat":298297},{"id":48744,"n":"Pulpe de  tomate Turini  Nature - 390g","p":1.59,"u":"4,08 €/KG","img":"https://fd11-photos.leclercdrive.fr/image.ashx?id=2181810&use=l&cat=p&typeid=i","cat":288384},{"id":48745,"n":"Chocolat Pâtissier Nestlé Dessert Lait - 170g","p":2.96,"u":"17,41 €/KG","img":"https://fd11-photos.leclercdrive.fr/image.ashx?id=2961242&use=l&cat=p&typeid=i","cat":285562},{"id":48823,"n":"Haché Végétal bio Céréal Bio Façon Bolognaise au Soja 250g","p":2.5,"u":"10,00 €/KG","img":"https://fd11-photos.leclercdrive.fr/image.ashx?id=2575090&use=l&cat=p&typeid=i","cat":287600},{"id":48843,"n":"Préparation gâteau Nestlé Fondant chocolat - 317g","p":3.96,"u":"12,49 €/KG","img":"https://fd11-photos.leclercdrive.fr/image.ashx?id=2848379&use=l&cat=p&typeid=i","cat":284505},{"id":48870,"n":"Infusion bio Jardin Bio Thym de France x20 - 28g","p":2.43,"u":"86,79 €/KG","img":"https://fd11-photos.leclercdrive.fr/image.ashx?id=2792840&use=l&cat=p&typeid=i","cat":293234},{"id":48875,"n":"Décor pour gateaux Vahiné Spécial anniversaire - x1","p":1.68,"img":"https://fd11-photos.leclercdrive.fr/image.ashx?id=2833345&use=l&cat=p&typeid=i","cat":284504},{"id":48915,"n":"Sauce Arôme Maggi 1kg","p":5.97,"u":"5,97 €/KG","img":"https://fd11-photos.leclercdrive.fr/image.ashx?id=2785352&use=l&cat=p&typeid=i","cat":288379},{"id":48993,"n":"Sauce Samouraï Colona Tube - 500ml","p":3.16,"u":"6,32 €/L","img":"https://fd11-photos.leclercdrive.fr/image.ashx?id=2687167&use=l&cat=p&typeid=i","cat":318431},{"id":49018,"n":"Beurre Moulé Paysan Breton Sel de guérande - 80% MG - 250g","p":3.13,"u":"12,52 €/KG","img":"https://fd11-photos.leclercdrive.fr/image.ashx?id=2869035&use=l&cat=p&typeid=i","cat":284379},{"id":49058,"n":"Piles Tech+ Foxter AA/LR6 1,5V - x8","p":2.99,"u":"0,37 €/P","img":"https://fd11-photos.leclercdrive.fr/image.ashx?id=2162324&use=l&cat=p&typeid=i","cat":300572},{"id":49059,"n":"Piles Tech+ Foxter AAA/LR3 1,5V - x8","p":2.99,"img":"https://fd11-photos.leclercdrive.fr/image.ashx?id=2162327&use=l&cat=p&typeid=i","cat":300572},{"id":49078,"n":"Gaufrette P'tit Déli  Chocolat lait - 125g","p":1.29,"u":"10,32 €/KG","img":"https://fd11-photos.leclercdrive.fr/image.ashx?id=2858839&use=l&cat=p&typeid=i","cat":284490},{"id":49079,"n":"Petites madeleines P'tit Deli  Pépites de chocolat - 400g","p":1.69,"u":"4,23 €/KG","img":"https://fd11-photos.leclercdrive.fr/image.ashx?id=2999511&use=l&cat=p&typeid=i","cat":284492},{"id":49082,"n":"Gâteau fourré P'tit Deli Tout chocolat, lapin - 140g","p":1.3,"u":"9,29 €/KG","img":"https://fd11-photos.leclercdrive.fr/image.ashx?id=2211200&use=l&cat=p&typeid=i","cat":284495},{"id":49083,"n":"Biscuit palmier feuilleté Eco+ 100g","p":0.42,"u":"4,20 €/KG","img":"https://fd11-photos.leclercdrive.fr/image.ashx?id=2768016&use=l&cat=p&typeid=i","cat":284487},{"id":49131,"n":"Gin Bombay Sapphire 40° - 70cl","p":22.43,"u":"32,04 €/L","img":"https://fd11-photos.leclercdrive.fr/image.ashx?id=2842879&use=l&cat=p&typeid=i","cat":284550},{"id":49249,"n":"Gousse de vanille Bio Vahiné Madagascar Grand cru - 3g","p":4.15,"img":"https://fd11-photos.leclercdrive.fr/image.ashx?id=2559826&use=l&cat=p&typeid=i","cat":284504},{"id":49254,"n":"Gelifiant Vahiné Agar Agar - 8g","p":2.3,"u":"287,50 €/KG","img":"https://fd11-photos.leclercdrive.fr/image.ashx?id=2833342&use=l&cat=p&typeid=i","cat":284504},{"id":49267,"n":"Viande bébé Bio Yooji Boeuf - Dès 6 mois - 120g","p":4.46,"u":"37,17 €/KG","img":"https://fd11-photos.leclercdrive.fr/image.ashx?id=2583629&use=l&cat=p&typeid=i","cat":290631},{"id":49269,"n":"Viande bébé Bio Yooji Poulet - Dès 6 mois - 120g","p":4.02,"u":"33,50 €/KG","img":"https://fd11-photos.leclercdrive.fr/image.ashx?id=2583626&use=l&cat=p&typeid=i","cat":290631},{"id":49282,"n":"Tablette de chocolat noir Lindt Zeste de citron vert - 100g","p":2.3,"u":"23,00 €/KG","img":"https://fd11-photos.leclercdrive.fr/image.ashx?id=2608160&use=l&cat=p&typeid=i","cat":284956},{"id":49288,"n":"Bols soir bébé bio Babybio Pâtes - 8 mois - 2x200g","p":2.81,"u":"7,03 €/KG","img":"https://fd11-photos.leclercdrive.fr/image.ashx?id=2838344&use=l&cat=p&typeid=i","cat":312239},{"id":49294,"n":"Cotons Démaquillants Demak'Up Original - x105","p":1.47,"u":"0,01 €/P","img":"https://fd11-photos.leclercdrive.fr/image.ashx?id=2745274&use=l&cat=p&typeid=i","cat":284636},{"id":49296,"n":"Barre Chocolat au Lait Lion x10 barres - 420g","p":3.7,"u":"8,81 €/KG","img":"https://fd11-photos.leclercdrive.fr/image.ashx?id=2736988&use=l&cat=p&typeid=i","cat":284498},{"id":49298,"n":"Biscuits croquant Nutella &Go! Pâte à tartiner x2 packs - 104g","p":2.17,"u":"20,87 €/KG","img":"https://fd11-photos.leclercdrive.fr/image.ashx?id=2737240&use=l&cat=p&typeid=i","cat":284488},{"id":49306,"n":"Gel anti-calcaire Calgon  Hygiène Plus - 2,25L","p":15.09,"u":"6,71 €/L","img":"https://fd11-photos.leclercdrive.fr/image.ashx?id=2953764&use=l&cat=p&typeid=i","cat":284653},{"id":49327,"n":"Déodorant Bille Homme Nivea Men Black&White Original - 50ml","p":1.94,"u":"38,80 €/L","img":"https://fd11-photos.leclercdrive.fr/image.ashx?id=2165815&use=l&cat=p&typeid=i","cat":284618},{"id":49333,"n":"Déodorant bille Men Expert Carbon Protection 48h - 50ml","p":2.52,"u":"50,40 €/L","img":"https://fd11-photos.leclercdrive.fr/image.ashx?id=2394561&use=l&cat=p&typeid=i","cat":284618},{"id":49340,"n":"Cornichons Eco+ Au vinaigre - 190g","p":0.88,"u":"4,63 €/KG","img":"https://fd11-photos.leclercdrive.fr/image.ashx?id=2974711&use=l&cat=p&typeid=i","cat":284458},{"id":49349,"n":"Petit croquant Kühne Aigre doux - 360g","p":3.36,"u":"9,33 €/KG","img":"https://fd11-photos.leclercdrive.fr/image.ashx?id=2551036&use=l&cat=p&typeid=i","cat":284458},{"id":49354,"n":"Olives Noires Grecques Tramier  Dénoyautées 220g","p":2.49,"u":"24,90 €/KG","img":"https://fd11-photos.leclercdrive.fr/image.ashx?id=2836340&use=l&cat=p&typeid=i","cat":284450},{"id":49401,"n":"Matière grasse Primevere Bio à tartiner - 55% MG - 250g","p":2.48,"u":"9,92 €/KG","img":"https://fd11-photos.leclercdrive.fr/image.ashx?id=2928456&use=l&cat=p&typeid=i","cat":315229},{"id":49624,"n":"Vin Union Européenne rosé Champlure - BIB 5L","p":13.8,"u":"2,76 €/L","img":"https://fd11-photos.leclercdrive.fr/image.ashx?id=2552523&use=l&cat=p&typeid=i","cat":289560},{"id":49636,"n":"Biscuits Baiocchi Mulino Bianco Chocolat noisette Snack - 336g","p":2.5,"u":"7,44 €/KG","img":"https://fd11-photos.leclercdrive.fr/image.ashx?id=2787962&use=l&cat=p&typeid=i","cat":284488},{"id":49649,"n":"Sauce Tomate Cuisinée Heinz Ail & Oignon x2 - 210g","p":1.49,"u":"3,55 €/KG","img":"https://fd11-photos.leclercdrive.fr/image.ashx?id=2926990&use=l&cat=p&typeid=i","cat":288384},{"id":49653,"n":"Chapelure dorée Tipiak 250g","p":0.69,"u":"2,76 €/KG","img":"https://fd11-photos.leclercdrive.fr/image.ashx?id=2563490&use=l&cat=p&typeid=i","cat":288382},{"id":49677,"n":"Mousse fromage blanc Délisse Lit de fruits 0%MG - 4x115g","p":1.83,"u":"3,98 €/KG","img":"https://fd11-photos.leclercdrive.fr/image.ashx?id=2991130&use=l&cat=p&typeid=i","cat":284409},{"id":49682,"n":"Yaourt La Laitière Vanille - 4x125g","p":1.92,"u":"3,84 €/KG","img":"https://fd11-photos.leclercdrive.fr/image.ashx?id=2650393&use=l&cat=p&typeid=i","cat":286006},{"id":49719,"n":"Pizza Raclette   600g","p":5.99,"u":"9,98 €/KG","img":"https://fd11-photos.leclercdrive.fr/image.ashx?id=1283728&use=l&cat=p&typeid=i","cat":333679},{"id":49800,"n":"Chorizo doux César Moroni   200g","p":2.62,"u":"13,10 €/KG","img":"https://fd11-photos.leclercdrive.fr/image.ashx?id=2854420&use=l&cat=p&typeid=i","cat":316006},{"id":49805,"n":"Cocktail Piña colada Caraibos Sans alcool - 75cl","p":2.65,"u":"3,53 €/L","img":"https://fd11-photos.leclercdrive.fr/image.ashx?id=3011299&use=l&cat=p&typeid=i","cat":284549},{"id":49825,"n":"Croco Pik Haribo  Sachet bonbons acidulés - 275g","p":1.62,"u":"5,89 €/KG","img":"https://fd11-photos.leclercdrive.fr/image.ashx?id=2802350&use=l&cat=p&typeid=i","cat":304250},{"id":49828,"n":"Happy Life Haribo Sachet bonbons - 275g","p":1.49,"u":"5,42 €/KG","img":"https://fd11-photos.leclercdrive.fr/image.ashx?id=2803577&use=l&cat=p&typeid=i","cat":304250},{"id":49845,"n":"Jus multifruits Jafaden Brique, ABC - 2L","p":2.65,"u":"1,33 €/L","img":"https://fd11-photos.leclercdrive.fr/image.ashx?id=2759220&use=l&cat=p&typeid=i","cat":284917},{"id":49851,"n":"Limonade Sprink's 1.5L","p":0.95,"u":"0,63 €/L","img":"https://fd11-photos.leclercdrive.fr/image.ashx?id=2954103&use=l&cat=p&typeid=i","cat":284531},{"id":49852,"n":"Speck alto adige IGP Tradizioni d'Italia - 70g","p":1.95,"u":"27,86 €/KG","img":"https://fd11-photos.leclercdrive.fr/image.ashx?id=2925225&use=l&cat=p&typeid=i","cat":316007},{"id":49863,"n":"Pizza feu de bois  Turini  Saumon  - 420g","p":2.45,"u":"5,83 €/KG","img":"https://fd11-photos.leclercdrive.fr/image.ashx?id=2816579&use=l&cat=p&typeid=i","cat":284256},{"id":49870,"n":"Protection Absorbante Tena Men  Médium - x10","p":4.11,"u":"0,41 €/P","img":"https://fd11-photos.leclercdrive.fr/image.ashx?id=2428573&use=l&cat=p&typeid=i","cat":291514},{"id":49872,"n":"Tampons Tampax Compak Pearl Super - x18","p":2.73,"u":"0,15 €/P","img":"https://fd11-photos.leclercdrive.fr/image.ashx?id=2956616&use=l&cat=p&typeid=i","cat":284626},{"id":49880,"n":"Boisson concentrée Frucci Menthe avec édulcorants - 75cl","p":2.39,"u":"3,19 €/L","img":"https://fd11-photos.leclercdrive.fr/image.ashx?id=2909903&use=l&cat=p&typeid=i","cat":295020},{"id":49881,"n":"Sirop Frucci Zero Grenadine avec edulcorants-75cl","p":2.49,"u":"3,32 €/L","img":"https://fd11-photos.leclercdrive.fr/image.ashx?id=2956110&use=l&cat=p&typeid=i","cat":295020},{"id":49883,"n":"Soda tonic Sprink's 1.5L","p":1.05,"u":"0,70 €/L","img":"https://fd11-photos.leclercdrive.fr/image.ashx?id=2913739&use=l&cat=p&typeid=i","cat":284531},{"id":49900,"n":"Feuilletés fromage fondu Eco+ 650g","p":1.61,"u":"2,48 €/KG","img":"https://fd11-photos.leclercdrive.fr/image.ashx?id=2079792&use=l&cat=p&typeid=i","cat":319776},{"id":49932,"n":"Fromage Pavé d'Affinois Original - 180g","p":2.56,"u":"14,22 €/KG","img":"https://fd11-photos.leclercdrive.fr/image.ashx?id=2644070&use=l&cat=p&typeid=i","cat":314030},{"id":49933,"n":"Fromage Pavé d'Affinois Mini Mix 5 variétés - 130g","p":2.52,"u":"19,38 €/KG","img":"https://fd11-photos.leclercdrive.fr/image.ashx?id=2644076&use=l&cat=p&typeid=i","cat":314030},{"id":49956,"n":"Soda à l'orange Orangina Sans Sucres - 1,5L","p":1.71,"u":"1,14 €/L","img":"https://fd11-photos.leclercdrive.fr/image.ashx?id=2946496&use=l&cat=p&typeid=i","cat":284532},{"id":49971,"n":"Frites Pom Bistro à la Graisse de Canard - 500g","p":3.28,"u":"6,56 €/KG","img":"https://fd11-photos.leclercdrive.fr/image.ashx?id=2866412&use=l&cat=p&typeid=i","cat":319791},{"id":49981,"n":"Velouté Liebig Légumes du soleil - 1L","p":2.77,"u":"2,77 €/L","img":"https://fd11-photos.leclercdrive.fr/image.ashx?id=2750991&use=l&cat=p&typeid=i","cat":284462},{"id":49997,"n":"Boisson aux fruits Oasis Mini Tropical - 6x25cl","p":2.97,"u":"1,98 €/L","img":"https://fd11-photos.leclercdrive.fr/image.ashx?id=2684443&use=l&cat=p&typeid=i","cat":295018},{"id":50002,"n":"Sauce soja Kikkoman  150ml","p":3.44,"u":"22,93 €/L","img":"https://fd11-photos.leclercdrive.fr/image.ashx?id=2536284&use=l&cat=p&typeid=i","cat":288992},{"id":50003,"n":"Café soluble Maxwell House Qualité Filtre - 20g","p":7.54,"u":"37,70 €/KG","img":"https://fd11-photos.leclercdrive.fr/image.ashx?id=1755025&use=l&cat=p&typeid=i","cat":284843},{"id":50052,"n":"Lait bébé en poudre Galliagest croissance Dès 12 mois 900g","p":13.31,"u":"14,79 €/KG","img":"https://fd11-photos.leclercdrive.fr/image.ashx?id=2616844&use=l&cat=p&typeid=i","cat":290219},{"id":50053,"n":"Eau gazeuse minérale Salvetat pauvre en sodium - 6x50cl","p":2.64,"u":"0,88 €/L","img":"https://fd11-photos.leclercdrive.fr/image.ashx?id=2533469&use=l&cat=p&typeid=i","cat":284536},{"id":50054,"n":"Stylo-bille 4 couleurs Bic Rose - Shine - x1","p":2.49,"img":"https://fd11-photos.leclercdrive.fr/image.ashx?id=2972916&use=l&cat=p&typeid=i","cat":284696},{"id":50058,"n":"Bloc correspondanc uni Esquisse 21x29cm - A4 - x50 feuilles","p":1.99,"img":"https://fd11-photos.leclercdrive.fr/image.ashx?id=1928746&use=l&cat=p&typeid=i","cat":284697},{"id":50072,"n":"Soupe Liquide Douceur Knorr 8 légumes à la crème - 50cl","p":1.53,"u":"3,06 €/L","img":"https://fd11-photos.leclercdrive.fr/image.ashx?id=2738023&use=l&cat=p&typeid=i","cat":284462},{"id":50082,"n":"Dessert fruits mixés Sojasun Myrtilles - 4x100g","p":1.66,"u":"4,15 €/KG","img":"https://fd11-photos.leclercdrive.fr/image.ashx?id=2355680&use=l&cat=p&typeid=i","cat":316071},{"id":50083,"n":"Taboulé aux tomates  Garbit - 730g","p":2.59,"u":"3,55 €/KG","img":"https://fd11-photos.leclercdrive.fr/image.ashx?id=2901905&use=l&cat=p&typeid=i","cat":325094},{"id":50106,"n":"Nems au Porc Tables du Monde x4 - 280g","p":1.76,"u":"6,29 €/KG","img":"https://fd11-photos.leclercdrive.fr/image.ashx?id=2967670&use=l&cat=p&typeid=i","cat":333673},{"id":50123,"n":"Vinaigrette Puget  Ciboulette/échalotes - 33cl","p":2.25,"u":"6,82 €/L","img":"https://fd11-photos.leclercdrive.fr/image.ashx?id=2912146&use=l&cat=p&typeid=i","cat":284456},{"id":50131,"n":"Compotes Pom'Potes Gourdes  Multivariétés - 20x90g","p":7.11,"u":"3,95 €/KG","img":"https://fd11-photos.leclercdrive.fr/image.ashx?id=3010930&use=l&cat=p&typeid=i","cat":284508},{"id":50132,"n":"Compotes Pom'Potes Gourdes  Multivariétés Inédits - 12x90g","p":5.39,"u":"4,99 €/KG","img":"https://fd11-photos.leclercdrive.fr/image.ashx?id=2870170&use=l&cat=p&typeid=i","cat":284508},{"id":50135,"n":"Lingettes Textil Anti-transfert - x40","p":3.71,"u":"0,09 €/P","img":"https://fd11-photos.leclercdrive.fr/image.ashx?id=2964574&use=l&cat=p&typeid=i","cat":290450},{"id":50211,"n":"Pain Bruschetta La Boulangère 400g","p":2.44,"u":"6,10 €/KG","img":"https://fd11-photos.leclercdrive.fr/image.ashx?id=2912404&use=l&cat=p&typeid=i","cat":284985},{"id":50212,"n":"Pain suédois La Boulangère 180g","p":1.81,"u":"10,06 €/KG","img":"https://fd11-photos.leclercdrive.fr/image.ashx?id=2445376&use=l&cat=p&typeid=i","cat":284985},{"id":50218,"n":"Tronches de Cake St Michel 175g","p":1.69,"u":"9,66 €/KG","img":"https://fd11-photos.leclercdrive.fr/image.ashx?id=2949946&use=l&cat=p&typeid=i","cat":284495},{"id":50220,"n":"Biscuits Duo Mini BN  190g","p":1.9,"u":"10,00 €/KG","img":"https://fd11-photos.leclercdrive.fr/image.ashx?id=2219606&use=l&cat=p&typeid=i","cat":284488},{"id":50225,"n":"Biscuits Choco suprême Milka Chocolat - 180g","p":2.34,"u":"13,00 €/KG","img":"https://fd11-photos.leclercdrive.fr/image.ashx?id=2990991&use=l&cat=p&typeid=i","cat":284488},{"id":50231,"n":"Biscuit Dinosaurus Lotus Chocolat au lait - 225g","p":1.95,"u":"8,67 €/KG","img":"https://fd11-photos.leclercdrive.fr/image.ashx?id=2859815&use=l&cat=p&typeid=i","cat":284488},{"id":50257,"n":"Jus d'orange Jafaden Pur jus sans pulpe - 6x1L","p":11.94,"u":"1,99 €/L","img":"https://fd11-photos.leclercdrive.fr/image.ashx?id=2842504&use=l&cat=p&typeid=i","cat":284521},{"id":50262,"n":"Kebab de poulet Fleury Michon Semoule à l'orientale - 280g","p":2.66,"u":"9,50 €/KG","img":"https://fd11-photos.leclercdrive.fr/image.ashx?id=2680167&use=l&cat=p&typeid=i","cat":333665},{"id":50360,"n":"Mousse à Raser Nivea Men Peaux Sensibles - 200 ml","p":2.49,"u":"12,45 €/L","img":"https://fd11-photos.leclercdrive.fr/image.ashx?id=3005212&use=l&cat=p&typeid=i","cat":284617},{"id":50442,"n":"Haut de Cuisse Poulet Blanc Les Accessibles - 1kg","p":4.72,"u":"4,72 €/KG","img":"https://fd11-photos.leclercdrive.fr/image.ashx?id=2831975&use=l&cat=p&typeid=i","cat":284336},{"id":50443,"n":"Pilons de Poulet Blanc Les Accesssibles - 1kg","p":4.97,"u":"4,97 €/KG","img":"https://fd11-photos.leclercdrive.fr/image.ashx?id=2830237&use=l&cat=p&typeid=i","cat":284336},{"id":50445,"n":"Filet de poulet Le Gaulois Les Accessibles - 1kg","p":11.04,"u":"11,04 €/KG","img":"https://fd11-photos.leclercdrive.fr/image.ashx?id=2831966&use=l&cat=p&typeid=i","cat":284336},{"id":50446,"n":"Aiguilette Poulet Blanc S/Atm Les Accessibles - 500g","p":5.59,"u":"11,18 €/KG","img":"https://fd11-photos.leclercdrive.fr/image.ashx?id=2831978&use=l&cat=p&typeid=i","cat":284336},{"id":50459,"n":"Fromage à Tartiner St Môret  Nature - 150g","p":2.01,"u":"13,40 €/KG","img":"https://fd11-photos.leclercdrive.fr/image.ashx?id=2755468&use=l&cat=p&typeid=i","cat":314029},{"id":50585,"n":"Haricots verts d'aucy  Extra-fins - 440g","p":1.71,"u":"3,89 €/KG","img":"https://fd11-photos.leclercdrive.fr/image.ashx?id=2527370&use=l&cat=p&typeid=i","cat":312606},{"id":50590,"n":"Lentilles préparées D'aucy  530g","p":1.58,"u":"2,98 €/KG","img":"https://fd11-photos.leclercdrive.fr/image.ashx?id=2560597&use=l&cat=p&typeid=i","cat":312609},{"id":50592,"n":"Pois chiches Sultanines 265g","p":0.89,"u":"3,36 €/KG","img":"https://fd11-photos.leclercdrive.fr/image.ashx?id=1920223&use=l&cat=p&typeid=i","cat":312609},{"id":50604,"n":"Lotion micellaire So Bio Etic Aloe vera bio - 500 ml","p":5.39,"u":"10,78 €/L","img":"https://fd11-photos.leclercdrive.fr/image.ashx?id=2493508&use=l&cat=p&typeid=i","cat":284603},{"id":50672,"n":"Biscuits à la cuillère x30 Bonne Maman - 250g","p":4.3,"u":"17,20 €/KG","img":"https://fd11-photos.leclercdrive.fr/image.ashx?id=2936152&use=l&cat=p&typeid=i","cat":284487},{"id":50674,"n":"Quatre quarts Bonne Maman 500g","p":3.05,"u":"6,10 €/KG","img":"https://fd11-photos.leclercdrive.fr/image.ashx?id=2936158&use=l&cat=p&typeid=i","cat":294776},{"id":50675,"n":"Gâteau Bonne Maman  Marbré chocolat - 475g","p":3.23,"u":"6,80 €/KG","img":"https://fd11-photos.leclercdrive.fr/image.ashx?id=2936161&use=l&cat=p&typeid=i","cat":294776},{"id":50676,"n":"Madeleine coquille St Michel  Oeuf plein air x24 - 600g","p":3.27,"u":"5,45 €/KG","img":"https://fd11-photos.leclercdrive.fr/image.ashx?id=2936197&use=l&cat=p&typeid=i","cat":284492},{"id":50678,"n":"IGP Vinaigre balsamique Modène Maille - 75cl","p":4.75,"u":"6,33 €/L","img":"https://fd11-photos.leclercdrive.fr/image.ashx?id=2805666&use=l&cat=p&typeid=i","cat":298543},{"id":50680,"n":"Barre Chocolatée KINDER Country  Céréales chocolat x15 - 352,5g","p":4.77,"u":"13,55 €/KG","img":"https://fd11-photos.leclercdrive.fr/image.ashx?id=2231903&use=l&cat=p&typeid=i","cat":284498},{"id":50682,"n":"Gâteau Ker Cadélac Le Moelleux Original - 500g","p":2.58,"u":"5,16 €/KG","img":"https://fd11-photos.leclercdrive.fr/image.ashx?id=2955797&use=l&cat=p&typeid=i","cat":294776},{"id":50683,"n":"Barre marbré  Ker Cadélac  Cacao - 500g","p":2.4,"u":"4,80 €/KG","img":"https://fd11-photos.leclercdrive.fr/image.ashx?id=2939508&use=l&cat=p&typeid=i","cat":294776},{"id":50687,"n":"Compotes Pom'Potes Gourdes  Multivariétés Inédits - 12x90g","p":6.13,"u":"5,68 €/KG","img":"https://fd11-photos.leclercdrive.fr/image.ashx?id=3010924&use=l&cat=p&typeid=i","cat":284508},{"id":50688,"n":"Pains au chocolat Pasquier  x16 - 720g","p":4.35,"u":"6,04 €/KG","img":"https://fd11-photos.leclercdrive.fr/image.ashx?id=2686837&use=l&cat=p&typeid=i","cat":296366},{"id":50689,"n":"Croissants Pasquier x8 - 320g","p":1.88,"u":"5,88 €/KG","img":"https://fd11-photos.leclercdrive.fr/image.ashx?id=2853053&use=l&cat=p&typeid=i","cat":296366},{"id":50690,"n":"Brioche tressée Pasquier Tranchée nature - 500g","p":2.54,"u":"5,08 €/KG","img":"https://fd11-photos.leclercdrive.fr/image.ashx?id=2978706&use=l&cat=p&typeid=i","cat":284478},{"id":50705,"n":"Toasts ronds nature Jacquet - 250g","p":1.42,"u":"5,68 €/KG","img":"https://fd11-photos.leclercdrive.fr/image.ashx?id=2979602&use=l&cat=p&typeid=i","cat":285454},{"id":50706,"n":"Toasts foie gras ronds Jacquet - 250g","p":1.42,"u":"5,68 €/KG","img":"https://fd11-photos.leclercdrive.fr/image.ashx?id=2979599&use=l&cat=p&typeid=i","cat":285454},{"id":50712,"n":"Biscuits Choco Pause Milka Chocolat au lait - 260g","p":1.55,"u":"5,96 €/KG","img":"https://fd11-photos.leclercdrive.fr/image.ashx?id=2192572&use=l&cat=p&typeid=i","cat":284488},{"id":50713,"n":"Biscuits Oreo Vanille / chocolat blanc - 246g","p":2.3,"u":"9,35 €/KG","img":"https://fd11-photos.leclercdrive.fr/image.ashx?id=2989447&use=l&cat=p&typeid=i","cat":284488},{"id":50734,"n":"Soda Sprink's Orange - 1.5L","p":0.92,"u":"0,61 €/L","img":"https://fd11-photos.leclercdrive.fr/image.ashx?id=2925979&use=l&cat=p&typeid=i","cat":284532},{"id":50736,"n":"Blancs de poulet Eco+ 4 tranches - 180g","p":1.31,"u":"7,28 €/KG","img":"https://fd11-photos.leclercdrive.fr/image.ashx?id=2683634&use=l&cat=p&typeid=i","cat":316010},{"id":50770,"n":"Pâtes serpentin Turini  Cuisson rapide - 500g","p":1.16,"u":"2,32 €/KG","img":"https://fd11-photos.leclercdrive.fr/image.ashx?id=2607560&use=l&cat=p&typeid=i","cat":284427},{"id":50773,"n":"Dés de jambon Eco+ 2x100G","p":1.65,"u":"8,25 €/KG","img":"https://fd11-photos.leclercdrive.fr/image.ashx?id=2930936&use=l&cat=p&typeid=i","cat":316011},{"id":50778,"n":"Jambon qualité choix Eco+ 10 tranches - 500g","p":4.21,"u":"8,42 €/KG","img":"https://fd11-photos.leclercdrive.fr/image.ashx?id=2970492&use=l&cat=p&typeid=i","cat":316009},{"id":50779,"n":"Saucisse de Strasbourg Eco+ x10 - 350g","p":1.19,"u":"3,40 €/KG","img":"https://fd11-photos.leclercdrive.fr/image.ashx?id=2794856&use=l&cat=p&typeid=i","cat":316012},{"id":50802,"n":"Huile d'olive Tramier Vierge extra - 75cl","p":8.0,"u":"10,67 €/L","img":"https://fd11-photos.leclercdrive.fr/image.ashx?id=2769807&use=l&cat=p&typeid=i","cat":284453},{"id":50810,"n":"Sauce Tomates Barilla Arrabbiata - 400g","p":1.62,"u":"4,05 €/KG","img":"https://fd11-photos.leclercdrive.fr/image.ashx?id=2832509&use=l&cat=p&typeid=i","cat":287599},{"id":50843,"n":"Pastis Ricard Anisé 45% vol - 2L","p":39.17,"u":"19,59 €/L","img":"https://fd11-photos.leclercdrive.fr/image.ashx?id=2919271&use=l&cat=p&typeid=i","cat":284548},{"id":50903,"n":"Rana Feuilles de lasagnes Fraîches - 250g","p":2.05,"u":"8,20 €/KG","img":"https://fd11-photos.leclercdrive.fr/image.ashx?id=2529144&use=l&cat=p&typeid=i","cat":333682},{"id":50905,"n":"Briquet Mega Lighter U140 Fluo - x1","p":3.29,"img":"https://fd11-photos.leclercdrive.fr/image.ashx?id=2730880&use=l&cat=p&typeid=i","cat":300578},{"id":50906,"n":"Cubes allume-feu Eco+ x32","p":1.4,"u":"0,04 €/P","img":"https://fd11-photos.leclercdrive.fr/image.ashx?id=2645125&use=l&cat=p&typeid=i","cat":300578},{"id":50915,"n":"Gnocchi à poêler Lustucru Fromage - 300g","p":1.67,"u":"5,57 €/KG","img":"https://fd11-photos.leclercdrive.fr/image.ashx?id=3014482&use=l&cat=p&typeid=i","cat":333682},{"id":50948,"n":"Pavé aux céréales  350g","p":1.6,"u":"4,57 €/KG","img":"https://fd11-photos.leclercdrive.fr/image.ashx?id=2063110&use=l&cat=p&typeid=i","cat":284359},{"id":50956,"n":"Bougies chauffe plats Ardence x25","p":2.39,"img":"https://fd11-photos.leclercdrive.fr/image.ashx?id=2635550&use=l&cat=p&typeid=i","cat":335913},{"id":50970,"n":"Plat bébé bio Good Goût bio Ratatouille - Dès 6 mois - 190g","p":2.88,"u":"15,16 €/KG","img":"https://fd11-photos.leclercdrive.fr/image.ashx?id=2579071&use=l&cat=p&typeid=i","cat":312235},{"id":50984,"n":"Soda zéro Sprink's Agrumes - 1,5L","p":0.76,"u":"0,51 €/L","img":"https://fd11-photos.leclercdrive.fr/image.ashx?id=2913724&use=l&cat=p&typeid=i","cat":284532},{"id":51046,"n":"Mouchoirs blancs 3 plis Eco+ x15","p":0.97,"u":"0,06 €/P","img":"https://fd11-photos.leclercdrive.fr/image.ashx?id=2824244&use=l&cat=p&typeid=i","cat":284638},{"id":51047,"n":"Biscuits Petit Brun extra 300g","p":1.37,"u":"4,57 €/KG","img":"https://fd11-photos.leclercdrive.fr/image.ashx?id=3002264&use=l&cat=p&typeid=i","cat":284487},{"id":51089,"n":"Soda Sprink's Aux agrumes - 1.5L","p":1.4,"u":"0,93 €/L","img":"https://fd11-photos.leclercdrive.fr/image.ashx?id=2913727&use=l&cat=p&typeid=i","cat":284532},{"id":51175,"n":"Eclairs panaché  2x70g","p":2.2,"u":"15,71 €/KG","img":"https://fd11-photos.leclercdrive.fr/image.ashx?id=920546&use=l&cat=p&typeid=i","cat":284360},{"id":51177,"n":"Religieuses panaché x2 - 260g","p":2.8,"u":"10,77 €/KG","img":"https://fd11-photos.leclercdrive.fr/image.ashx?id=920538&use=l&cat=p&typeid=i","cat":284360},{"id":51178,"n":"Paris Brest  2x75g","p":3.1,"u":"20,67 €/KG","img":"https://fd11-photos.leclercdrive.fr/image.ashx?id=920534&use=l&cat=p&typeid=i","cat":284360},{"id":51180,"n":"Baba au rhum et fruits x2 - 180g","p":2.7,"u":"15,00 €/KG","img":"https://fd11-photos.leclercdrive.fr/image.ashx?id=920526&use=l&cat=p&typeid=i","cat":284360},{"id":51185,"n":"Cuisses de poulet blanc  1kg","p":4.6,"u":"4,60 €/KG","img":"https://fd11-photos.leclercdrive.fr/image.ashx?id=2849797&use=l&cat=p&typeid=i","cat":284336},{"id":51203,"n":"Filets de maqueraux Saupiquet  Vin blanc - 3x176g","p":5.91,"u":"11,19 €/KG","img":"https://fd11-photos.leclercdrive.fr/image.ashx?id=2826969&use=l&cat=p&typeid=i","cat":303868},{"id":51249,"n":"Crème brûlée La Laitière saveur vanille - 4x100g","p":2.93,"u":"7,33 €/KG","img":"https://fd11-photos.leclercdrive.fr/image.ashx?id=2624116&use=l&cat=p&typeid=i","cat":284419},{"id":51250,"n":"Yaourt nature Activia bifidus 0%MG  - 8x125g","p":2.74,"u":"2,74 €/KG","img":"https://fd11-photos.leclercdrive.fr/image.ashx?id=2741688&use=l&cat=p&typeid=i","cat":315000},{"id":51265,"n":"Eau aromatisée O'Fresh Citron - 1.5L","p":0.75,"u":"0,50 €/L","img":"https://fd11-photos.leclercdrive.fr/image.ashx?id=2450041&use=l&cat=p&typeid=i","cat":284537},{"id":51268,"n":"Eau aromatisée O'Fresh Fraise - 1.5L","p":0.75,"u":"0,50 €/L","img":"https://fd11-photos.leclercdrive.fr/image.ashx?id=3002812&use=l&cat=p&typeid=i","cat":284537},{"id":51275,"n":"Tablette chocolat Côte d'Or Chocolat lait/Noisettes - 180g","p":3.09,"u":"17,17 €/KG","img":"https://fd11-photos.leclercdrive.fr/image.ashx?id=2993140&use=l&cat=p&typeid=i","cat":284497},{"id":51276,"n":"Tablette chocolat Côte d'Or Chocolat noir/Noisettes - 180g","p":3.07,"u":"17,06 €/KG","img":"https://fd11-photos.leclercdrive.fr/image.ashx?id=2993143&use=l&cat=p&typeid=i","cat":284956},{"id":51289,"n":"Fromage Blanc Calin Nature - 0% extra - 850g","p":2.23,"u":"2,62 €/KG","img":"https://fd11-photos.leclercdrive.fr/image.ashx?id=2973724&use=l&cat=p&typeid=i","cat":315000},{"id":51291,"n":"Fromage blanc Soignon Nature lait de chèvre - 4x100g","p":2.52,"u":"6,30 €/KG","img":"https://fd11-photos.leclercdrive.fr/image.ashx?id=2539902&use=l&cat=p&typeid=i","cat":314998},{"id":51292,"n":"Yaourts Douceur satinée Délisse Nature - 8x125g","p":2.59,"u":"2,59 €/KG","img":"https://fd11-photos.leclercdrive.fr/image.ashx?id=2465047&use=l&cat=p&typeid=i","cat":284409},{"id":51297,"n":"Compotes Andros Pomme nature - 8x100g","p":2.43,"u":"3,04 €/KG","img":"https://fd11-photos.leclercdrive.fr/image.ashx?id=2884006&use=l&cat=p&typeid=i","cat":284416},{"id":51298,"n":"Compotes Andros  Pomme nature - 16x100g","p":3.21,"u":"2,01 €/KG","img":"https://fd11-photos.leclercdrive.fr/image.ashx?id=2908195&use=l&cat=p&typeid=i","cat":284416},{"id":51346,"n":"Dessert liégeois Viennois Vanille lit de caramel - 4x100g","p":1.63,"u":"4,08 €/KG","img":"https://fd11-photos.leclercdrive.fr/image.ashx?id=2692122&use=l&cat=p&typeid=i","cat":285042},{"id":51353,"n":"Fromage Cantal jeune NRT AOP  200g","p":3.19,"u":"15,95 €/KG","img":"https://fd11-photos.leclercdrive.fr/image.ashx?id=2934832&use=l&cat=p&typeid=i","cat":314034},{"id":51355,"n":"Plat courges 6 mois Good Goût Bio - sauté d'agneau - 190g","p":2.67,"u":"14,05 €/KG","img":"https://fd11-photos.leclercdrive.fr/image.ashx?id=2637276&use=l&cat=p&typeid=i","cat":312236},{"id":51392,"n":"Yaourts à la Grecque Délisse Lit de fruit jaunes - 4x150g","p":1.99,"u":"3,32 €/KG","img":"https://fd11-photos.leclercdrive.fr/image.ashx?id=2699699&use=l&cat=p&typeid=i","cat":314999},{"id":51395,"n":"Profiteroles Délisse 4x90g","p":2.49,"u":"6,92 €/KG","img":"https://fd11-photos.leclercdrive.fr/image.ashx?id=2844842&use=l&cat=p&typeid=i","cat":284419},{"id":51510,"n":"Stylo bille Esquisse 4 couleurs différentes - x4","p":1.49,"img":"https://fd11-photos.leclercdrive.fr/image.ashx?id=2131230&use=l&cat=p&typeid=i","cat":284696},{"id":51513,"n":"Feutres d'écriture Esquisse Ecriture fine - x12","p":3.3,"img":"https://fd11-photos.leclercdrive.fr/image.ashx?id=932508&use=l&cat=p&typeid=i","cat":284696},{"id":51514,"n":"Recharge adhésif UHU Rollafix Transparent 25mx19mm - 1 pièce","p":2.49,"img":"https://fd11-photos.leclercdrive.fr/image.ashx?id=1939609&use=l&cat=p&typeid=i","cat":334133},{"id":51532,"n":"Ruban adhésif invisible Uhu 25m+5m offert x1","p":2.8,"img":"https://fd11-photos.leclercdrive.fr/image.ashx?id=1554091&use=l&cat=p&typeid=i","cat":334133},{"id":51538,"n":"Feutres de coloriage  Bic 15+3 offerts","p":2.92,"img":"https://fd11-photos.leclercdrive.fr/image.ashx?id=2623112&use=l&cat=p&typeid=i","cat":284696},{"id":51607,"n":"Fromage enfant Kiri Goûter 8 portions barquettes - 280g","p":3.32,"u":"11,86 €/KG","img":"https://fd11-photos.leclercdrive.fr/image.ashx?id=2972886&use=l&cat=p&typeid=i","cat":314030},{"id":51653,"n":"Bananes Panier du Primeur x5","p":1.69,"u":"0,34 €/P","img":"https://fd11-photos.leclercdrive.fr/image.ashx?id=2302456&use=l&cat=p&typeid=i","cat":284356},{"id":51744,"n":"Agrafeuse pocket Esquisse Multicoloris - x1","p":2.59,"img":"https://fd11-photos.leclercdrive.fr/image.ashx?id=2843896&use=l&cat=p&typeid=i","cat":334133},{"id":51745,"n":"Crayons à papier HB Esquisse x10","p":1.09,"u":"0,11 €/P","img":"https://fd11-photos.leclercdrive.fr/image.ashx?id=2943166&use=l&cat=p&typeid=i","cat":284696},{"id":51750,"n":"Sel fin La Baleine Iodé - 500g","p":0.53,"u":"1,06 €/KG","img":"https://fd11-photos.leclercdrive.fr/image.ashx?id=1752100&use=l&cat=p&typeid=i","cat":284457},{"id":51774,"n":"Chemise 3 rabats Esquisse Rouge/Noir/Bleu Polypro x3","p":3.5,"u":"1,17 €/P","img":"https://fd11-photos.leclercdrive.fr/image.ashx?id=1690176&use=l&cat=p&typeid=i","cat":284745},{"id":51822,"n":"Thé glacé Lipton Ice Tea Pêche - 4x50cl","p":3.91,"u":"1,96 €/L","img":"https://fd11-photos.leclercdrive.fr/image.ashx?id=2505471&use=l&cat=p&typeid=i","cat":295019},{"id":51865,"n":"Bière blonde Kronenbourg 4,2° - 10x25cl","p":5.25,"u":"2,10 €/L","img":"https://fd11-photos.leclercdrive.fr/image.ashx?id=2992750&use=l&cat=p&typeid=i","cat":334873},{"id":51866,"n":"Lait Croissance Mots d'Enfants 12 à 36 mois - 6x1L","p":8.04,"u":"1,34 €/L","img":"https://fd11-photos.leclercdrive.fr/image.ashx?id=2770684&use=l&cat=p&typeid=i","cat":284728},{"id":51904,"n":"Règle Esquisse 30cm - x1","p":0.75,"img":"https://fd11-photos.leclercdrive.fr/image.ashx?id=2726908&use=l&cat=p&typeid=i","cat":334133},{"id":51935,"n":"Goûter laitier Récré O'Lé Gourdes Saveur Vanille - 12x85g","p":5.34,"u":"5,24 €/KG","img":"https://fd11-photos.leclercdrive.fr/image.ashx?id=2795213&use=l&cat=p&typeid=i","cat":284506},{"id":51939,"n":"Trio salade Florette Mâche roquette betterave - 175g","p":2.62,"u":"14,97 €/KG","img":"https://fd11-photos.leclercdrive.fr/image.ashx?id=2650534&use=l&cat=p&typeid=i","cat":284353},{"id":51979,"n":"Boisson au soja Vanille Végé 1L Végé - 200g","p":1.35,"u":"1,35 €/L","img":"https://fd11-photos.leclercdrive.fr/image.ashx?id=2872703&use=l&cat=p&typeid=i","cat":316067},{"id":51980,"n":"Lait demi-écrémé Délisse UHT -  6x25cl","p":3.36,"u":"2,24 €/L","img":"https://fd11-photos.leclercdrive.fr/image.ashx?id=2971503&use=l&cat=p&typeid=i","cat":284377},{"id":51995,"n":"Spécialité laitière Délisse Epaisse - 7% MG - 50cl","p":1.43,"u":"2,86 €/L","img":"https://fd11-photos.leclercdrive.fr/image.ashx?id=2363802&use=l&cat=p&typeid=i","cat":284381},{"id":51996,"n":"Spécialtié laitière Délisse UHT Fluide 4%mg - 3x20cl","p":1.99,"u":"3,32 €/L","img":"https://fd11-photos.leclercdrive.fr/image.ashx?id=2909398&use=l&cat=p&typeid=i","cat":284381},{"id":51999,"n":"Spécialité laitière Délisse Semi-épaisse 4%mg - 2x25cl","p":1.9,"u":"3,80 €/L","img":"https://fd11-photos.leclercdrive.fr/image.ashx?id=1790942&use=l&cat=p&typeid=i","cat":284381},{"id":52000,"n":"Spécialité laitière Délisse Epaisse - 7% MG - 20cl","p":0.95,"u":"4,75 €/L","img":"https://fd11-photos.leclercdrive.fr/image.ashx?id=2375583&use=l&cat=p&typeid=i","cat":284381},{"id":52001,"n":"Pâte à pizza fine Herta Rectangulaire - 390g","p":1.52,"u":"3,90 €/KG","img":"https://fd11-photos.leclercdrive.fr/image.ashx?id=2976110&use=l&cat=p&typeid=i","cat":333681},{"id":52002,"n":"HERTA Pâte à pizza fine & ronde 265g","p":1.23,"u":"4,64 €/KG","img":"https://fd11-photos.leclercdrive.fr/image.ashx?id=2975674&use=l&cat=p&typeid=i","cat":333681},{"id":52071,"n":"Tortillas Table du Monde De maïs - 320g","p":1.69,"u":"5,28 €/KG","img":"https://fd11-photos.leclercdrive.fr/image.ashx?id=959352&use=l&cat=p&typeid=i","cat":288993},{"id":52080,"n":"Emmental fromage rapé Les Croisés - 1kg","p":7.97,"u":"7,97 €/KG","img":"https://fd11-photos.leclercdrive.fr/image.ashx?id=2832990&use=l&cat=p&typeid=i","cat":314035},{"id":52090,"n":"Pizza Turini 3 Fromages - 3x350g","p":5.3,"u":"5,05 €/KG","img":"https://fd11-photos.leclercdrive.fr/image.ashx?id=2815247&use=l&cat=p&typeid=i","cat":284256},{"id":52104,"n":"Gaufres P'tit Deli Poudrées - 260g","p":1.69,"u":"6,50 €/KG","img":"https://fd11-photos.leclercdrive.fr/image.ashx?id=2932417&use=l&cat=p&typeid=i","cat":294777},{"id":52105,"n":"Mini brownies chocolat  Sans gluten - 240g","p":3.24,"u":"13,50 €/KG","img":"https://fd11-photos.leclercdrive.fr/image.ashx?id=2463404&use=l&cat=p&typeid=i","cat":318654},{"id":52113,"n":"Jambon sec Saint Azay  8 tranches - 200g","p":4.09,"u":"20,45 €/KG","img":"https://fd11-photos.leclercdrive.fr/image.ashx?id=2872451&use=l&cat=p&typeid=i","cat":316007},{"id":52115,"n":"Ail Rustica  250g","p":3.29,"u":"13,16 €/KG","img":"https://fd11-photos.leclercdrive.fr/image.ashx?id=2341894&use=l&cat=p&typeid=i","cat":319804},{"id":52117,"n":"Persil et ail Rustica   250g","p":3.33,"u":"13,32 €/KG","img":"https://fd11-photos.leclercdrive.fr/image.ashx?id=2341897&use=l&cat=p&typeid=i","cat":319804},{"id":52118,"n":"Persil Rustica 250g","p":3.29,"u":"13,16 €/KG","img":"https://fd11-photos.leclercdrive.fr/image.ashx?id=2835205&use=l&cat=p&typeid=i","cat":319804},{"id":52122,"n":"Limonade Sprink's Zero - 1.5L","p":0.59,"u":"0,39 €/L","img":"https://fd11-photos.leclercdrive.fr/image.ashx?id=2913681&use=l&cat=p&typeid=i","cat":284531},{"id":52124,"n":"Pâtes Tagliatelles Turini  Fraiches - 600g","p":1.89,"u":"3,15 €/KG","img":"https://fd11-photos.leclercdrive.fr/image.ashx?id=2823081&use=l&cat=p&typeid=i","cat":333682},{"id":52126,"n":"Crème brulée Tyrolia Eskiss 350g","p":2.1,"u":"6,00 €/KG","img":"https://fd11-photos.leclercdrive.fr/image.ashx?id=2075672&use=l&cat=p&typeid=i","cat":284266},{"id":52128,"n":"Dés de saumon Ronde des Mers  Fumé nature - 90g","p":4.1,"u":"45,56 €/KG","img":"https://fd11-photos.leclercdrive.fr/image.ashx?id=2966246&use=l&cat=p&typeid=i","cat":285188},{"id":52135,"n":"Emmental -30% sel fromage râpé Les Croisés - 150g","p":1.99,"u":"13,27 €/KG","img":"https://fd11-photos.leclercdrive.fr/image.ashx?id=2949197&use=l&cat=p&typeid=i","cat":314035},{"id":52136,"n":"Mozzarella Pic'Express 250g","p":2.99,"u":"11,96 €/KG","img":"https://fd11-photos.leclercdrive.fr/image.ashx?id=2678800&use=l&cat=p&typeid=i","cat":319774},{"id":52141,"n":"Bâtonnets Dentastix Pedigree Moyen chien x7 - 180g","p":2.16,"u":"12,00 €/KG","img":"https://fd11-photos.leclercdrive.fr/image.ashx?id=2981301&use=l&cat=p&typeid=i","cat":294527},{"id":52142,"n":"Bâtonnets Dentastix Pedigree Grand chien x7 - 270g","p":2.97,"u":"11,00 €/KG","img":"https://fd11-photos.leclercdrive.fr/image.ashx?id=2877046&use=l&cat=p&typeid=i","cat":294527},{"id":52143,"n":"Bâtonnets Dentastix Pedigree Petit chien x7 - 110g","p":1.72,"u":"15,64 €/KG","img":"https://fd11-photos.leclercdrive.fr/image.ashx?id=2832338&use=l&cat=p&typeid=i","cat":294527},{"id":52148,"n":"Filet de poulet Fleury Michon pommes de terre - 300g","p":2.98,"u":"9,93 €/KG","img":"https://fd11-photos.leclercdrive.fr/image.ashx?id=2656754&use=l&cat=p&typeid=i","cat":333665},{"id":52170,"n":"Amandes effilées Vahiné 125g","p":3.19,"u":"25,52 €/KG","img":"https://fd11-photos.leclercdrive.fr/image.ashx?id=2490575&use=l&cat=p&typeid=i","cat":284504},{"id":52171,"n":"Noix de coco Vahiné  Râpée - 115g","p":1.73,"u":"15,04 €/KG","img":"https://fd11-photos.leclercdrive.fr/image.ashx?id=2559811&use=l&cat=p&typeid=i","cat":284504},{"id":52172,"n":"Noisettes en poudre Vahiné 100g","p":3.07,"u":"30,70 €/KG","img":"https://fd11-photos.leclercdrive.fr/image.ashx?id=2559823&use=l&cat=p&typeid=i","cat":284504},{"id":52174,"n":"Raisins blond Vahiné  125g","p":1.7,"u":"13,60 €/KG","img":"https://fd11-photos.leclercdrive.fr/image.ashx?id=2606253&use=l&cat=p&typeid=i","cat":284357},{"id":52175,"n":"Raisins secs Vahiné  125g","p":1.68,"u":"13,44 €/KG","img":"https://fd11-photos.leclercdrive.fr/image.ashx?id=2559820&use=l&cat=p&typeid=i","cat":284357},{"id":52176,"n":"Cerneaux de noix Vahiné 50g","p":1.61,"u":"32,20 €/KG","img":"https://fd11-photos.leclercdrive.fr/image.ashx?id=2606247&use=l&cat=p&typeid=i","cat":284504},{"id":52177,"n":"Pignons de pin Vahiné 50g","p":3.85,"u":"77,00 €/KG","img":"https://fd11-photos.leclercdrive.fr/image.ashx?id=2559799&use=l&cat=p&typeid=i","cat":284357},{"id":52246,"n":"Spray retouche L'Oréal Paris Magic Retouch Noir","p":8.8,"u":"117,33 €/L","img":"https://fd11-photos.leclercdrive.fr/image.ashx?id=2586420&use=l&cat=p&typeid=i","cat":288899},{"id":52249,"n":"Spray retouche L'Oréal Paris Magic Retouch Blond foncé","p":8.8,"u":"117,33 €/L","img":"https://fd11-photos.leclercdrive.fr/image.ashx?id=2586429&use=l&cat=p&typeid=i","cat":288899},{"id":52250,"n":"Spray Coloration L'Oréal Paris Magic Retouch Châtain","p":8.93,"u":"119,07 €/L","img":"https://fd11-photos.leclercdrive.fr/image.ashx?id=2586426&use=l&cat=p&typeid=i","cat":288899},{"id":52251,"n":"Spray retouche L'Oréal Paris Magic Retouch Châtain Foncé","p":8.32,"u":"110,93 €/L","img":"https://fd11-photos.leclercdrive.fr/image.ashx?id=2586423&use=l&cat=p&typeid=i","cat":288899},{"id":52335,"n":"Sauce tomate cuisinée Panzani Tube légumes - 180g","p":0.95,"u":"5,28 €/KG","img":"https://fd11-photos.leclercdrive.fr/image.ashx?id=2984751&use=l&cat=p&typeid=i","cat":288384},{"id":52340,"n":"Clémentines  1p","p":0.75,"img":"https://fd11-photos.leclercdrive.fr/image.ashx?id=1629100&use=l&cat=p&typeid=i","cat":284356},{"id":52351,"n":"Navet  1p","p":0.6,"img":"https://fd11-photos.leclercdrive.fr/image.ashx?id=1632668&use=l&cat=p&typeid=i","cat":284352},{"id":52367,"n":"Whisky Ballantine's Finest Blended Scotch 40% vol - 1,5L","p":31.56,"u":"21,04 €/L","img":"https://fd11-photos.leclercdrive.fr/image.ashx?id=3000833&use=l&cat=p&typeid=i","cat":284547},{"id":52380,"n":"Porte mines jetables 0.7mm Esquisse 8+2","p":1.99,"img":"https://fd11-photos.leclercdrive.fr/image.ashx?id=1678724&use=l&cat=p&typeid=i","cat":284696},{"id":52384,"n":"Règle Double décimètre Esquisse 20 cm x1","p":0.5,"img":"https://fd11-photos.leclercdrive.fr/image.ashx?id=2943247&use=l&cat=p&typeid=i","cat":334133},{"id":52388,"n":"Crème anti-âge So Bio Etic Plaisir d'argan bio - 50ml","p":8.62,"u":"172,40 €/L","img":"https://fd11-photos.leclercdrive.fr/image.ashx?id=2988587&use=l&cat=p&typeid=i","cat":325345},{"id":52391,"n":"Lotion micellaire So Bio Etic Tonifiante bio - 500ml","p":5.39,"u":"10,78 €/L","img":"https://fd11-photos.leclercdrive.fr/image.ashx?id=2909065&use=l&cat=p&typeid=i","cat":284603},{"id":52539,"n":"Pur jus de citron Jardin Bio Bio - 50cl","p":2.72,"u":"5,44 €/L","img":"https://fd11-photos.leclercdrive.fr/image.ashx?id=3014524&use=l&cat=p&typeid=i","cat":288383},{"id":52582,"n":"Sauce Bolognaise Panzani - 210G","p":1.3,"u":"6,19 €/KG","img":"https://fd11-photos.leclercdrive.fr/image.ashx?id=2977927&use=l&cat=p&typeid=i","cat":287599},{"id":52618,"n":"Crème brulée Rians  3x100g","p":3.21,"u":"10,70 €/KG","img":"https://fd11-photos.leclercdrive.fr/image.ashx?id=2396246&use=l&cat=p&typeid=i","cat":284419},{"id":52625,"n":"Sauce Pommes de Terre Bénédicta - 255g","p":1.5,"u":"5,77 €/KG","img":"https://fd11-photos.leclercdrive.fr/image.ashx?id=2689925&use=l&cat=p&typeid=i","cat":318430},{"id":52631,"n":"Sauce Béarnaise Bénédicta - 260g","p":1.34,"u":"5,15 €/KG","img":"https://fd11-photos.leclercdrive.fr/image.ashx?id=2689931&use=l&cat=p&typeid=i","cat":318430},{"id":52632,"n":"Sauce au Poivre Bénédicta - 260g","p":1.43,"u":"5,50 €/KG","img":"https://fd11-photos.leclercdrive.fr/image.ashx?id=2689937&use=l&cat=p&typeid=i","cat":318430},{"id":52633,"n":"Sauce Tartare Bénédicta - 260g","p":1.45,"u":"5,58 €/KG","img":"https://fd11-photos.leclercdrive.fr/image.ashx?id=2689940&use=l&cat=p&typeid=i","cat":318430},{"id":52634,"n":"Sauce Bourguignonne Bénédicta - 260g","p":1.36,"u":"5,04 €/KG","img":"https://fd11-photos.leclercdrive.fr/image.ashx?id=2689943&use=l&cat=p&typeid=i","cat":318430},{"id":52664,"n":"Serpillère super Mocio Vileda x1","p":7.73,"img":"https://fd11-photos.leclercdrive.fr/image.ashx?id=2575828&use=l&cat=p&typeid=i","cat":284669},{"id":52665,"n":"Recharge Serpillère Vileda Super Mocio - x1","p":4.89,"img":"https://fd11-photos.leclercdrive.fr/image.ashx?id=2575831&use=l&cat=p&typeid=i","cat":284669},{"id":52673,"n":"Fromage Burger cheddar/emmental Président - 12 tranches - 200g","p":1.53,"u":"7,65 €/KG","img":"https://fd11-photos.leclercdrive.fr/image.ashx?id=2445024&use=l&cat=p&typeid=i","cat":314028},{"id":52684,"n":"Cheddar fromage râpé  Les Croisés - 200g","p":2.39,"u":"11,95 €/KG","img":"https://fd11-photos.leclercdrive.fr/image.ashx?id=2044381&use=l&cat=p&typeid=i","cat":314035},{"id":52688,"n":"Burrata Di Andria IGP  Tradizioni d'italia - 200g","p":4.79,"u":"23,95 €/KG","img":"https://fd11-photos.leclercdrive.fr/image.ashx?id=2904025&use=l&cat=p&typeid=i","cat":314026},{"id":52699,"n":"Comté Entremont Râpé - 2x70g","p":2.44,"u":"17,43 €/KG","img":"https://fd11-photos.leclercdrive.fr/image.ashx?id=2983162&use=l&cat=p&typeid=i","cat":314035},{"id":52701,"n":"Fromage Richesmonts Tartiflette - 450g","p":6.38,"u":"14,18 €/KG","img":"https://fd11-photos.leclercdrive.fr/image.ashx?id=3008182&use=l&cat=p&typeid=i","cat":314037},{"id":52757,"n":"Biscuits sablés Granola Chocolat au lait - 2x200g","p":2.67,"u":"6,68 €/KG","img":"https://fd11-photos.leclercdrive.fr/image.ashx?id=2347275&use=l&cat=p&typeid=i","cat":284488},{"id":52790,"n":"Fromage mi-chèvre Soignon 180g","p":2.05,"u":"11,39 €/KG","img":"https://fd11-photos.leclercdrive.fr/image.ashx?id=2734357&use=l&cat=p&typeid=i","cat":314031},{"id":52804,"n":"Fromage à Raclette RichesMonts  Classique 18 Tranches - 420g","p":5.14,"u":"12,24 €/KG","img":"https://fd11-photos.leclercdrive.fr/image.ashx?id=2953489&use=l&cat=p&typeid=i","cat":314037},{"id":52809,"n":"Fromage raclette Les Croisés 28%mg - 800g","p":7.39,"u":"9,24 €/KG","img":"https://fd11-photos.leclercdrive.fr/image.ashx?id=2969761&use=l&cat=p&typeid=i","cat":314037},{"id":52812,"n":"Yaourt nature bifidus Activia 16x125g","p":4.57,"u":"2,29 €/KG","img":"https://fd11-photos.leclercdrive.fr/image.ashx?id=2831675&use=l&cat=p&typeid=i","cat":315000},{"id":52818,"n":"Fromage à tartiner Boursin Figue et 3 noix - 150g","p":2.16,"u":"14,40 €/KG","img":"https://fd11-photos.leclercdrive.fr/image.ashx?id=2962062&use=l&cat=p&typeid=i","cat":314029},{"id":52820,"n":"Fromage Mont d'Or AOP  Nos Régions ont du Talent -400g","p":7.59,"u":"18,98 €/KG","img":"https://fd11-photos.leclercdrive.fr/image.ashx?id=2934841&use=l&cat=p&typeid=i","cat":314037},{"id":52914,"n":"Fiches bristol Exacompta 14.8x21- Blanches - x50","p":2.5,"img":"https://fd11-photos.leclercdrive.fr/image.ashx?id=2677780&use=l&cat=p&typeid=i","cat":284697},{"id":52951,"n":"Café dosettes Tassimo Thé vert menthe x16","p":4.7,"u":"117,50 €/KG","img":"https://fd11-photos.leclercdrive.fr/image.ashx?id=2100368&use=l&cat=p&typeid=i","cat":293233},{"id":52958,"n":"Café dosettes Tassimo L'Or Espresso Classique x16","p":4.36,"u":"41,92 €/KG","img":"https://fd11-photos.leclercdrive.fr/image.ashx?id=2507335&use=l&cat=p&typeid=i","cat":293240},{"id":52962,"n":"Biscuits fourrés Prince Chocolat - 300g","p":1.34,"u":"4,47 €/KG","img":"https://fd11-photos.leclercdrive.fr/image.ashx?id=3014638&use=l&cat=p&typeid=i","cat":284488},{"id":52964,"n":"Essuie-tout blanc Mimosa Super absorbant - x4 compacts","p":4.95,"u":"1,24 €/P","img":"https://fd11-photos.leclercdrive.fr/image.ashx?id=2752628&use=l&cat=p&typeid=i","cat":284635},{"id":52979,"n":"Truite fumée de Bretagne NRT x4 - 120g","p":5.39,"u":"44,92 €/KG","img":"https://fd11-photos.leclercdrive.fr/image.ashx?id=2663851&use=l&cat=p&typeid=i","cat":285188},{"id":53000,"n":"Enveloppes à fenêtre Esquisse 11x22cm - x100","p":3.45,"img":"https://fd11-photos.leclercdrive.fr/image.ashx?id=1929795&use=l&cat=p&typeid=i","cat":284697},{"id":53003,"n":"Vin d'Espagne rouge Merlot Adrien Champaud - BIB 5L","p":9.99,"u":"2,00 €/L","img":"https://fd11-photos.leclercdrive.fr/image.ashx?id=2959728&use=l&cat=p&typeid=i","cat":289560},{"id":53064,"n":"Eponges grattantes Mamison  Vaisselle délicate - x2","p":1.26,"u":"0,63 €/P","img":"https://fd11-photos.leclercdrive.fr/image.ashx?id=2202440&use=l&cat=p&typeid=i","cat":284667},{"id":53065,"n":"Eponges grattantes Mamison  Récurage difficile - x2","p":1.27,"u":"0,64 €/P","img":"https://fd11-photos.leclercdrive.fr/image.ashx?id=2207733&use=l&cat=p&typeid=i","cat":284667},{"id":53067,"n":"Recharge désodorisant Bien Air  Floral - 15ml","p":1.55,"u":"103,33 €/L","img":"https://fd11-photos.leclercdrive.fr/image.ashx?id=2467655&use=l&cat=p&typeid=i","cat":311629},{"id":53111,"n":"Marqueur Bic 2300 noir x1","p":1.15,"img":"https://fd11-photos.leclercdrive.fr/image.ashx?id=2645489&use=l&cat=p&typeid=i","cat":284696},{"id":53112,"n":"Surligneurs Brite liner Bic  Couleurs assortis - x5","p":2.3,"u":"0,46 €/P","img":"https://fd11-photos.leclercdrive.fr/image.ashx?id=2972406&use=l&cat=p&typeid=i","cat":284696},{"id":53115,"n":"Stylo correcteur Tipp-Ex Bic Snsqueeze - x2","p":3.54,"img":"https://fd11-photos.leclercdrive.fr/image.ashx?id=2996539&use=l&cat=p&typeid=i","cat":334133},{"id":53135,"n":"Crozets de Savoie NRT Nature - 400g","p":2.35,"u":"5,88 €/KG","img":"https://fd11-photos.leclercdrive.fr/image.ashx?id=2856226&use=l&cat=p&typeid=i","cat":284427},{"id":53167,"n":"Gaufres liégoise P'tit Déli Nappée chocolat - x7 - 402g","p":2.61,"u":"6,49 €/KG","img":"https://fd11-photos.leclercdrive.fr/image.ashx?id=1965560&use=l&cat=p&typeid=i","cat":294777},{"id":53174,"n":"Chocolat noir Equador Caramel salé - 100g","p":1.39,"u":"13,90 €/KG","img":"https://fd11-photos.leclercdrive.fr/image.ashx?id=2553339&use=l&cat=p&typeid=i","cat":284956},{"id":53183,"n":"Tartinable Saumon Cap Océan Fromage ail fines herbes - 140g","p":1.88,"u":"13,43 €/KG","img":"https://fd11-photos.leclercdrive.fr/image.ashx?id=2406028&use=l&cat=p&typeid=i","cat":285191},{"id":53289,"n":"Gel Douche Cottage Monoi - 560ml","p":2.91,"u":"5,20 €/L","img":"https://fd11-photos.leclercdrive.fr/image.ashx?id=2063416&use=l&cat=p&typeid=i","cat":284594},{"id":53412,"n":"Activateur biologique Eparcyl  Fosse septique - 864g x24","p":6.43,"u":"7,44 €/KG","img":"https://fd11-photos.leclercdrive.fr/image.ashx?id=2890085&use=l&cat=p&typeid=i","cat":284908},{"id":53434,"n":"Salade d'Alaska Menu Fraîcheur 300g","p":2.59,"u":"8,63 €/KG","img":"https://fd11-photos.leclercdrive.fr/image.ashx?id=2727638&use=l&cat=p&typeid=i","cat":333657},{"id":53465,"n":"Biscuit petit beurre P'tit Déli Chocolat lait 48% - 125g","p":1.49,"u":"11,92 €/KG","img":"https://fd11-photos.leclercdrive.fr/image.ashx?id=2846520&use=l&cat=p&typeid=i","cat":284488},{"id":53508,"n":"Fine chapelure de pain Tipiak 275g","p":0.6,"u":"2,18 €/KG","img":"https://fd11-photos.leclercdrive.fr/image.ashx?id=2594124&use=l&cat=p&typeid=i","cat":288382},{"id":53600,"n":"Recharge spray Bien Air Automatique japon - 250ml","p":2.39,"u":"9,56 €/L","img":"https://fd11-photos.leclercdrive.fr/image.ashx?id=2974963&use=l&cat=p&typeid=i","cat":311629},{"id":53606,"n":"Salade Mexicaine Côté Snack Au thon - 250g","p":1.9,"u":"7,60 €/KG","img":"https://fd11-photos.leclercdrive.fr/image.ashx?id=2884255&use=l&cat=p&typeid=i","cat":284437},{"id":53612,"n":"Pizza 4 fromages  552g","p":5.99,"u":"10,85 €/KG","img":"https://fd11-photos.leclercdrive.fr/image.ashx?id=941047&use=l&cat=p&typeid=i","cat":333679},{"id":53651,"n":"Paupiettes de porc Ferial x3 - 390g","p":5.08,"u":"13,03 €/KG","img":"https://fd11-photos.leclercdrive.fr/image.ashx?id=2852294&use=l&cat=p&typeid=i","cat":284331},{"id":53723,"n":"Donuts  4p","p":2.4,"u":"0,60 €/P","img":"https://fd11-photos.leclercdrive.fr/image.ashx?id=1006235&use=l&cat=p&typeid=i","cat":284984},{"id":53776,"n":"Brioche tressée Pasquier Nature - 630g","p":2.71,"u":"4,30 €/KG","img":"https://fd11-photos.leclercdrive.fr/image.ashx?id=2850946&use=l&cat=p&typeid=i","cat":284478},{"id":53777,"n":"Brioche tressée Pasquier  Pépites - 630g","p":2.82,"u":"4,48 €/KG","img":"https://fd11-photos.leclercdrive.fr/image.ashx?id=2848809&use=l&cat=p&typeid=i","cat":284478},{"id":53783,"n":"Lait de coco Suzi Wan 200ml","p":1.23,"u":"6,15 €/L","img":"https://fd11-photos.leclercdrive.fr/image.ashx?id=3002177&use=l&cat=p&typeid=i","cat":288992},{"id":53816,"n":"Chocolats Ferrero Collection Assortiments x32- 359g","p":12.57,"u":"35,01 €/KG","img":"https://fd11-photos.leclercdrive.fr/image.ashx?id=2940507&use=l&cat=p&typeid=i","cat":327595},{"id":53819,"n":"Veau : Rôti ** 800g","p":14.8,"u":"18,50 €/KG","img":"https://fd11-photos.leclercdrive.fr/image.ashx?id=630095&use=l&cat=p&typeid=i","cat":284329},{"id":53899,"n":"Eau minérale gazeuse Perrier  Naturelle - 6x1L","p":3.84,"u":"0,64 €/L","img":"https://fd11-photos.leclercdrive.fr/image.ashx?id=2454463&use=l&cat=p&typeid=i","cat":284536},{"id":53902,"n":"Eau minérale gazeuse Perrier  Fines bulles - 6x1L","p":3.65,"u":"0,61 €/L","img":"https://fd11-photos.leclercdrive.fr/image.ashx?id=2830924&use=l&cat=p&typeid=i","cat":284536},{"id":53904,"n":"Barre de chocolat Toblerone Noir - 360g","p":9.05,"u":"25,14 €/KG","img":"https://fd11-photos.leclercdrive.fr/image.ashx?id=2428687&use=l&cat=p&typeid=i","cat":327595},{"id":53930,"n":"Foie gras canard Labeyrie Entier, torchon - 190g","p":24.39,"u":"128,37 €/KG","img":"https://fd11-photos.leclercdrive.fr/image.ashx?id=2770356&use=l&cat=p&typeid=i","cat":316008},{"id":53947,"n":"Saumon fumé Labeyrie Bio x6 tranches - 180g","p":12.02,"u":"66,78 €/KG","img":"https://fd11-photos.leclercdrive.fr/image.ashx?id=2348851&use=l&cat=p&typeid=i","cat":285188},{"id":54162,"n":"Fromage blanc 0%mg  Soignon Au lait de chèvre - 4x100g","p":2.62,"u":"6,55 €/KG","img":"https://fd11-photos.leclercdrive.fr/image.ashx?id=2518253&use=l&cat=p&typeid=i","cat":314998},{"id":54172,"n":"Sauce aux 3 poivres  120g","p":1.69,"u":"14,08 €/KG","img":"https://fd11-photos.leclercdrive.fr/image.ashx?id=2636242&use=l&cat=p&typeid=i","cat":284382},{"id":54299,"n":"Désodorisant Bien Air Mèche active Fruit rouge 375ml","p":1.65,"u":"4,40 €/L","img":"https://fd11-photos.leclercdrive.fr/image.ashx?id=2777806&use=l&cat=p&typeid=i","cat":311628},{"id":54300,"n":"Désodorisant Bien Air Mèche active agrume 375ml","p":1.65,"u":"4,40 €/L","img":"https://fd11-photos.leclercdrive.fr/image.ashx?id=2777809&use=l&cat=p&typeid=i","cat":311628},{"id":54311,"n":"Bière blonde Bio Jade 4.5%vol - 6x25cl","p":5.41,"u":"3,61 €/L","img":"https://fd11-photos.leclercdrive.fr/image.ashx?id=2511282&use=l&cat=p&typeid=i","cat":334873},{"id":54345,"n":"Soda Pepsi Cola Regular 4x1.5L","p":4.63,"u":"0,77 €/L","img":"https://fd11-photos.leclercdrive.fr/image.ashx?id=2896321&use=l&cat=p&typeid=i","cat":284530},{"id":54346,"n":"Barre Chocolatée KINDER Country  Céréales chocolat x10 - 235g","p":3.64,"u":"15,49 €/KG","img":"https://fd11-photos.leclercdrive.fr/image.ashx?id=2231942&use=l&cat=p&typeid=i","cat":284498},{"id":54351,"n":"Crème dessert Délisse Chocolat noisette - 4x125g","p":1.05,"u":"2,10 €/KG","img":"https://fd11-photos.leclercdrive.fr/image.ashx?id=2760810&use=l&cat=p&typeid=i","cat":285041},{"id":54385,"n":"Coupelles Ananas DDV Sirop léger - 4x70g","p":2.79,"u":"9,96 €/KG","img":"https://fd11-photos.leclercdrive.fr/image.ashx?id=2100793&use=l&cat=p&typeid=i","cat":284507},{"id":54386,"n":"Gâteau multicouche P'tit Déli Genoise fourré chocolat - 175g","p":1.27,"u":"7,26 €/KG","img":"https://fd11-photos.leclercdrive.fr/image.ashx?id=2416538&use=l&cat=p&typeid=i","cat":284495},{"id":54387,"n":"Pains Hot Dog Epi d'Or x4 - 250g","p":1.41,"u":"5,64 €/KG","img":"https://fd11-photos.leclercdrive.fr/image.ashx?id=2147414&use=l&cat=p&typeid=i","cat":284985},{"id":54393,"n":"Spécialité de saucisse St Azay Sèche - 200g","p":3.05,"u":"15,25 €/KG","img":"https://fd11-photos.leclercdrive.fr/image.ashx?id=2982622&use=l&cat=p&typeid=i","cat":316006},{"id":54396,"n":"Salade Catalane Côté Snack Thon à la catalane - 250g","p":2.17,"u":"8,68 €/KG","img":"https://fd11-photos.leclercdrive.fr/image.ashx?id=2910589&use=l&cat=p&typeid=i","cat":284437},{"id":54404,"n":"Sauce Tomacouli Panzani - 3X200G","p":1.59,"u":"2,65 €/KG","img":"https://fd11-photos.leclercdrive.fr/image.ashx?id=2744623&use=l&cat=p&typeid=i","cat":288384},{"id":54405,"n":"Sauce Tomacouli Panzani - 700G","p":1.54,"u":"2,20 €/KG","img":"https://fd11-photos.leclercdrive.fr/image.ashx?id=2744632&use=l&cat=p&typeid=i","cat":288384},{"id":54415,"n":"Bâtonnet à mâcher Dentalife  Petit chien - x21 - 345g","p":3.68,"u":"10,67 €/KG","img":"https://fd11-photos.leclercdrive.fr/image.ashx?id=2897339&use=l&cat=p&typeid=i","cat":294527},{"id":54416,"n":"Bâtonnet à macher Dentalife Chien moyen - 345g","p":3.62,"u":"10,49 €/KG","img":"https://fd11-photos.leclercdrive.fr/image.ashx?id=2896426&use=l&cat=p&typeid=i","cat":294527},{"id":54417,"n":"Barre chocolat lait P'tit Déli x5 - 130g","p":1.5,"u":"11,54 €/KG","img":"https://fd11-photos.leclercdrive.fr/image.ashx?id=2568936&use=l&cat=p&typeid=i","cat":284488},{"id":54418,"n":"Bâtonnet à mâche Dentalife Grand chien x12 - 426g","p":3.62,"u":"8,50 €/KG","img":"https://fd11-photos.leclercdrive.fr/image.ashx?id=2897342&use=l&cat=p&typeid=i","cat":294527},{"id":54422,"n":"Spray automatique Bien Air + recharge - 250ml","p":5.98,"u":"23,92 €/L","img":"https://fd11-photos.leclercdrive.fr/image.ashx?id=2330493&use=l&cat=p&typeid=i","cat":311629},{"id":54425,"n":"Batônnets Surimi Pêche Océan MSC - x48 - 800g","p":4.34,"u":"5,43 €/KG","img":"https://fd11-photos.leclercdrive.fr/image.ashx?id=2953245&use=l&cat=p&typeid=i","cat":285189},{"id":54430,"n":"Salade Italienne Côté Snack Au thon - 250g","p":2.18,"u":"8,72 €/KG","img":"https://fd11-photos.leclercdrive.fr/image.ashx?id=2927910&use=l&cat=p&typeid=i","cat":284437},{"id":54471,"n":"Madeleines longues Le Ster Marbrées choco - 250g","p":1.59,"u":"6,36 €/KG","img":"https://fd11-photos.leclercdrive.fr/image.ashx?id=2962548&use=l&cat=p&typeid=i","cat":284492},{"id":54473,"n":"Madeleines longues Le Ster Nature  - 250g","p":1.48,"u":"5,92 €/KG","img":"https://fd11-photos.leclercdrive.fr/image.ashx?id=2962545&use=l&cat=p&typeid=i","cat":284492},{"id":54492,"n":"Tortillas chips Bio village Bio Nature - 150g","p":1.75,"u":"11,67 €/KG","img":"https://fd11-photos.leclercdrive.fr/image.ashx?id=2538385&use=l&cat=p&typeid=i","cat":287899},{"id":54494,"n":"Biscuits Petit Ecolier LU Chocolat au lait - 2x150g","p":3.35,"u":"11,17 €/KG","img":"https://fd11-photos.leclercdrive.fr/image.ashx?id=3009122&use=l&cat=p&typeid=i","cat":284488},{"id":54496,"n":"Gâteaux fourrés Milka Chocolat - 175g","p":1.55,"u":"8,86 €/KG","img":"https://fd11-photos.leclercdrive.fr/image.ashx?id=3005338&use=l&cat=p&typeid=i","cat":284495},{"id":54513,"n":"Falafels Végé - 200g","p":1.99,"u":"9,95 €/KG","img":"https://fd11-photos.leclercdrive.fr/image.ashx?id=2865266&use=l&cat=p&typeid=i","cat":316036},{"id":54520,"n":"Pâte a pizza Tablier Blanc Rectangle - 385g","p":1.3,"u":"3,38 €/KG","img":"https://fd11-photos.leclercdrive.fr/image.ashx?id=2635925&use=l&cat=p&typeid=i","cat":333681},{"id":54522,"n":"Pâte feuilletée Tablier Blanc A dérouler - x2 - 460g","p":1.48,"u":"3,22 €/KG","img":"https://fd11-photos.leclercdrive.fr/image.ashx?id=2635928&use=l&cat=p&typeid=i","cat":333681},{"id":54523,"n":"Nuggets végétales Végé - 200g","p":1.52,"u":"7,60 €/KG","img":"https://fd11-photos.leclercdrive.fr/image.ashx?id=2865263&use=l&cat=p&typeid=i","cat":316036},{"id":54525,"n":"Paëlla Royale Côté Table 800g","p":5.78,"u":"7,23 €/KG","img":"https://fd11-photos.leclercdrive.fr/image.ashx?id=2614488&use=l&cat=p&typeid=i","cat":333666},{"id":54612,"n":"Corn Flakes bio Bio Village Nature - 375g","p":2.4,"u":"6,40 €/KG","img":"https://fd11-photos.leclercdrive.fr/image.ashx?id=2835226&use=l&cat=p&typeid=i","cat":309513},{"id":54857,"n":"Polenta Turini  500g","p":1.19,"u":"2,38 €/KG","img":"https://fd11-photos.leclercdrive.fr/image.ashx?id=2682792&use=l&cat=p&typeid=i","cat":284431},{"id":54860,"n":"Mix apéritif Bio Village  Bio -  120g","p":2.74,"u":"22,83 €/KG","img":"https://fd11-photos.leclercdrive.fr/image.ashx?id=1944243&use=l&cat=p&typeid=i","cat":284448},{"id":54926,"n":"Mousse liégeoise Viennois  Café - 4x90g","p":1.78,"u":"4,94 €/KG","img":"https://fd11-photos.leclercdrive.fr/image.ashx?id=2729788&use=l&cat=p&typeid=i","cat":284417},{"id":54956,"n":"Macarons Autour Du Dessert Assortiment - x12","p":4.82,"img":"https://fd11-photos.leclercdrive.fr/image.ashx?id=2987485&use=l&cat=p&typeid=i","cat":284267},{"id":55090,"n":"AOP Bordeaux rouge Mouton Cadet - 75cl","p":6.95,"u":"9,27 €/L","img":"https://fd11-photos.leclercdrive.fr/image.ashx?id=2959940&use=l&cat=p&typeid=i","cat":289556},{"id":55102,"n":"Dentifrice expert Bionaïa Menthe Bio - 75ml","p":1.79,"u":"23,87 €/L","img":"https://fd11-photos.leclercdrive.fr/image.ashx?id=2529540&use=l&cat=p&typeid=i","cat":284612},{"id":55145,"n":"Allumettes Fleury Michon Jambon cuit - 2x75g","p":1.23,"u":"8,20 €/KG","img":"https://fd11-photos.leclercdrive.fr/image.ashx?id=2651047&use=l&cat=p&typeid=i","cat":316011},{"id":55160,"n":"Brioche tréssée Pasquier Tranchée Pépite chocolat - 500g","p":2.64,"u":"5,28 €/KG","img":"https://fd11-photos.leclercdrive.fr/image.ashx?id=2971969&use=l&cat=p&typeid=i","cat":284478},{"id":55197,"n":"Plat bébé soir Blédiner 12 mois Macaroni ratatouille - 2x200g","p":2.25,"u":"5,63 €/KG","img":"https://fd11-photos.leclercdrive.fr/image.ashx?id=2845826&use=l&cat=p&typeid=i","cat":312239},{"id":55206,"n":"Plat bébé Blédina 12 mois Pâtes tomate jambon - 2x200g","p":2.64,"u":"6,60 €/KG","img":"https://fd11-photos.leclercdrive.fr/image.ashx?id=2975071&use=l&cat=p&typeid=i","cat":312237},{"id":55214,"n":"Plat bébé soir Blédiner 12 mois Boulghour potiron panais-2x200g","p":2.67,"u":"6,68 €/KG","img":"https://fd11-photos.leclercdrive.fr/image.ashx?id=2921064&use=l&cat=p&typeid=i","cat":312239},{"id":55260,"n":"Rôti de porc supérieur L'Atelier Charcuterie x4 -180g","p":3.68,"u":"20,44 €/KG","img":"https://fd11-photos.leclercdrive.fr/image.ashx?id=2998856&use=l&cat=p&typeid=i","cat":316009},{"id":55261,"n":"Pâté de campagne Breton L'Atelier Charcuterie - 170g","p":2.39,"u":"14,06 €/KG","img":"https://fd11-photos.leclercdrive.fr/image.ashx?id=2970426&use=l&cat=p&typeid=i","cat":316008},{"id":55262,"n":"Pâté Campagne Supérieur L'Atelier Charcuterie - 170g","p":2.08,"u":"12,24 €/KG","img":"https://fd11-photos.leclercdrive.fr/image.ashx?id=2905862&use=l&cat=p&typeid=i","cat":316008},{"id":55264,"n":"Mousse de foie Supérieure L'Atelier Charcuterie - 170g","p":2.19,"u":"12,88 €/KG","img":"https://fd11-photos.leclercdrive.fr/image.ashx?id=2882289&use=l&cat=p&typeid=i","cat":316008},{"id":55265,"n":"Mousse de canard Supérieure L'Atelier Charcuterie - 170g","p":2.71,"u":"15,94 €/KG","img":"https://fd11-photos.leclercdrive.fr/image.ashx?id=2882529&use=l&cat=p&typeid=i","cat":316008},{"id":55276,"n":"Brosse adhésive  Mamison Textile 36 feuilles","p":2.29,"img":"https://fd11-photos.leclercdrive.fr/image.ashx?id=1063565&use=l&cat=p&typeid=i","cat":284669},{"id":55281,"n":"Bougies d'anniversaire Ardence Bleues - x24","p":0.95,"u":"0,04 €/P","img":"https://fd11-photos.leclercdrive.fr/image.ashx?id=2980480&use=l&cat=p&typeid=i","cat":335913},{"id":55282,"n":"Bougies d'anniversaire Ardence Roses - x24","p":0.95,"u":"0,04 €/P","img":"https://fd11-photos.leclercdrive.fr/image.ashx?id=2980483&use=l&cat=p&typeid=i","cat":335913},{"id":55283,"n":"Bougies d'anniversaire Ardence Blanches  - x24","p":0.95,"u":"0,04 €/P","img":"https://fd11-photos.leclercdrive.fr/image.ashx?id=2980486&use=l&cat=p&typeid=i","cat":335913},{"id":55284,"n":"Bougies d'anniversaire Ardence  x8 avec chiffres et support","p":1.5,"img":"https://fd11-photos.leclercdrive.fr/image.ashx?id=2980489&use=l&cat=p&typeid=i","cat":335913},{"id":55343,"n":"Biscuits à thé Delacre Tea Time Assortiment Boîte Métal - 1kg","p":12.98,"u":"12,98 €/KG","img":"https://fd11-photos.leclercdrive.fr/image.ashx?id=2867969&use=l&cat=p&typeid=i","cat":284490},{"id":55381,"n":"Cacahuètes Tokapi  Grillées à sec - 120g","p":0.47,"u":"3,92 €/KG","img":"https://fd11-photos.leclercdrive.fr/image.ashx?id=2799778&use=l&cat=p&typeid=i","cat":284448},{"id":55401,"n":"Mélange Crudités  Fraîche découpe - 180g","p":1.98,"u":"11,00 €/KG","img":"https://fd11-photos.leclercdrive.fr/image.ashx?id=2844064&use=l&cat=p&typeid=i","cat":333657},{"id":55415,"n":"Bougie Bien Air Anti-tabac 30h - x1","p":1.83,"img":"https://fd11-photos.leclercdrive.fr/image.ashx?id=2999613&use=l&cat=p&typeid=i","cat":284666},{"id":55416,"n":"Recharge adhésive Mamison  36 feuilles-  x2","p":2.22,"img":"https://fd11-photos.leclercdrive.fr/image.ashx?id=1066450&use=l&cat=p&typeid=i","cat":284669},{"id":55439,"n":"Salade Niçoise Côté Snack Au thon - 250g","p":1.8,"u":"7,20 €/KG","img":"https://fd11-photos.leclercdrive.fr/image.ashx?id=2868316&use=l&cat=p&typeid=i","cat":284437},{"id":55573,"n":"Soda Coca-Cola Original Bouteille - 1L","p":1.7,"u":"1,70 €/L","img":"https://fd11-photos.leclercdrive.fr/image.ashx?id=2194409&use=l&cat=p&typeid=i","cat":284530},{"id":55598,"n":"Assortiment asiatique Agis 340g","p":6.47,"u":"19,03 €/KG","img":"https://fd11-photos.leclercdrive.fr/image.ashx?id=2788655&use=l&cat=p&typeid=i","cat":333673},{"id":55642,"n":"Ramette Esquisse x500 - A4 - 100g - Ultra blanc","p":7.9,"img":"https://fd11-photos.leclercdrive.fr/image.ashx?id=2943250&use=l&cat=p&typeid=i","cat":284697},{"id":55654,"n":"Crayons de couleur Esquisse x24","p":1.9,"img":"https://fd11-photos.leclercdrive.fr/image.ashx?id=2727674&use=l&cat=p&typeid=i","cat":284696},{"id":55655,"n":"Feutres de coloriage Esquisse Lavables Pointe moyenne x36","p":3.4,"img":"https://fd11-photos.leclercdrive.fr/image.ashx?id=1928785&use=l&cat=p&typeid=i","cat":284696},{"id":55656,"n":"Feutres de coloriage Stabilo Pen 68 - x12","p":8.81,"img":"https://fd11-photos.leclercdrive.fr/image.ashx?id=2836619&use=l&cat=p&typeid=i","cat":284696},{"id":55664,"n":"Mini ruban correcteur Esquisse Multicoloris","p":1.99,"img":"https://fd11-photos.leclercdrive.fr/image.ashx?id=1703851&use=l&cat=p&typeid=i","cat":334133},{"id":55666,"n":"Etiquettes blanches Esquisse 24x35mm - x48","p":0.8,"img":"https://fd11-photos.leclercdrive.fr/image.ashx?id=2943259&use=l&cat=p&typeid=i","cat":334133},{"id":55668,"n":"Tube de colle stylo UHU Transparente Xlarge - 50ml","p":2.59,"u":"51,80 €/L","img":"https://fd11-photos.leclercdrive.fr/image.ashx?id=1560307&use=l&cat=p&typeid=i","cat":334133},{"id":55669,"n":"Bâton de colle Esquisse 5x10g","p":2.39,"u":"47,80 €/KG","img":"https://fd11-photos.leclercdrive.fr/image.ashx?id=2943253&use=l&cat=p&typeid=i","cat":334133},{"id":55671,"n":"Dry & Clean Roller UHU 8.5mx6.5mm - 1 pièce","p":2.9,"img":"https://fd11-photos.leclercdrive.fr/image.ashx?id=2057662&use=l&cat=p&typeid=i","cat":334133},{"id":55675,"n":"Punaises dorées Esquisse Boite - x100","p":0.9,"u":"0,01 €/P","img":"https://fd11-photos.leclercdrive.fr/image.ashx?id=1181761&use=l&cat=p&typeid=i","cat":334133},{"id":55686,"n":"Intercalaires Esquisse  x12 - A4","p":1.35,"img":"https://fd11-photos.leclercdrive.fr/image.ashx?id=2943244&use=l&cat=p&typeid=i","cat":284745},{"id":55691,"n":"Recharges Pilot FriXion Ball x6 + Gomme","p":8.18,"img":"https://fd11-photos.leclercdrive.fr/image.ashx?id=2526752&use=l&cat=p&typeid=i","cat":284696},{"id":55700,"n":"Haricots Verts Cassegrain Extra Fins Ceuillis main 110g","p":1.3,"u":"11,82 €/KG","img":"https://fd11-photos.leclercdrive.fr/image.ashx?id=2913034&use=l&cat=p&typeid=i","cat":312606},{"id":55723,"n":"Surligneurs stylos Maped x4 + 2 minis","p":2.86,"img":"https://fd11-photos.leclercdrive.fr/image.ashx?id=2539767&use=l&cat=p&typeid=i","cat":284696},{"id":55738,"n":"Cahier spirales Esquiss Multicoloris 100 pages 24x32cm","p":2.99,"img":"https://fd11-photos.leclercdrive.fr/image.ashx?id=2131191&use=l&cat=p&typeid=i","cat":284697},{"id":55766,"n":"AOP Crémant de Loire Brut - Lacheteau - 75cL","p":6.93,"u":"9,24 €/L","img":"https://fd11-photos.leclercdrive.fr/image.ashx?id=2431911&use=l&cat=p&typeid=i","cat":284545},{"id":55786,"n":"Crêpe fourrée Whaou Chocolat / Noisette x8 - 256g","p":2.18,"u":"8,52 €/KG","img":"https://fd11-photos.leclercdrive.fr/image.ashx?id=2962857&use=l&cat=p&typeid=i","cat":284494},{"id":55810,"n":"Chipolatas bio - Bio Village  x5 - 275g","p":4.69,"u":"17,05 €/KG","img":"https://fd11-photos.leclercdrive.fr/image.ashx?id=2886478&use=l&cat=p&typeid=i","cat":284334},{"id":55816,"n":"Lingettes désinfectantes 2en1 x10 lingettes","p":1.52,"img":"https://fd11-photos.leclercdrive.fr/image.ashx?id=2832981&use=l&cat=p&typeid=i","cat":284630},{"id":55887,"n":"Bougie Bien Air Vanille Caramel 30h - x1","p":1.8,"img":"https://fd11-photos.leclercdrive.fr/image.ashx?id=2399761&use=l&cat=p&typeid=i","cat":284666},{"id":55949,"n":"Riz soja bio Céréal Bio  à l'espagnol repas express-220g","p":2.36,"u":"10,73 €/KG","img":"https://fd11-photos.leclercdrive.fr/image.ashx?id=2575093&use=l&cat=p&typeid=i","cat":287600},{"id":56106,"n":"Stylo-bille 4 couleurs Bic Violet - Shine -x1","p":2.49,"img":"https://fd11-photos.leclercdrive.fr/image.ashx?id=2727743&use=l&cat=p&typeid=i","cat":284696},{"id":56110,"n":"Règle plate Twist'n'Flex Maped Rose - 30cm","p":0.97,"img":"https://fd11-photos.leclercdrive.fr/image.ashx?id=1189233&use=l&cat=p&typeid=i","cat":334133},{"id":56111,"n":"Règle plate Twist'n'Flex Maped Bleu - 30cm","p":0.97,"img":"https://fd11-photos.leclercdrive.fr/image.ashx?id=1189236&use=l&cat=p&typeid=i","cat":334133},{"id":56157,"n":"Saucisse sèche des Pyrénées NRT 250g","p":4.49,"u":"17,96 €/KG","img":"https://fd11-photos.leclercdrive.fr/image.ashx?id=2917181&use=l&cat=p&typeid=i","cat":316006},{"id":56231,"n":"Trieur Esquisse A4 Multicoloris - 12 positions","p":3.89,"img":"https://fd11-photos.leclercdrive.fr/image.ashx?id=2727719&use=l&cat=p&typeid=i","cat":284745},{"id":56303,"n":"Crème dessert Chocolat Bio Invitation à la Ferme - 4x100g","p":2.73,"u":"6,83 €/KG","img":"https://fd11-photos.leclercdrive.fr/image.ashx?id=2382159&use=l&cat=p&typeid=i","cat":285041},{"id":56305,"n":"Crème dessert Café Bio Invitation à la Ferme - 4x100g","p":2.73,"u":"6,83 €/KG","img":"https://fd11-photos.leclercdrive.fr/image.ashx?id=2385509&use=l&cat=p&typeid=i","cat":285041},{"id":56306,"n":"Riz au lait Nature bio Invitation à la Ferme - 4x125g","p":2.63,"u":"5,26 €/KG","img":"https://fd11-photos.leclercdrive.fr/image.ashx?id=2386028&use=l&cat=p&typeid=i","cat":284418},{"id":56307,"n":"Riz au lait bio Caramel  Invitation à la Ferme - 4x125g","p":2.93,"u":"5,86 €/KG","img":"https://fd11-photos.leclercdrive.fr/image.ashx?id=2386878&use=l&cat=p&typeid=i","cat":284418},{"id":56418,"n":"Vinaigre de cidre Bio Village Bio 75cl","p":2.09,"u":"2,79 €/L","img":"https://fd11-photos.leclercdrive.fr/image.ashx?id=1069902&use=l&cat=p&typeid=i","cat":298543},{"id":56435,"n":"Bouillon Kub Or Maggi  Déshydraté dégraissé - 128g","p":1.57,"u":"12,27 €/KG","img":"https://fd11-photos.leclercdrive.fr/image.ashx?id=2953977&use=l&cat=p&typeid=i","cat":288379},{"id":56440,"n":"Biscuit Citron Yuzu GERBLE  sans sucre 6 132g","p":1.8,"u":"13,64 €/KG","img":"https://fd11-photos.leclercdrive.fr/image.ashx?id=2664016&use=l&cat=p&typeid=i","cat":318653},{"id":56444,"n":"Biscuits chocolat amande GERBLE  - 4x4, 200g","p":1.71,"u":"8,55 €/KG","img":"https://fd11-photos.leclercdrive.fr/image.ashx?id=2967004&use=l&cat=p&typeid=i","cat":318651},{"id":56452,"n":"Cookie Cacao GERBLE  sans sucres - 130g","p":2.25,"u":"17,31 €/KG","img":"https://fd11-photos.leclercdrive.fr/image.ashx?id=2575057&use=l&cat=p&typeid=i","cat":318653},{"id":56456,"n":"Biscuit Coco GERBLE  sans sucre - 132g","p":1.77,"u":"13,41 €/KG","img":"https://fd11-photos.leclercdrive.fr/image.ashx?id=2662826&use=l&cat=p&typeid=i","cat":318653},{"id":56457,"n":"Biscuit Sésame Vanille GERBLE  sans sucres - 132g","p":1.84,"u":"13,94 €/KG","img":"https://fd11-photos.leclercdrive.fr/image.ashx?id=2664013&use=l&cat=p&typeid=i","cat":318653},{"id":56464,"n":"Biscuit fourré cacao GERBLE   sans sucre 6 185g","p":2.67,"u":"14,43 €/KG","img":"https://fd11-photos.leclercdrive.fr/image.ashx?id=2662832&use=l&cat=p&typeid=i","cat":318653},{"id":56468,"n":"Goûters 4S aux pommes Gerblé 360g","p":1.83,"u":"5,08 €/KG","img":"https://fd11-photos.leclercdrive.fr/image.ashx?id=2860907&use=l&cat=p&typeid=i","cat":318651},{"id":56511,"n":"Galettes sarrasin Bretagne NRT x6 - 300g","p":1.89,"u":"6,30 €/KG","img":"https://fd11-photos.leclercdrive.fr/image.ashx?id=2770268&use=l&cat=p&typeid=i","cat":333672},{"id":56517,"n":"Eau minérale naturelle Contrex 6x1.5L","p":2.94,"u":"0,33 €/L","img":"https://fd11-photos.leclercdrive.fr/image.ashx?id=2758773&use=l&cat=p&typeid=i","cat":284535},{"id":56547,"n":"Flocons d'avoine bio Bio Village - 500g","p":1.48,"u":"2,96 €/KG","img":"https://fd11-photos.leclercdrive.fr/image.ashx?id=2688243&use=l&cat=p&typeid=i","cat":309512},{"id":56558,"n":"Croquettes chat Tous mes amis Boeuf/poulet/légumes - 7.5kg","p":10.46,"u":"1,39 €/KG","img":"https://fd11-photos.leclercdrive.fr/image.ashx?id=2319118&use=l&cat=p&typeid=i","cat":284680},{"id":56571,"n":"Tomates entières pelées bio Bio Village - 240g","p":1.04,"u":"4,33 €/KG","img":"https://fd11-photos.leclercdrive.fr/image.ashx?id=3002662&use=l&cat=p&typeid=i","cat":312608},{"id":56574,"n":"Sel Fin de Table Rustica Boîte verseuse 500g","p":0.46,"u":"0,92 €/KG","img":"https://fd11-photos.leclercdrive.fr/image.ashx?id=2050681&use=l&cat=p&typeid=i","cat":284457},{"id":56609,"n":"Fromage à tartiner Madame Loïk Fouetté Nature - 320g","p":3.04,"u":"9,50 €/KG","img":"https://fd11-photos.leclercdrive.fr/image.ashx?id=2967798&use=l&cat=p&typeid=i","cat":314029},{"id":56610,"n":"Fromage à tartiner Madame Loïk Fouetté Nature - 180g","p":1.94,"u":"10,78 €/KG","img":"https://fd11-photos.leclercdrive.fr/image.ashx?id=2948015&use=l&cat=p&typeid=i","cat":314029},{"id":56613,"n":"IGP Pays d'Oc rouge Merlot Grand Sud 13.5% vol - BIB 5L","p":17.12,"u":"3,42 €/L","img":"https://fd11-photos.leclercdrive.fr/image.ashx?id=2837457&use=l&cat=p&typeid=i","cat":289556},{"id":56683,"n":"Pur jus d'ananas Bio Village  Bio - 1L","p":3.81,"u":"3,81 €/L","img":"https://fd11-photos.leclercdrive.fr/image.ashx?id=2901539&use=l&cat=p&typeid=i","cat":284916},{"id":56767,"n":"Vinaigre balsamique Rustica De Modène - 25cl","p":1.27,"u":"5,08 €/L","img":"https://fd11-photos.leclercdrive.fr/image.ashx?id=2777812&use=l&cat=p&typeid=i","cat":298543},{"id":56770,"n":"Fleur de sel de Guérande IGP  NRT - 125g","p":2.49,"u":"19,92 €/KG","img":"https://fd11-photos.leclercdrive.fr/image.ashx?id=2644924&use=l&cat=p&typeid=i","cat":284457},{"id":56845,"n":"Bâtonnets de poisson Findus  Colin d'Alaska MSC x16 - 448g","p":4.41,"u":"9,84 €/KG","img":"https://fd11-photos.leclercdrive.fr/image.ashx?id=2650684&use=l&cat=p&typeid=i","cat":319788},{"id":56868,"n":"Bruschetta royale 300g","p":4.15,"u":"13,83 €/KG","img":"https://fd11-photos.leclercdrive.fr/image.ashx?id=1072632&use=l&cat=p&typeid=i","cat":333679},{"id":56869,"n":"Bruschetta savoyarde 300g","p":4.15,"u":"13,83 €/KG","img":"https://fd11-photos.leclercdrive.fr/image.ashx?id=1072635&use=l&cat=p&typeid=i","cat":333679},{"id":56872,"n":"Tartiflette Côté Table  350g","p":2.9,"u":"8,29 €/KG","img":"https://fd11-photos.leclercdrive.fr/image.ashx?id=2970456&use=l&cat=p&typeid=i","cat":284953},{"id":56874,"n":"Lasagnes bolognaise Côté Table Barquette - 350g","p":2.39,"u":"6,83 €/KG","img":"https://fd11-photos.leclercdrive.fr/image.ashx?id=2476164&use=l&cat=p&typeid=i","cat":284953},{"id":56919,"n":"Bière blonde Pelforth 5.8%vol - 20x25cl","p":11.22,"u":"2,24 €/L","img":"https://fd11-photos.leclercdrive.fr/image.ashx?id=2764523&use=l&cat=p&typeid=i","cat":334873},{"id":56935,"n":"Pâte à tartiner Nutella 400g","p":3.33,"u":"8,33 €/KG","img":"https://fd11-photos.leclercdrive.fr/image.ashx?id=2935645&use=l&cat=p&typeid=i","cat":284481},{"id":56953,"n":"Cordons bleus Côté Croc Au poulet x2 - 200g","p":1.59,"u":"7,95 €/KG","img":"https://fd11-photos.leclercdrive.fr/image.ashx?id=2801046&use=l&cat=p&typeid=i","cat":333683},{"id":56967,"n":"Biscuits déli Matin P'tit Deli Pepites chocolat -  600g","p":3.31,"u":"5,52 €/KG","img":"https://fd11-photos.leclercdrive.fr/image.ashx?id=2999514&use=l&cat=p&typeid=i","cat":284491},{"id":56975,"n":"Saucisson sec Saint-Azay Pur porc - 250g","p":4.09,"u":"16,36 €/KG","img":"https://fd11-photos.leclercdrive.fr/image.ashx?id=2861422&use=l&cat=p&typeid=i","cat":316006},{"id":56977,"n":"Yaourt Deli'light Delisse Citron, 0% mg -  4x125g","p":1.45,"u":"2,90 €/KG","img":"https://fd11-photos.leclercdrive.fr/image.ashx?id=2946457&use=l&cat=p&typeid=i","cat":286006},{"id":56978,"n":"Yaourts Deli'light Delisse Fraise - 4x125g","p":1.59,"u":"3,18 €/KG","img":"https://fd11-photos.leclercdrive.fr/image.ashx?id=2883321&use=l&cat=p&typeid=i","cat":315000},{"id":56979,"n":"Yaourts Deli'light Delisse Cerise 0%mg - 4x125g","p":1.45,"u":"2,90 €/KG","img":"https://fd11-photos.leclercdrive.fr/image.ashx?id=2938412&use=l&cat=p&typeid=i","cat":315000},{"id":56992,"n":"Sauce roquefort Ferial  120g","p":1.69,"u":"14,08 €/KG","img":"https://fd11-photos.leclercdrive.fr/image.ashx?id=2636245&use=l&cat=p&typeid=i","cat":284382},{"id":56994,"n":"Pancakes Epi d'or x6 - 200g","p":2.63,"u":"13,15 €/KG","img":"https://fd11-photos.leclercdrive.fr/image.ashx?id=1905500&use=l&cat=p&typeid=i","cat":288858},{"id":56996,"n":"Jus de fruit Jafaden  Pur jus multifruits - 2L","p":2.59,"u":"1,30 €/L","img":"https://fd11-photos.leclercdrive.fr/image.ashx?id=2920196&use=l&cat=p&typeid=i","cat":284917},{"id":57007,"n":"Fromage tartiflette Les Croisés 27%mg - 250g","p":2.88,"u":"11,52 €/KG","img":"https://fd11-photos.leclercdrive.fr/image.ashx?id=2793248&use=l&cat=p&typeid=i","cat":314037},{"id":57017,"n":"Friandises chat Catisfactions Poulet - 60g","p":1.1,"u":"18,33 €/KG","img":"https://fd11-photos.leclercdrive.fr/image.ashx?id=2914762&use=l&cat=p&typeid=i","cat":285285},{"id":57030,"n":"Fromage Morbier NRT AOP  250g","p":3.59,"u":"14,36 €/KG","img":"https://fd11-photos.leclercdrive.fr/image.ashx?id=2624034&use=l&cat=p&typeid=i","cat":329184},{"id":57040,"n":"Bière blanche 1664 Blanc 5° - 6x25cl","p":4.64,"u":"3,09 €/L","img":"https://fd11-photos.leclercdrive.fr/image.ashx?id=2886699&use=l&cat=p&typeid=i","cat":334878},{"id":57044,"n":"Bière blonde Kronenbourg 4,2° - 12x33cl canettes","p":8.08,"u":"2,04 €/L","img":"https://fd11-photos.leclercdrive.fr/image.ashx?id=2854366&use=l&cat=p&typeid=i","cat":334853},{"id":57060,"n":"Choux de Bruxelles 500g","p":1.99,"u":"3,98 €/KG","img":"https://fd11-photos.leclercdrive.fr/image.ashx?id=598741&use=l&cat=p&typeid=i","cat":284352},{"id":57080,"n":"Fromage frais nature Bio Bio village - 4x100g","p":1.85,"u":"4,63 €/KG","img":"https://fd11-photos.leclercdrive.fr/image.ashx?id=2839947&use=l&cat=p&typeid=i","cat":284409},{"id":57129,"n":"Pains au chocolat pur beurre  4x1P","p":1.95,"u":"0,49 €/P","img":"https://fd11-photos.leclercdrive.fr/image.ashx?id=2071046&use=l&cat=p&typeid=i","cat":284984},{"id":57151,"n":"Mousse Délisse Chocolat au lait - 8x60g","p":2.25,"u":"4,69 €/KG","img":"https://fd11-photos.leclercdrive.fr/image.ashx?id=3009517&use=l&cat=p&typeid=i","cat":284417},{"id":57155,"n":"Yaourts à la Grecque Delisse Lit de miel - 4x150g","p":2.89,"u":"4,82 €/KG","img":"https://fd11-photos.leclercdrive.fr/image.ashx?id=2699702&use=l&cat=p&typeid=i","cat":314999},{"id":57156,"n":"Yaourts Delilight Délisse Nature, 0% MG - 4x125g","p":1.09,"u":"2,18 €/KG","img":"https://fd11-photos.leclercdrive.fr/image.ashx?id=2920193&use=l&cat=p&typeid=i","cat":315000},{"id":57189,"n":"Yaourt lait brebis Délisse Citron - 4x125g","p":2.39,"u":"4,78 €/KG","img":"https://fd11-photos.leclercdrive.fr/image.ashx?id=1889797&use=l&cat=p&typeid=i","cat":314998},{"id":57190,"n":"Yaourt brassé Bio Village Myrtille Bio - 4x115g","p":1.45,"u":"3,15 €/KG","img":"https://fd11-photos.leclercdrive.fr/image.ashx?id=2662175&use=l&cat=p&typeid=i","cat":284410},{"id":57274,"n":"Boisson aux fruits Oasis Goût Pomme Cassis Framboise 1L","p":1.71,"u":"1,71 €/L","img":"https://fd11-photos.leclercdrive.fr/image.ashx?id=3011083&use=l&cat=p&typeid=i","cat":295018},{"id":57275,"n":"Boisson aux fruits Oasis Tropical - 1L","p":1.52,"u":"1,52 €/L","img":"https://fd11-photos.leclercdrive.fr/image.ashx?id=2666638&use=l&cat=p&typeid=i","cat":295018},{"id":57284,"n":"AOC Prosecco Riccadonna Extra Dry - 11° - 75cl","p":5.88,"u":"7,84 €/L","img":"https://fd11-photos.leclercdrive.fr/image.ashx?id=2666303&use=l&cat=p&typeid=i","cat":289461},{"id":57288,"n":"Jeunes pousses & roquettes  Bonduelle - 145g","p":2.09,"u":"14,41 €/KG","img":"https://fd11-photos.leclercdrive.fr/image.ashx?id=2862128&use=l&cat=p&typeid=i","cat":284353},{"id":57307,"n":"Pur jus Jafaden Orange, raisin, clémentine, pamplemousse - 1L","p":2.29,"u":"2,29 €/L","img":"https://fd11-photos.leclercdrive.fr/image.ashx?id=2869799&use=l&cat=p&typeid=i","cat":284917},{"id":57314,"n":"Risotto Fleury Michon Poulet et cèpes - 280g","p":3.07,"u":"10,96 €/KG","img":"https://fd11-photos.leclercdrive.fr/image.ashx?id=3003281&use=l&cat=p&typeid=i","cat":333665},{"id":57329,"n":"Ramette Clairefontaine Format A4 - 80g - x400","p":6.85,"img":"https://fd11-photos.leclercdrive.fr/image.ashx?id=1854593&use=l&cat=p&typeid=i","cat":284697},{"id":57354,"n":"Duo de Sel & Poivre La Baleine Sel 50G - Poivre 18G","p":2.29,"u":"33,68 €/KG","img":"https://fd11-photos.leclercdrive.fr/image.ashx?id=1752097&use=l&cat=p&typeid=i","cat":284457},{"id":57683,"n":"Lait éveil Lactel Nature 12 mois à 36 mois - 12x25cl","p":7.97,"u":"2,66 €/L","img":"https://fd11-photos.leclercdrive.fr/image.ashx?id=2741478&use=l&cat=p&typeid=i","cat":284728},{"id":57685,"n":"Pots bébé bio Babybio Légumes poulet - 6 mois - 400g","p":2.9,"u":"7,25 €/KG","img":"https://fd11-photos.leclercdrive.fr/image.ashx?id=2827422&use=l&cat=p&typeid=i","cat":312236},{"id":57688,"n":"Bols soir bébé bio Babybio Purée, courgette -8 mois-2x200g","p":2.86,"u":"7,15 €/KG","img":"https://fd11-photos.leclercdrive.fr/image.ashx?id=2859365&use=l&cat=p&typeid=i","cat":312239},{"id":57690,"n":"Assiette bébé soir bio Babybio Gratin de légumes -15 mois-260g","p":2.01,"u":"7,73 €/KG","img":"https://fd11-photos.leclercdrive.fr/image.ashx?id=2827539&use=l&cat=p&typeid=i","cat":312239},{"id":57691,"n":"Gourde bébé Babybio Bio 6 mois Pomme/poire/pêche - 4x90g","p":3.14,"u":"8,72 €/KG","img":"https://fd11-photos.leclercdrive.fr/image.ashx?id=2733319&use=l&cat=p&typeid=i","cat":312393},{"id":57693,"n":"Crème dessert bébé bio Babybio  Semoule cacao -8 mois- 4x85g","p":3.54,"u":"10,41 €/KG","img":"https://fd11-photos.leclercdrive.fr/image.ashx?id=2834527&use=l&cat=p&typeid=i","cat":312393},{"id":57696,"n":"Pots bébé bio Babybio - 6 mois  Légumes pâtes boeuf - 2x200g","p":2.93,"u":"7,33 €/KG","img":"https://fd11-photos.leclercdrive.fr/image.ashx?id=2838301&use=l&cat=p&typeid=i","cat":312236},{"id":57697,"n":"Pots bébé bio Babybio Panais jambon - 6 mois - 2x200g","p":3.6,"u":"9,00 €/KG","img":"https://fd11-photos.leclercdrive.fr/image.ashx?id=2838304&use=l&cat=p&typeid=i","cat":312236},{"id":57703,"n":"Bols bébé soir bio Babybio Légumes pâtes - 8 mois - 2x200g","p":2.74,"u":"6,85 €/KG","img":"https://fd11-photos.leclercdrive.fr/image.ashx?id=2838311&use=l&cat=p&typeid=i","cat":312239},{"id":57705,"n":"Compote bébé Babybio Bio 4 mois Mirabelle Pomme - 2x130g","p":1.94,"u":"7,46 €/KG","img":"https://fd11-photos.leclercdrive.fr/image.ashx?id=2834518&use=l&cat=p&typeid=i","cat":312387},{"id":57710,"n":"Assiette Babybio bio Panais petits pois canard- 260g","p":2.16,"u":"8,31 €/KG","img":"https://fd11-photos.leclercdrive.fr/image.ashx?id=2827536&use=l&cat=p&typeid=i","cat":312238},{"id":57713,"n":"Vin Union européenne blanc Lichette Alouettes - 5L","p":10.11,"u":"2,02 €/L","img":"https://fd11-photos.leclercdrive.fr/image.ashx?id=2859194&use=l&cat=p&typeid=i","cat":289557},{"id":57741,"n":"Lait - Nidal Nestlé 2e âge - 2 sachets de 350g","p":9.31,"u":"13,30 €/KG","img":"https://fd11-photos.leclercdrive.fr/image.ashx?id=2343390&use=l&cat=p&typeid=i","cat":284727},{"id":57742,"n":"Lait croissance Guigoz Gest 3e âge - dès 12 mois - 800g","p":12.48,"u":"15,60 €/KG","img":"https://fd11-photos.leclercdrive.fr/image.ashx?id=2895023&use=l&cat=p&typeid=i","cat":290219},{"id":57767,"n":"Tablette de chocolat noir Lindt Framboise intense - 100g","p":2.28,"u":"22,80 €/KG","img":"https://fd11-photos.leclercdrive.fr/image.ashx?id=2689484&use=l&cat=p&typeid=i","cat":318654},{"id":57768,"n":"Tablette de chocolat noir Lindt Sésame grillé - 100g","p":2.23,"u":"22,30 €/KG","img":"https://fd11-photos.leclercdrive.fr/image.ashx?id=2689490&use=l&cat=p&typeid=i","cat":284956},{"id":57779,"n":"Capsules café Plantation Espresso n°5 - x16 - 92g","p":2.69,"u":"29,24 €/KG","img":"https://fd11-photos.leclercdrive.fr/image.ashx?id=2649729&use=l&cat=p&typeid=i","cat":293239},{"id":57782,"n":"Capsules café Plantation Cappuccino - 2x8 - 166g","p":3.45,"u":"20,78 €/KG","img":"https://fd11-photos.leclercdrive.fr/image.ashx?id=2856558&use=l&cat=p&typeid=i","cat":293239},{"id":57783,"n":"Capsules café Plantation Espresso forte n°7 - x16 - 105g","p":2.99,"u":"28,48 €/KG","img":"https://fd11-photos.leclercdrive.fr/image.ashx?id=2649732&use=l&cat=p&typeid=i","cat":293239},{"id":57785,"n":"Capsules café Plantation Lungo n°6 - x16 - 99.2g","p":2.69,"u":"27,17 €/KG","img":"https://fd11-photos.leclercdrive.fr/image.ashx?id=2649735&use=l&cat=p&typeid=i","cat":293239},{"id":57786,"n":"Capsules café Plantation Gigante n°5 - x16 - 112g","p":2.99,"u":"26,70 €/KG","img":"https://fd11-photos.leclercdrive.fr/image.ashx?id=2649738&use=l&cat=p&typeid=i","cat":293239},{"id":57796,"n":"Bonbons KINDER Schoko-Bons Chocolat au lait - 300G","p":5.0,"u":"16,67 €/KG","img":"https://fd11-photos.leclercdrive.fr/image.ashx?id=2439692&use=l&cat=p&typeid=i","cat":304238},{"id":57804,"n":"Tomato Ketchup Heinz - 570g","p":2.25,"u":"3,95 €/KG","img":"https://fd11-photos.leclercdrive.fr/image.ashx?id=2924944&use=l&cat=p&typeid=i","cat":284455},{"id":57812,"n":"Petits pots bébé P'TITE RECETTE Couscous 8M+ - 2x200g","p":1.77,"u":"4,43 €/KG","img":"https://fd11-photos.leclercdrive.fr/image.ashx?id=2525696&use=l&cat=p&typeid=i","cat":312236},{"id":57813,"n":"Petits pots bébé P'TITE RECETTE Poulet Basquais 15M+ - 2 x 200g","p":2.13,"u":"5,33 €/KG","img":"https://fd11-photos.leclercdrive.fr/image.ashx?id=2737042&use=l&cat=p&typeid=i","cat":312238},{"id":57814,"n":"Petits pots bébé P'TITE RECETTE Hachis Parmentier 8M+ - 2x200g","p":1.81,"u":"4,53 €/KG","img":"https://fd11-photos.leclercdrive.fr/image.ashx?id=2629689&use=l&cat=p&typeid=i","cat":312236},{"id":57815,"n":"Petits pots bébé P'TITE RECETTE Spaghetti bolognaise 8m -2x200g","p":1.82,"u":"4,55 €/KG","img":"https://fd11-photos.leclercdrive.fr/image.ashx?id=2629683&use=l&cat=p&typeid=i","cat":312236},{"id":57816,"n":"Petits pots bébé P'TITE RECETTE Pot au feu 8M+ - 2x200g","p":2.09,"u":"5,23 €/KG","img":"https://fd11-photos.leclercdrive.fr/image.ashx?id=2518415&use=l&cat=p&typeid=i","cat":312236},{"id":57821,"n":"Petits pots bébé PTIT SOUPER pâtes courgettes 6M+ - 2x200g","p":2.05,"u":"5,13 €/KG","img":"https://fd11-photos.leclercdrive.fr/image.ashx?id=2526523&use=l&cat=p&typeid=i","cat":312239},{"id":57823,"n":"Petits pots bébé P'TIT SOUPER Carottes semoule 6M+ - 2x200g","p":1.86,"u":"4,65 €/KG","img":"https://fd11-photos.leclercdrive.fr/image.ashx?id=2527109&use=l&cat=p&typeid=i","cat":312239},{"id":57824,"n":"Petits pots bébé P'TIT SOUPER Risotto carottes 12M+ - 2x200g","p":2.0,"u":"5,00 €/KG","img":"https://fd11-photos.leclercdrive.fr/image.ashx?id=2526526&use=l&cat=p&typeid=i","cat":312239},{"id":57883,"n":"Petits pots bébé P'TITE RECETTE  riz dinde 12M+ - 2x200g","p":1.82,"u":"4,55 €/KG","img":"https://fd11-photos.leclercdrive.fr/image.ashx?id=2629686&use=l&cat=p&typeid=i","cat":312237},{"id":57953,"n":"Papier cuisson Albal x16 feuilles","p":1.91,"img":"https://fd11-photos.leclercdrive.fr/image.ashx?id=2551447&use=l&cat=p&typeid=i","cat":334134},{"id":57956,"n":"Serviettes fuites urinaires  TENA Discreet - Mini - x20","p":3.52,"u":"0,18 €/P","img":"https://fd11-photos.leclercdrive.fr/image.ashx?id=2597241&use=l&cat=p&typeid=i","cat":284628},{"id":57958,"n":"Eau de toilette Alix De Faure Nature de feu - 100ml","p":4.55,"u":"45,50 €/L","img":"https://fd11-photos.leclercdrive.fr/image.ashx?id=2741300&use=l&cat=p&typeid=i","cat":287740},{"id":57984,"n":"Râpe Électrique 2 en 1 Exfoliante et Lissante Pieds","p":23.88,"u":"Dont 0,17 € d'éco-part.","img":"https://fd11-photos.leclercdrive.fr/image.ashx?id=2457473&use=l&cat=p&typeid=i","cat":325354},{"id":58119,"n":"Madeleines longue pépites sucre Le Ster x20 - 250g","p":1.56,"u":"6,24 €/KG","img":"https://fd11-photos.leclercdrive.fr/image.ashx?id=2962566&use=l&cat=p&typeid=i","cat":284492},{"id":58122,"n":"Colin d'Alaska Findus Façon meuniere - x2 - 250g","p":3.16,"u":"12,64 €/KG","img":"https://fd11-photos.leclercdrive.fr/image.ashx?id=2654914&use=l&cat=p&typeid=i","cat":319788},{"id":58143,"n":"Soin de jour L'Oréal Paris Age Perfect anti-âge - 50ml","p":8.43,"pp":5.56,"u":"111,20 €/L","img":"https://fd11-photos.leclercdrive.fr/image.ashx?id=2769744&use=l&cat=p&typeid=i","cat":325345},{"id":58154,"n":"Serpillère Sillage Blanche grand format 60x100","p":2.75,"img":"https://fd11-photos.leclercdrive.fr/image.ashx?id=1297317&use=l&cat=p&typeid=i","cat":284669},{"id":58156,"n":"Manche acier Elephant  Anti-glisse - x1","p":3.42,"img":"https://fd11-photos.leclercdrive.fr/image.ashx?id=2571476&use=l&cat=p&typeid=i","cat":284669},{"id":58157,"n":"Balai Elephant  Anti-chocs, ultra-protect - x1","p":7.44,"img":"https://fd11-photos.leclercdrive.fr/image.ashx?id=2571482&use=l&cat=p&typeid=i","cat":284669},{"id":58164,"n":"Pelle-balayette Elephant Grande capacité - x1","p":4.89,"img":"https://fd11-photos.leclercdrive.fr/image.ashx?id=2571488&use=l&cat=p&typeid=i","cat":284669},{"id":58174,"n":"Ensemble WC Elephant Sanitized -x 1","p":9.69,"img":"https://fd11-photos.leclercdrive.fr/image.ashx?id=2575549&use=l&cat=p&typeid=i","cat":284669},{"id":58191,"n":"Lait croissance Éveil Lactel Nature - 8x1L","p":13.75,"u":"1,72 €/L","img":"https://fd11-photos.leclercdrive.fr/image.ashx?id=2628872&use=l&cat=p&typeid=i","cat":284728},{"id":58202,"n":"Désodorisant Bien Air Floral - 300ml","p":1.09,"u":"3,63 €/L","img":"https://fd11-photos.leclercdrive.fr/image.ashx?id=2614573&use=l&cat=p&typeid=i","cat":311626},{"id":58203,"n":"Désodorisant Bien Air  Fruits rouges - 300ml","p":1.35,"u":"4,50 €/L","img":"https://fd11-photos.leclercdrive.fr/image.ashx?id=2613723&use=l&cat=p&typeid=i","cat":311626},{"id":58205,"n":"Désodorisant Bien Air Vanille - 300ml","p":1.09,"u":"3,63 €/L","img":"https://fd11-photos.leclercdrive.fr/image.ashx?id=2613726&use=l&cat=p&typeid=i","cat":311626},{"id":58214,"n":"Carré gourmand Garden Gourmet Tomates et mozzarella 160g","p":2.23,"u":"13,94 €/KG","img":"https://fd11-photos.leclercdrive.fr/image.ashx?id=3009107&use=l&cat=p&typeid=i","cat":316036},{"id":58218,"n":"Croissants Côté Table Jambon emmental - 2x170g","p":2.92,"u":"8,59 €/KG","img":"https://fd11-photos.leclercdrive.fr/image.ashx?id=2885128&use=l&cat=p&typeid=i","cat":333671},{"id":58220,"n":"Quenelles Côté Table x6 - 240g","p":1.21,"u":"5,04 €/KG","img":"https://fd11-photos.leclercdrive.fr/image.ashx?id=2858836&use=l&cat=p&typeid=i","cat":333682},{"id":58222,"n":"Nuggets Côté Croc Fromage - 180g","p":1.84,"u":"10,22 €/KG","img":"https://fd11-photos.leclercdrive.fr/image.ashx?id=2462260&use=l&cat=p&typeid=i","cat":333684},{"id":58232,"n":"Pâte feuilletée Tablier Blanc Rectangulaire - 230g","p":1.14,"u":"4,96 €/KG","img":"https://fd11-photos.leclercdrive.fr/image.ashx?id=2635931&use=l&cat=p&typeid=i","cat":333681},{"id":58365,"n":"Tartelettes Chocolat P'tit Déli Fourrées au lait - 225g","p":1.39,"u":"6,18 €/KG","img":"https://fd11-photos.leclercdrive.fr/image.ashx?id=2523715&use=l&cat=p&typeid=i","cat":284488},{"id":58428,"n":"Sachet fraicheur chat Sheba Boeuf poulet en sauce - 6x50g","p":2.49,"u":"8,30 €/KG","img":"https://fd11-photos.leclercdrive.fr/image.ashx?id=2895927&use=l&cat=p&typeid=i","cat":285286},{"id":58444,"n":"Cacahuètes Benenuts-Twinuts Nature format familial - 260g","p":1.91,"u":"7,35 €/KG","img":"https://fd11-photos.leclercdrive.fr/image.ashx?id=2967744&use=l&cat=p&typeid=i","cat":284448},{"id":58450,"n":"Tomates pelées entières D'aucy 476g","p":1.57,"u":"3,30 €/KG","img":"https://fd11-photos.leclercdrive.fr/image.ashx?id=2751996&use=l&cat=p&typeid=i","cat":312608},{"id":58453,"n":"Sachets repas chats Gourmet Mon Petit - Volaille - 6x50g","p":2.48,"u":"8,27 €/KG","img":"https://fd11-photos.leclercdrive.fr/image.ashx?id=2899689&use=l&cat=p&typeid=i","cat":285286},{"id":58459,"n":"Croquettes chat Purina One Adulte - Boeuf/Céréales - 1.5Kg","p":6.48,"u":"4,32 €/KG","img":"https://fd11-photos.leclercdrive.fr/image.ashx?id=2433548&use=l&cat=p&typeid=i","cat":284680},{"id":58463,"n":"Gâche tranchée La Fournée Dorée 500g","p":2.16,"u":"4,32 €/KG","img":"https://fd11-photos.leclercdrive.fr/image.ashx?id=2277956&use=l&cat=p&typeid=i","cat":284478},{"id":58490,"n":"Sauce Béchamel Maggi 350ml","p":1.5,"u":"4,29 €/L","img":"https://fd11-photos.leclercdrive.fr/image.ashx?id=2977726&use=l&cat=p&typeid=i","cat":288381},{"id":58505,"n":"Bière blonde Heineken Sans alcool - 6x25cl","p":4.17,"u":"2,78 €/L","img":"https://fd11-photos.leclercdrive.fr/image.ashx?id=2948528&use=l&cat=p&typeid=i","cat":334877},{"id":58508,"n":"Lait demi-écrémé Eco+ UHT Bouteille -  1L","p":0.96,"u":"0,96 €/L","img":"https://fd11-photos.leclercdrive.fr/image.ashx?id=2690898&use=l&cat=p&typeid=i","cat":284377},{"id":58510,"n":"Jambon cru fumé Eco+ 14 tranches - 200g","p":1.96,"u":"9,80 €/KG","img":"https://fd11-photos.leclercdrive.fr/image.ashx?id=2779172&use=l&cat=p&typeid=i","cat":316007},{"id":58518,"n":"Tortellini à la viande Eco+ 500g","p":1.74,"u":"3,48 €/KG","img":"https://fd11-photos.leclercdrive.fr/image.ashx?id=2606795&use=l&cat=p&typeid=i","cat":333682},{"id":58525,"n":"Salade choux rouge  Menu fraîcheur - 300g","p":1.81,"u":"6,03 €/KG","img":"https://fd11-photos.leclercdrive.fr/image.ashx?id=2901458&use=l&cat=p&typeid=i","cat":333657},{"id":58529,"n":"Pâte à tartiner L.Georgelin Cacao noisettes - 400g","p":4.56,"u":"11,40 €/KG","img":"https://fd11-photos.leclercdrive.fr/image.ashx?id=1557088&use=l&cat=p&typeid=i","cat":284481},{"id":58547,"n":"Duo de raisins moelleux Couleurs Vives - 250g","p":2.25,"u":"9,00 €/KG","img":"https://fd11-photos.leclercdrive.fr/image.ashx?id=2659262&use=l&cat=p&typeid=i","cat":284357},{"id":58548,"n":"Sachets repas chats Purina One Sauce boeuf poulet x4 - 340g","p":1.98,"u":"5,82 €/KG","img":"https://fd11-photos.leclercdrive.fr/image.ashx?id=2468239&use=l&cat=p&typeid=i","cat":285286},{"id":58577,"n":"Dessert bébé lacté Blédina 6m Abricot - 6x55g","p":2.38,"u":"7,21 €/KG","img":"https://fd11-photos.leclercdrive.fr/image.ashx?id=2952448&use=l&cat=p&typeid=i","cat":312392},{"id":58578,"n":"Dessert bébé lacté Blédina 6m Fraise - 6x55g","p":2.2,"u":"6,67 €/KG","img":"https://fd11-photos.leclercdrive.fr/image.ashx?id=2952451&use=l&cat=p&typeid=i","cat":312392},{"id":58618,"n":"Tarte Côté Table Saumon Poireau - 400g","p":3.09,"u":"7,73 €/KG","img":"https://fd11-photos.leclercdrive.fr/image.ashx?id=2791821&use=l&cat=p&typeid=i","cat":284257},{"id":58625,"n":"Cœurs de palmiers Géant Vert - 220g","p":3.56,"u":"16,18 €/KG","img":"https://fd11-photos.leclercdrive.fr/image.ashx?id=2840560&use=l&cat=p&typeid=i","cat":312611},{"id":58646,"n":"Fromage AOP Comté Jura Flore 9 mois - 200g","p":3.92,"u":"19,60 €/KG","img":"https://fd11-photos.leclercdrive.fr/image.ashx?id=2765243&use=l&cat=p&typeid=i","cat":314036},{"id":58648,"n":"Comté AOP  15 mois - 200g","p":4.68,"u":"23,40 €/KG","img":"https://fd11-photos.leclercdrive.fr/image.ashx?id=2692575&use=l&cat=p&typeid=i","cat":314034},{"id":58650,"n":"Pizza Merveillosa Turini 4 fromages - 340g","p":2.11,"u":"6,21 €/KG","img":"https://fd11-photos.leclercdrive.fr/image.ashx?id=2815244&use=l&cat=p&typeid=i","cat":284256},{"id":58651,"n":"Pizza bords fourrés au fromage  Turini 3 fromages - 450g","p":4.15,"u":"9,22 €/KG","img":"https://fd11-photos.leclercdrive.fr/image.ashx?id=2816582&use=l&cat=p&typeid=i","cat":284256},{"id":58652,"n":"Pizza à partager Turini 3 fromages - 500g","p":2.79,"u":"5,58 €/KG","img":"https://fd11-photos.leclercdrive.fr/image.ashx?id=2816588&use=l&cat=p&typeid=i","cat":284256},{"id":58655,"n":"Poêlée fermière Notre Jardin 750g","p":2.89,"u":"3,85 €/KG","img":"https://fd11-photos.leclercdrive.fr/image.ashx?id=2878597&use=l&cat=p&typeid=i","cat":319823},{"id":58674,"n":"Saucisse de veau x6 - 330g","p":4.48,"u":"13,58 €/KG","img":"https://fd11-photos.leclercdrive.fr/image.ashx?id=2831284&use=l&cat=p&typeid=i","cat":284334},{"id":58676,"n":"Saucisses fumées Férial x4 - 360g","p":3.99,"u":"11,08 €/KG","img":"https://fd11-photos.leclercdrive.fr/image.ashx?id=2693156&use=l&cat=p&typeid=i","cat":316012},{"id":58686,"n":"Mini moelleux au chocolat Autour du Dessert - 8x24g","p":4.79,"u":"24,95 €/KG","img":"https://fd11-photos.leclercdrive.fr/image.ashx?id=2070045&use=l&cat=p&typeid=i","cat":284267},{"id":58693,"n":"Galettes de pommes de terre NRT à l'Alsacienne - 670g","p":2.99,"u":"4,46 €/KG","img":"https://fd11-photos.leclercdrive.fr/image.ashx?id=2699822&use=l&cat=p&typeid=i","cat":319792},{"id":58715,"n":"Mini croque monsieur Côté Table x20 - 240g","p":4.64,"u":"19,33 €/KG","img":"https://fd11-photos.leclercdrive.fr/image.ashx?id=2919622&use=l&cat=p&typeid=i","cat":319774},{"id":58716,"n":"Duo de Courgettes Notre Jardin Tomates - 900g","p":2.45,"u":"2,72 €/KG","img":"https://fd11-photos.leclercdrive.fr/image.ashx?id=2404290&use=l&cat=p&typeid=i","cat":319823},{"id":58740,"n":"Haché à cuisiner Charal Happy Family - 600g","p":7.34,"u":"12,23 €/KG","img":"https://fd11-photos.leclercdrive.fr/image.ashx?id=2977330&use=l&cat=p&typeid=i","cat":319779},{"id":58741,"n":"Fèves non pelées Notre Jardin 1kg","p":3.49,"u":"3,49 €/KG","img":"https://fd11-photos.leclercdrive.fr/image.ashx?id=2873147&use=l&cat=p&typeid=i","cat":319805},{"id":58826,"n":"Viande hachée 5% MG Férial 500g","p":8.09,"u":"16,18 €/KG","img":"https://fd11-photos.leclercdrive.fr/image.ashx?id=2903995&use=l&cat=p&typeid=i","cat":284332},{"id":58939,"n":"Yaourt à boire Actimel fraise - 12x100g","p":3.91,"u":"3,26 €/KG","img":"https://fd11-photos.leclercdrive.fr/image.ashx?id=2996458&use=l&cat=p&typeid=i","cat":284415},{"id":58944,"n":"Yaourts à boire Actimel Nature - 12x100g","p":3.9,"u":"3,25 €/KG","img":"https://fd11-photos.leclercdrive.fr/image.ashx?id=2996461&use=l&cat=p&typeid=i","cat":284415},{"id":58946,"n":"Yaourts à boire Actimel Multifruits - 8x100g","p":3.25,"u":"4,06 €/KG","img":"https://fd11-photos.leclercdrive.fr/image.ashx?id=2996464&use=l&cat=p&typeid=i","cat":284415},{"id":58952,"n":"Yaourts à boire Actimel framboise fruit rouge - 12x100g","p":4.94,"u":"4,12 €/KG","img":"https://fd11-photos.leclercdrive.fr/image.ashx?id=2996476&use=l&cat=p&typeid=i","cat":284415},{"id":59025,"n":"Pur beurre cacahuète Jardin Bio Bio - 350g","p":3.72,"u":"10,63 €/KG","img":"https://fd11-photos.leclercdrive.fr/image.ashx?id=3000312&use=l&cat=p&typeid=i","cat":284481},{"id":59038,"n":"Café moulu L'Or Intense 100% Arabica - 2x250g","p":8.52,"u":"17,04 €/KG","img":"https://fd11-photos.leclercdrive.fr/image.ashx?id=2020062&use=l&cat=p&typeid=i","cat":284750},{"id":59041,"n":"Céréales Extra Kellogg's Chocolat au lait - 800g","p":4.78,"u":"5,98 €/KG","img":"https://fd11-photos.leclercdrive.fr/image.ashx?id=2694941&use=l&cat=p&typeid=i","cat":309512},{"id":59091,"n":"Gousse vanille Vahiné Papouasie - 3g","p":4.77,"img":"https://fd11-photos.leclercdrive.fr/image.ashx?id=2559877&use=l&cat=p&typeid=i","cat":284504},{"id":59235,"n":"Café dosettes Tassimo L'Or Café Long Classique x24","p":6.61,"u":"42,37 €/KG","img":"https://fd11-photos.leclercdrive.fr/image.ashx?id=2100356&use=l&cat=p&typeid=i","cat":293240},{"id":59242,"n":"Gourde bébé Babybio Bio 6 mois Abricot/banane/pomme - 360g","p":3.46,"u":"9,61 €/KG","img":"https://fd11-photos.leclercdrive.fr/image.ashx?id=2850548&use=l&cat=p&typeid=i","cat":312393},{"id":59252,"n":"Café dosettes Tassimo Maxwell House - caramel x8","p":5.9,"u":"22,01 €/KG","img":"https://fd11-photos.leclercdrive.fr/image.ashx?id=2100254&use=l&cat=p&typeid=i","cat":293240},{"id":59253,"n":"Café dosettes Tassimo L'Or Petit Déjeuner Classique x24","p":6.94,"u":"34,87 €/KG","img":"https://fd11-photos.leclercdrive.fr/image.ashx?id=2100365&use=l&cat=p&typeid=i","cat":293240},{"id":59257,"n":"Café dosettes Tassimo Grand-mère - petit déjeuner x16","p":3.51,"u":"26,39 €/KG","img":"https://fd11-photos.leclercdrive.fr/image.ashx?id=2100359&use=l&cat=p&typeid=i","cat":293240},{"id":59271,"n":"Sauce tomate cuisinée Panzani Ail et oignon - 500g","p":1.64,"u":"3,28 €/KG","img":"https://fd11-photos.leclercdrive.fr/image.ashx?id=2884303&use=l&cat=p&typeid=i","cat":288384},{"id":59284,"n":"Maoam Mixx Haribo Sachet bonbons - 250g","p":1.81,"u":"7,24 €/KG","img":"https://fd11-photos.leclercdrive.fr/image.ashx?id=2876956&use=l&cat=p&typeid=i","cat":304250},{"id":59287,"n":"Cornichons Rustica 6 épices - 360g","p":2.31,"u":"6,42 €/KG","img":"https://fd11-photos.leclercdrive.fr/image.ashx?id=2916710&use=l&cat=p&typeid=i","cat":284458},{"id":59288,"n":"IGP Gros sel - Le Guérandais Sachet - 800g","p":1.27,"u":"1,59 €/KG","img":"https://fd11-photos.leclercdrive.fr/image.ashx?id=2458622&use=l&cat=p&typeid=i","cat":284457},{"id":59291,"n":"Sauce bolognaise Bio Village  Bio - 350g","p":1.69,"u":"4,83 €/KG","img":"https://fd11-photos.leclercdrive.fr/image.ashx?id=2753381&use=l&cat=p&typeid=i","cat":287599},{"id":59292,"n":"Œufs au plat Haribo Sachet bonbons - 300g","p":1.47,"u":"4,90 €/KG","img":"https://fd11-photos.leclercdrive.fr/image.ashx?id=2984892&use=l&cat=p&typeid=i","cat":304250},{"id":59293,"n":"Sauce provençale Bio Village  Bio - 350g","p":1.63,"u":"4,66 €/KG","img":"https://fd11-photos.leclercdrive.fr/image.ashx?id=2712995&use=l&cat=p&typeid=i","cat":287599},{"id":59296,"n":"Sauce tomate Bio Village  Basilic bio - 350g","p":1.63,"u":"4,66 €/KG","img":"https://fd11-photos.leclercdrive.fr/image.ashx?id=2696289&use=l&cat=p&typeid=i","cat":287599},{"id":59299,"n":"Bonbons KINDER Schoko-Bons Chocolat au lait - 225G","p":3.47,"u":"15,42 €/KG","img":"https://fd11-photos.leclercdrive.fr/image.ashx?id=2679633&use=l&cat=p&typeid=i","cat":304238},{"id":59307,"n":"Miami Pik Haribo Sachet bonbons acidulés - 200g","p":1.37,"u":"6,85 €/KG","img":"https://fd11-photos.leclercdrive.fr/image.ashx?id=2984895&use=l&cat=p&typeid=i","cat":304250},{"id":59311,"n":"Olives Apéro Tramier  À l'Ail 150g","p":2.16,"u":"14,40 €/KG","img":"https://fd11-photos.leclercdrive.fr/image.ashx?id=2639299&use=l&cat=p&typeid=i","cat":284458},{"id":59314,"n":"Huile d'Olive Tramier  Vierge Extra Biologique 75cl","p":8.99,"u":"11,99 €/L","img":"https://fd11-photos.leclercdrive.fr/image.ashx?id=2803916&use=l&cat=p&typeid=i","cat":284453},{"id":59319,"n":"Penne rigate Tradizioni Italia N°133 - 500g","p":1.52,"u":"3,04 €/KG","img":"https://fd11-photos.leclercdrive.fr/image.ashx?id=2657316&use=l&cat=p&typeid=i","cat":284427},{"id":59339,"n":"Barquette chien sénior Cesar Terrine en gelée - 4x150g","p":3.78,"u":"6,30 €/KG","img":"https://fd11-photos.leclercdrive.fr/image.ashx?id=2091320&use=l&cat=p&typeid=i","cat":284673},{"id":59340,"n":"Barquette chien Cesar Terrine cœur légumes - 4x150g","p":3.8,"u":"6,33 €/KG","img":"https://fd11-photos.leclercdrive.fr/image.ashx?id=2091317&use=l&cat=p&typeid=i","cat":284673},{"id":59341,"n":"Barquette chien Cesar Terrine du jardin - 4x150g","p":3.59,"u":"5,98 €/KG","img":"https://fd11-photos.leclercdrive.fr/image.ashx?id=2091314&use=l&cat=p&typeid=i","cat":284673},{"id":59345,"n":"Rigatoni Tradizioni d'Italia N°124 - 500g","p":1.69,"u":"3,38 €/KG","img":"https://fd11-photos.leclercdrive.fr/image.ashx?id=2657325&use=l&cat=p&typeid=i","cat":284427},{"id":59499,"n":"Bière Chouffe Blonde 75cl","p":4.51,"u":"6,01 €/L","img":"https://fd11-photos.leclercdrive.fr/image.ashx?id=2959199&use=l&cat=p&typeid=i","cat":334872},{"id":59553,"n":"Croustilles  Belin  Emmental - 138g","p":1.21,"u":"8,77 €/KG","img":"https://fd11-photos.leclercdrive.fr/image.ashx?id=3002267&use=l&cat=p&typeid=i","cat":284449},{"id":59556,"n":"Croustilles Belin Cacahuète - 138g","p":1.26,"u":"9,13 €/KG","img":"https://fd11-photos.leclercdrive.fr/image.ashx?id=3002270&use=l&cat=p&typeid=i","cat":284449},{"id":59563,"n":"Galette de maïs GERBLE Chocolat au lait - 124g","p":1.71,"u":"13,79 €/KG","img":"https://fd11-photos.leclercdrive.fr/image.ashx?id=2664034&use=l&cat=p&typeid=i","cat":318651},{"id":59565,"n":"Pâte à tartiner Nustikao 1kg","p":4.25,"u":"4,25 €/KG","img":"https://fd11-photos.leclercdrive.fr/image.ashx?id=3012860&use=l&cat=p&typeid=i","cat":284481},{"id":59601,"n":"Bière blonde 3 Monts 6x33cl","p":7.64,"u":"3,86 €/L","img":"https://fd11-photos.leclercdrive.fr/image.ashx?id=2548189&use=l&cat=p&typeid=i","cat":334852},{"id":59685,"n":"Salade Saupiquet Les Saladières Parisiennes-220g","p":2.6,"u":"11,82 €/KG","img":"https://fd11-photos.leclercdrive.fr/image.ashx?id=2907578&use=l&cat=p&typeid=i","cat":284437},{"id":59695,"n":"Yaourt à la grecque YAOS Vanille - 4x125g","p":2.54,"u":"5,08 €/KG","img":"https://fd11-photos.leclercdrive.fr/image.ashx?id=3007972&use=l&cat=p&typeid=i","cat":314999},{"id":59714,"n":"Cacahuètes Tokapi  Grillées à sec - 200g","p":0.78,"u":"3,90 €/KG","img":"https://fd11-photos.leclercdrive.fr/image.ashx?id=2799781&use=l&cat=p&typeid=i","cat":284448},{"id":59715,"n":"Double concentré de tomates Tube - 200g","p":1.35,"u":"6,75 €/KG","img":"https://fd11-photos.leclercdrive.fr/image.ashx?id=2072728&use=l&cat=p&typeid=i","cat":288384},{"id":59718,"n":"Saumon tagliatelles D'Aucy Micro-ondes - 300g","p":2.83,"u":"9,43 €/KG","img":"https://fd11-photos.leclercdrive.fr/image.ashx?id=2117168&use=l&cat=p&typeid=i","cat":284953},{"id":59774,"n":"Sérum physiologique Biolane 30x5ml","p":3.34,"u":"22,27 €/L","img":"https://fd11-photos.leclercdrive.fr/image.ashx?id=2733232&use=l&cat=p&typeid=i","cat":284741},{"id":59810,"n":"Chewing-gum 2FruityHollywood Fraise citron vert - 66g","p":1.7,"u":"25,76 €/KG","img":"https://fd11-photos.leclercdrive.fr/image.ashx?id=2670065&use=l&cat=p&typeid=i","cat":304251},{"id":59832,"n":"Secret de crème Président Semi-épaisse 25%mg - 3x20cl","p":3.97,"u":"6,62 €/L","img":"https://fd11-photos.leclercdrive.fr/image.ashx?id=2699861&use=l&cat=p&typeid=i","cat":284381},{"id":59952,"n":"Cocotte ovale Pyrex  En verre - 5.8L","p":23.51,"img":"https://fd11-photos.leclercdrive.fr/image.ashx?id=2576910&use=l&cat=p&typeid=i","cat":298490},{"id":59978,"n":"Gomme Bic Effaçage doux - 1 pièce","p":0.8,"img":"https://fd11-photos.leclercdrive.fr/image.ashx?id=2239429&use=l&cat=p&typeid=i","cat":334133},{"id":59979,"n":"Stylo Roller rechargeable Pilot Rétractable encre effaçable","p":2.93,"img":"https://fd11-photos.leclercdrive.fr/image.ashx?id=2535816&use=l&cat=p&typeid=i","cat":284696},{"id":59980,"n":"Stylo Roller rechargeable Pilot Rétractable encre effaçable","p":2.93,"img":"https://fd11-photos.leclercdrive.fr/image.ashx?id=2558933&use=l&cat=p&typeid=i","cat":284696},{"id":59983,"n":"Stylo Roller rechargeable Pilot Rétractable encre effaçable -x3","p":7.28,"u":"2,43 €/P","img":"https://fd11-photos.leclercdrive.fr/image.ashx?id=2935951&use=l&cat=p&typeid=i","cat":284696},{"id":60015,"n":"Pancakes Pasquier x10 - 350g","p":1.95,"u":"5,57 €/KG","img":"https://fd11-photos.leclercdrive.fr/image.ashx?id=2688878&use=l&cat=p&typeid=i","cat":284495},{"id":60029,"n":"Brioche Harrys Mini Tressée Nature au sucre perlé - 210g","p":1.88,"u":"8,95 €/KG","img":"https://fd11-photos.leclercdrive.fr/image.ashx?id=2667742&use=l&cat=p&typeid=i","cat":284478},{"id":60140,"n":"Falafels Céréal Bio  Pois chiches épinards Bio- 180g","p":2.82,"u":"15,67 €/KG","img":"https://fd11-photos.leclercdrive.fr/image.ashx?id=2657430&use=l&cat=p&typeid=i","cat":316036},{"id":60165,"n":"Boisson végétale Alpro noisette - 1l","p":2.18,"u":"2,18 €/L","img":"https://fd11-photos.leclercdrive.fr/image.ashx?id=2849602&use=l&cat=p&typeid=i","cat":316067},{"id":60168,"n":"fromage blanc jockey Nature 3%MG - 8x100g","p":2.45,"u":"3,06 €/KG","img":"https://fd11-photos.leclercdrive.fr/image.ashx?id=2230369&use=l&cat=p&typeid=i","cat":284409},{"id":60171,"n":"boisson végétale lait d'amande grillée alpro -1l","p":2.14,"u":"2,14 €/L","img":"https://fd11-photos.leclercdrive.fr/image.ashx?id=2988671&use=l&cat=p&typeid=i","cat":316067},{"id":60174,"n":"Madeleine Bonne Maman  Chocolat au lait x10 - 300g","p":3.19,"u":"10,63 €/KG","img":"https://fd11-photos.leclercdrive.fr/image.ashx?id=2949940&use=l&cat=p&typeid=i","cat":284492},{"id":60175,"n":"Madeleines St Michel  Oeuf en plein air - 1kg","p":3.89,"u":"3,89 €/KG","img":"https://fd11-photos.leclercdrive.fr/image.ashx?id=2936194&use=l&cat=p&typeid=i","cat":284492},{"id":60204,"n":"Crêpes de landerneau Le Ster Le pâtissier x12 - 300g","p":2.06,"u":"6,87 €/KG","img":"https://fd11-photos.leclercdrive.fr/image.ashx?id=2962860&use=l&cat=p&typeid=i","cat":284494},{"id":60258,"n":"AOP Côteaux Varois en Provence Rosé Estandon Lumière - 75cl","p":5.83,"u":"7,77 €/L","img":"https://fd11-photos.leclercdrive.fr/image.ashx?id=2889460&use=l&cat=p&typeid=i","cat":289558},{"id":60382,"n":"Soin de jour L'Oréal Paris Age Perfect anti-rides - 50ml","p":11.97,"pp":7.9,"u":"158,00 €/L","img":"https://fd11-photos.leclercdrive.fr/image.ashx?id=2860355&use=l&cat=p&typeid=i","cat":325345},{"id":60537,"n":"Purée surgelé  Bonduelle 4 saveurs  - 780g","p":3.32,"u":"4,26 €/KG","img":"https://fd11-photos.leclercdrive.fr/image.ashx?id=2996518&use=l&cat=p&typeid=i","cat":319805},{"id":60539,"n":"Purée delice Bonduelle  Courgette Céleri Brocoli - 780g","p":3.41,"u":"4,37 €/KG","img":"https://fd11-photos.leclercdrive.fr/image.ashx?id=2910043&use=l&cat=p&typeid=i","cat":319805},{"id":60555,"n":"Baguette de pain Les 3 meuniers 3x250g + 1 offerte","p":2.5,"u":"3,33 €/KG","img":"https://fd11-photos.leclercdrive.fr/image.ashx?id=2063152&use=l&cat=p&typeid=i","cat":284359},{"id":60587,"n":"Bûche de chèvre Président 180g","p":1.99,"u":"11,06 €/KG","img":"https://fd11-photos.leclercdrive.fr/image.ashx?id=2454088&use=l&cat=p&typeid=i","cat":314031},{"id":60588,"n":"Emmental Président 250g","p":2.79,"u":"11,16 €/KG","img":"https://fd11-photos.leclercdrive.fr/image.ashx?id=2752942&use=l&cat=p&typeid=i","cat":314034},{"id":60637,"n":"Matière grasse St Hubert 41 à tartiner - 38% MG - 500g","p":3.43,"u":"6,86 €/KG","img":"https://fd11-photos.leclercdrive.fr/image.ashx?id=2734147&use=l&cat=p&typeid=i","cat":315229},{"id":60774,"n":"Bière blonde Leffe 6,6% - 6x25cl","p":4.82,"u":"3,21 €/L","img":"https://fd11-photos.leclercdrive.fr/image.ashx?id=2995421&use=l&cat=p&typeid=i","cat":334852},{"id":60777,"n":"Brique de brebis Lou Pérac Fromage de brebis - 150g","p":2.73,"u":"18,20 €/KG","img":"https://fd11-photos.leclercdrive.fr/image.ashx?id=2785154&use=l&cat=p&typeid=i","cat":314031},{"id":60778,"n":"Tranche Salakis Fromage de brebis - 200g","p":2.6,"u":"13,00 €/KG","img":"https://fd11-photos.leclercdrive.fr/image.ashx?id=2729710&use=l&cat=p&typeid=i","cat":314026},{"id":60890,"n":"Chaussée aux moines 340g","p":2.89,"u":"8,50 €/KG","img":"https://fd11-photos.leclercdrive.fr/image.ashx?id=2830030&use=l&cat=p&typeid=i","cat":329184},{"id":60891,"n":"Camembert Président 250g","p":1.79,"u":"7,16 €/KG","img":"https://fd11-photos.leclercdrive.fr/image.ashx?id=2878873&use=l&cat=p&typeid=i","cat":314033},{"id":60892,"n":"Emmental râpé fondant Président 200g","p":2.04,"u":"10,20 €/KG","img":"https://fd11-photos.leclercdrive.fr/image.ashx?id=2488455&use=l&cat=p&typeid=i","cat":314035},{"id":60930,"n":"Thé Earl Grey Twinings x25 sachets - 50g","p":2.07,"u":"41,40 €/KG","img":"https://fd11-photos.leclercdrive.fr/image.ashx?id=2889817&use=l&cat=p&typeid=i","cat":293233},{"id":60931,"n":"Thé Ceylan Scotland Twinings x20 - 40g","p":2.4,"u":"60,00 €/KG","img":"https://fd11-photos.leclercdrive.fr/image.ashx?id=2893024&use=l&cat=p&typeid=i","cat":293233},{"id":60974,"n":"Pur jus Tropicana Orange Pure Premium Sans pulpe - 1L","p":2.06,"u":"2,06 €/L","img":"https://fd11-photos.leclercdrive.fr/image.ashx?id=2586186&use=l&cat=p&typeid=i","cat":284521},{"id":60978,"n":"Roquefort AOP Société Fromage de brebis - 150g","p":2.89,"u":"19,27 €/KG","img":"https://fd11-photos.leclercdrive.fr/image.ashx?id=2729713&use=l&cat=p&typeid=i","cat":314032},{"id":61021,"n":"Risotto champignon poulet Marie 900g","p":4.3,"u":"4,78 €/KG","img":"https://fd11-photos.leclercdrive.fr/image.ashx?id=2996755&use=l&cat=p&typeid=i","cat":284254},{"id":61022,"n":"Tranches panés Findus Cabillaud MSC - x20 - 1.020kg","p":13.71,"u":"13,44 €/KG","img":"https://fd11-photos.leclercdrive.fr/image.ashx?id=2865860&use=l&cat=p&typeid=i","cat":319788},{"id":61166,"n":"Mousse Maronsui's La Laitière Crème de marrons 8x68,8g","p":3.33,"u":"6,05 €/KG","img":"https://fd11-photos.leclercdrive.fr/image.ashx?id=3010969&use=l&cat=p&typeid=i","cat":284417},{"id":61169,"n":"Petit suisse NESQUIK Chocolat 6x60g","p":1.55,"u":"4,31 €/KG","img":"https://fd11-photos.leclercdrive.fr/image.ashx?id=3007933&use=l&cat=p&typeid=i","cat":284414},{"id":61172,"n":"Yaourts à la Grecque Délisse Citron - 4x150g","p":2.38,"u":"3,97 €/KG","img":"https://fd11-photos.leclercdrive.fr/image.ashx?id=2699714&use=l&cat=p&typeid=i","cat":314999},{"id":61293,"n":"Boisson Jafaden Orange carotte citron - 1L","p":1.89,"u":"1,89 €/L","img":"https://fd11-photos.leclercdrive.fr/image.ashx?id=2956753&use=l&cat=p&typeid=i","cat":284917},{"id":61596,"n":"Sauce au poivre Rustica Pot - 245g","p":1.13,"u":"4,61 €/KG","img":"https://fd11-photos.leclercdrive.fr/image.ashx?id=2954373&use=l&cat=p&typeid=i","cat":318430},{"id":61597,"n":"Sauce bourguignonne Rustica Pot - 250g","p":1.01,"u":"4,04 €/KG","img":"https://fd11-photos.leclercdrive.fr/image.ashx?id=2954376&use=l&cat=p&typeid=i","cat":318430},{"id":61605,"n":"Sauce barbecue Rustica Flacon souple - 280g","p":1.39,"u":"4,96 €/KG","img":"https://fd11-photos.leclercdrive.fr/image.ashx?id=2559704&use=l&cat=p&typeid=i","cat":318431},{"id":61631,"n":"Cocktail Douceur du Verger 4 fruits - Sirop léger- 500g","p":1.99,"u":"3,98 €/KG","img":"https://fd11-photos.leclercdrive.fr/image.ashx?id=2783023&use=l&cat=p&typeid=i","cat":284507},{"id":61634,"n":"Poires Douceur du Verger Sirop léger - 455 g","p":1.95,"u":"4,29 €/KG","img":"https://fd11-photos.leclercdrive.fr/image.ashx?id=2783020&use=l&cat=p&typeid=i","cat":284507},{"id":61638,"n":"Lentilles Préparées Cassegrain Tendres et Fondantes 460g","p":2.32,"u":"5,04 €/KG","img":"https://fd11-photos.leclercdrive.fr/image.ashx?id=3011047&use=l&cat=p&typeid=i","cat":312609},{"id":61697,"n":"Eponges Spontex Multicolore - x3","p":1.32,"u":"0,44 €/P","img":"https://fd11-photos.leclercdrive.fr/image.ashx?id=2972847&use=l&cat=p&typeid=i","cat":284667},{"id":61874,"n":"Gel shampooing douche Fa Men Perfect wave flacon - 250ml","p":1.81,"u":"7,24 €/L","img":"https://fd11-photos.leclercdrive.fr/image.ashx?id=2995091&use=l&cat=p&typeid=i","cat":284619},{"id":61983,"n":"Sachet repas Gourmet  Terrine coffret - 4x85g","p":1.96,"u":"5,76 €/KG","img":"https://fd11-photos.leclercdrive.fr/image.ashx?id=2901118&use=l&cat=p&typeid=i","cat":285286},{"id":62001,"n":"Jus de citron jaune 1L","p":3.17,"u":"3,17 €/L","img":"https://fd11-photos.leclercdrive.fr/image.ashx?id=2656991&use=l&cat=p&typeid=i","cat":288383},{"id":62007,"n":"Sardines Huile Olive PARMENTIER Vierge Extra - 135g","p":1.48,"u":"10,96 €/KG","img":"https://fd11-photos.leclercdrive.fr/image.ashx?id=3014410&use=l&cat=p&typeid=i","cat":305146},{"id":62042,"n":"Haricots rouges D'aucy  500g","p":1.89,"u":"3,78 €/KG","img":"https://fd11-photos.leclercdrive.fr/image.ashx?id=2491190&use=l&cat=p&typeid=i","cat":312606},{"id":62043,"n":"Lentilles préparées D'aucy  265g","p":0.91,"u":"3,43 €/KG","img":"https://fd11-photos.leclercdrive.fr/image.ashx?id=2560600&use=l&cat=p&typeid=i","cat":312609},{"id":62045,"n":"Haricots verts Jardin Bio étic Bio sans sel - 345g","p":3.46,"u":"10,03 €/KG","img":"https://fd11-photos.leclercdrive.fr/image.ashx?id=2535010&use=l&cat=p&typeid=i","cat":312606},{"id":62054,"n":"Courgettes Cuisinées Cassegrain à la Provençale 185g","p":2.02,"u":"10,92 €/KG","img":"https://fd11-photos.leclercdrive.fr/image.ashx?id=2913022&use=l&cat=p&typeid=i","cat":312612},{"id":62057,"n":"Champignons Eco+ Entiers - 230g","p":1.11,"u":"4,83 €/KG","img":"https://fd11-photos.leclercdrive.fr/image.ashx?id=2782999&use=l&cat=p&typeid=i","cat":312610},{"id":62067,"n":"Flageolets Préparés Cassegrain Extra Fins 130g","p":1.02,"u":"7,85 €/KG","img":"https://fd11-photos.leclercdrive.fr/image.ashx?id=2912980&use=l&cat=p&typeid=i","cat":312606},{"id":62094,"n":"Sauce fajitas Old El Paso à cuisiner doux - 395g","p":2.05,"u":"5,19 €/KG","img":"https://fd11-photos.leclercdrive.fr/image.ashx?id=2950852&use=l&cat=p&typeid=i","cat":288993},{"id":62095,"n":"Chips Tortilla Old El Paso Fajita - 185g","p":2.16,"u":"11,68 €/KG","img":"https://fd11-photos.leclercdrive.fr/image.ashx?id=2444522&use=l&cat=p&typeid=i","cat":288993},{"id":62112,"n":"Compotes Pom'Potes Gourdes  Pomme Nature - 12x90g","p":4.72,"u":"4,37 €/KG","img":"https://fd11-photos.leclercdrive.fr/image.ashx?id=3010927&use=l&cat=p&typeid=i","cat":284508},{"id":62128,"n":"Biscuits fourrés Prince Tout chocolat - 300g","p":1.44,"u":"4,80 €/KG","img":"https://fd11-photos.leclercdrive.fr/image.ashx?id=2528801&use=l&cat=p&typeid=i","cat":284488},{"id":62146,"n":"Brioche La Fournée Dorée Tranchée crème fraiche - 500g","p":2.21,"u":"4,42 €/KG","img":"https://fd11-photos.leclercdrive.fr/image.ashx?id=2415365&use=l&cat=p&typeid=i","cat":284478},{"id":62148,"n":"Brioch'burger La fournée Dorée x4 - 250g","p":1.66,"u":"6,64 €/KG","img":"https://fd11-photos.leclercdrive.fr/image.ashx?id=2765261&use=l&cat=p&typeid=i","cat":325067},{"id":62152,"n":"Graines de chia bio Happy Bio   250g","p":5.65,"u":"22,60 €/KG","img":"https://fd11-photos.leclercdrive.fr/image.ashx?id=2970990&use=l&cat=p&typeid=i","cat":318651},{"id":62162,"n":"Donuts Curly 100g","p":1.13,"u":"11,30 €/KG","img":"https://fd11-photos.leclercdrive.fr/image.ashx?id=2446836&use=l&cat=p&typeid=i","cat":284449},{"id":62226,"n":"Soda Coca-Cola Sans Sucres Bouteille - 1L","p":1.3,"u":"1,30 €/L","img":"https://fd11-photos.leclercdrive.fr/image.ashx?id=2194418&use=l&cat=p&typeid=i","cat":284530},{"id":62246,"n":"Soda au cola Pepsi La bouteille de 1.5L","p":1.17,"u":"0,78 €/L","img":"https://fd11-photos.leclercdrive.fr/image.ashx?id=2896318&use=l&cat=p&typeid=i","cat":284530},{"id":62251,"n":"Soda au cola Pepsi Zéro sucres La bouteille de 1.5L","p":1.13,"u":"0,75 €/L","img":"https://fd11-photos.leclercdrive.fr/image.ashx?id=2683130&use=l&cat=p&typeid=i","cat":284530},{"id":62252,"n":"Soda 7UP Citron et citron vert - 1.5L","p":1.17,"u":"0,78 €/L","img":"https://fd11-photos.leclercdrive.fr/image.ashx?id=2748545&use=l&cat=p&typeid=i","cat":284531},{"id":62303,"n":"yaourt fruits bio les 2 vaches brassé framboise - 4x115g","p":1.95,"u":"4,24 €/KG","img":"https://fd11-photos.leclercdrive.fr/image.ashx?id=2571533&use=l&cat=p&typeid=i","cat":284410},{"id":62333,"n":"Yaourt brassé Bio les 2 vaches Citron - 4x115g","p":1.85,"u":"4,02 €/KG","img":"https://fd11-photos.leclercdrive.fr/image.ashx?id=2571536&use=l&cat=p&typeid=i","cat":284410},{"id":62335,"n":"yaourt fruits bio les 2 vaches brassé myrtille - 4x115g","p":1.95,"u":"4,24 €/KG","img":"https://fd11-photos.leclercdrive.fr/image.ashx?id=2571530&use=l&cat=p&typeid=i","cat":284410},{"id":62340,"n":"Jus d'oranges pressées Andros 1.5L","p":4.25,"u":"2,83 €/L","img":"https://fd11-photos.leclercdrive.fr/image.ashx?id=2904272&use=l&cat=p&typeid=i","cat":285435},{"id":62359,"n":"Jus d'oranges pressées  Sans pulpe Andros - 1.5L","p":4.02,"u":"2,68 €/L","img":"https://fd11-photos.leclercdrive.fr/image.ashx?id=2876104&use=l&cat=p&typeid=i","cat":285435},{"id":62417,"n":"Jus de pamplemousse rose pressé Andros - 1L","p":3.03,"u":"3,03 €/L","img":"https://fd11-photos.leclercdrive.fr/image.ashx?id=2928423&use=l&cat=p&typeid=i","cat":285435},{"id":62482,"n":"Coton-tige Bio Bionaïa x200 bâtonnets ouatés","p":0.86,"img":"https://fd11-photos.leclercdrive.fr/image.ashx?id=2598704&use=l&cat=p&typeid=i","cat":285593},{"id":62496,"n":"Biscuit bébé Blédina 12 mois Petit beurre - 133g","p":1.86,"u":"13,98 €/KG","img":"https://fd11-photos.leclercdrive.fr/image.ashx?id=2974288&use=l&cat=p&typeid=i","cat":312227},{"id":62497,"n":"Biscuit bébé Blédina 12 mois  Petit beurre pépites choco-133g","p":2.01,"u":"15,11 €/KG","img":"https://fd11-photos.leclercdrive.fr/image.ashx?id=2639344&use=l&cat=p&typeid=i","cat":312227},{"id":62567,"n":"Papier toilette Mimosa Humide x50","p":1.29,"u":"0,03 €/P","img":"https://fd11-photos.leclercdrive.fr/image.ashx?id=2823126&use=l&cat=p&typeid=i","cat":284634},{"id":62568,"n":"Papier toilette Mimosa Humide douceur x50","p":1.29,"u":"0,03 €/P","img":"https://fd11-photos.leclercdrive.fr/image.ashx?id=3013615&use=l&cat=p&typeid=i","cat":284634},{"id":62571,"n":"Soda à l'orange Orangina 1L","p":1.67,"u":"1,67 €/L","img":"https://fd11-photos.leclercdrive.fr/image.ashx?id=2668413&use=l&cat=p&typeid=i","cat":284532},{"id":62574,"n":"Bière ambrée Grimbergen 6,5° - 6x25cl","p":5.54,"u":"3,69 €/L","img":"https://fd11-photos.leclercdrive.fr/image.ashx?id=2293483&use=l&cat=p&typeid=i","cat":334852},{"id":62576,"n":"Bière blanche Grimbergen 6° - 6x25cl","p":5.15,"u":"3,43 €/L","img":"https://fd11-photos.leclercdrive.fr/image.ashx?id=2294375&use=l&cat=p&typeid=i","cat":334878},{"id":62633,"n":"Carotte fane la botte   1p","p":1.99,"img":"https://fd11-photos.leclercdrive.fr/image.ashx?id=1632695&use=l&cat=p&typeid=i","cat":284352},{"id":62676,"n":"Gel douche bio So Bio Etic  Karité sans sulfate - 650ml","p":5.05,"u":"7,77 €/L","img":"https://fd11-photos.leclercdrive.fr/image.ashx?id=2850593&use=l&cat=p&typeid=i","cat":284594},{"id":62677,"n":"Gel douche bio So Bio Etic Aloe vera sans sulfate 650ml","p":5.13,"u":"7,89 €/L","img":"https://fd11-photos.leclercdrive.fr/image.ashx?id=2850596&use=l&cat=p&typeid=i","cat":284594},{"id":62678,"n":"Crème douche bio So Bio Etic Lait d'anesse - 650ml","p":5.49,"u":"8,45 €/L","img":"https://fd11-photos.leclercdrive.fr/image.ashx?id=2862515&use=l&cat=p&typeid=i","cat":284594},{"id":62682,"n":"Javel en gel Clair  Citron vert - 750ml","p":1.18,"u":"1,57 €/L","img":"https://fd11-photos.leclercdrive.fr/image.ashx?id=2389563&use=l&cat=p&typeid=i","cat":284661},{"id":62697,"n":"Nappe damassée Homeside Blanche - 8m","p":1.61,"img":"https://fd11-photos.leclercdrive.fr/image.ashx?id=1659708&use=l&cat=p&typeid=i","cat":334134},{"id":62726,"n":"Compote bio Bio Village Bocal pomme - 625g","p":2.07,"u":"3,31 €/KG","img":"https://fd11-photos.leclercdrive.fr/image.ashx?id=1948042&use=l&cat=p&typeid=i","cat":284508},{"id":62731,"n":"Abricots Douceur du Verger Sirop léger - 475 g","p":2.42,"u":"5,09 €/KG","img":"https://fd11-photos.leclercdrive.fr/image.ashx?id=2618235&use=l&cat=p&typeid=i","cat":284507},{"id":62753,"n":"Noix de cajou Bio Village  Bio Grillées - 100g","p":2.1,"u":"21,00 €/KG","img":"https://fd11-photos.leclercdrive.fr/image.ashx?id=2664590&use=l&cat=p&typeid=i","cat":284448},{"id":62858,"n":"Biscuit Nature GERBLE  sans sucres ajoutés - 132g","p":1.86,"u":"14,09 €/KG","img":"https://fd11-photos.leclercdrive.fr/image.ashx?id=2662835&use=l&cat=p&typeid=i","cat":318653},{"id":63009,"n":"Sardine entière Pêche Océan Nature - 95g","p":1.37,"u":"14,42 €/KG","img":"https://fd11-photos.leclercdrive.fr/image.ashx?id=2692964&use=l&cat=p&typeid=i","cat":305146},{"id":63284,"n":"AOP Champagne Canard Duchêne Charles VII Brut - 75cl","p":29.5,"pp":26.55,"u":"35,40 €/L","img":"https://fd11-photos.leclercdrive.fr/image.ashx?id=2174390&use=l&cat=p&typeid=i","cat":284542},{"id":63521,"n":"Penne au saumon Marie Crème d'épinard - 280g","p":3.02,"u":"10,79 €/KG","img":"https://fd11-photos.leclercdrive.fr/image.ashx?id=2317519&use=l&cat=p&typeid=i","cat":333665},{"id":63541,"n":"Sauce barbecue Rustica 560g","p":1.78,"u":"3,18 €/KG","img":"https://fd11-photos.leclercdrive.fr/image.ashx?id=2092948&use=l&cat=p&typeid=i","cat":318431},{"id":63632,"n":"Tartinade de poivrons confits Sud & Sol - 150g","p":2.85,"u":"19,00 €/KG","img":"https://fd11-photos.leclercdrive.fr/image.ashx?id=2986642&use=l&cat=p&typeid=i","cat":315999},{"id":63674,"n":"3 poivres Ducros Moulin - 34g","p":3.33,"u":"97,94 €/KG","img":"https://fd11-photos.leclercdrive.fr/image.ashx?id=2559460&use=l&cat=p&typeid=i","cat":284457},{"id":63676,"n":"Poivre blanc moulu Ducros 36g","p":2.71,"u":"75,28 €/KG","img":"https://fd11-photos.leclercdrive.fr/image.ashx?id=2203745&use=l&cat=p&typeid=i","cat":284457},{"id":63685,"n":"4 épices moulues Ducros 37g","p":1.63,"u":"44,05 €/KG","img":"https://fd11-photos.leclercdrive.fr/image.ashx?id=2983213&use=l&cat=p&typeid=i","cat":298297},{"id":63722,"n":"Liqueur Herbes Jagermeister 35° - 70cl","p":18.13,"u":"25,90 €/L","img":"https://fd11-photos.leclercdrive.fr/image.ashx?id=2474740&use=l&cat=p&typeid=i","cat":286032},{"id":63756,"n":"Pur jus Tropicana Orange Pure Premium Avec pulpe - 1L","p":2.16,"u":"2,16 €/L","img":"https://fd11-photos.leclercdrive.fr/image.ashx?id=2605668&use=l&cat=p&typeid=i","cat":284521},{"id":63759,"n":"Pur Jus Jafaden Mutlifruits - 2L","p":2.75,"u":"1,38 €/L","img":"https://fd11-photos.leclercdrive.fr/image.ashx?id=2762955&use=l&cat=p&typeid=i","cat":284917},{"id":63762,"n":"Boisson aux fruits Oasis Tropical - 6x33cl","p":3.51,"u":"1,77 €/L","img":"https://fd11-photos.leclercdrive.fr/image.ashx?id=2900812&use=l&cat=p&typeid=i","cat":295018},{"id":63768,"n":"Boisson aux fruits Oasis Pomme Cassis Framboise - 6x33cl","p":3.53,"u":"1,78 €/L","img":"https://fd11-photos.leclercdrive.fr/image.ashx?id=3014449&use=l&cat=p&typeid=i","cat":295018},{"id":63795,"n":"Soda Schweppes Indian Tonic - 6x33cl","p":3.62,"u":"1,83 €/L","img":"https://fd11-photos.leclercdrive.fr/image.ashx?id=2852423&use=l&cat=p&typeid=i","cat":284531},{"id":63797,"n":"Soda Schweppes Saveur Agrumes - 6x33cl","p":3.23,"u":"1,63 €/L","img":"https://fd11-photos.leclercdrive.fr/image.ashx?id=2852737&use=l&cat=p&typeid=i","cat":284532},{"id":63798,"n":"Soda Schweppes Saveur Agrumes Zero - 6x33cl","p":3.08,"u":"1,56 €/L","img":"https://fd11-photos.leclercdrive.fr/image.ashx?id=2852740&use=l&cat=p&typeid=i","cat":284532},{"id":63837,"n":"Champignons Eco+ Pieds et morceaux - 230g","p":0.82,"u":"3,57 €/KG","img":"https://fd11-photos.leclercdrive.fr/image.ashx?id=2783002&use=l&cat=p&typeid=i","cat":312610},{"id":63892,"n":"Capsules café L'Or Espresso Forza N°9 x10","p":3.14,"u":"60,38 €/KG","img":"https://fd11-photos.leclercdrive.fr/image.ashx?id=2393753&use=l&cat=p&typeid=i","cat":284749},{"id":63971,"n":"Escalope cordon bleu Père dodu Poulet x4 - 400g - Familial","p":4.1,"u":"10,25 €/KG","img":"https://fd11-photos.leclercdrive.fr/image.ashx?id=2957173&use=l&cat=p&typeid=i","cat":333683},{"id":63973,"n":"Cordon Bleu Père Dodu  Poulet x8 - 800g - Maxi Format","p":7.54,"u":"9,43 €/KG","img":"https://fd11-photos.leclercdrive.fr/image.ashx?id=2957176&use=l&cat=p&typeid=i","cat":333683},{"id":63980,"n":"Langoustines Rondes des Mers Entières crues 21/30 - 800g","p":15.98,"u":"19,98 €/KG","img":"https://fd11-photos.leclercdrive.fr/image.ashx?id=2177322&use=l&cat=p&typeid=i","cat":319787},{"id":63987,"n":"Mini bâtonnets Trium Vanille fruits x8 - 300g","p":2.7,"u":"9,00 €/KG","img":"https://fd11-photos.leclercdrive.fr/image.ashx?id=2911696&use=l&cat=p&typeid=i","cat":284265},{"id":63996,"n":"Glace gourmande Eskiss  Coco passion - 488g","p":3.16,"u":"6,48 €/KG","img":"https://fd11-photos.leclercdrive.fr/image.ashx?id=3002623&use=l&cat=p&typeid=i","cat":284263},{"id":63997,"n":"Glace gourmande Eskiss  Citron framboise - 515g","p":3.14,"u":"6,10 €/KG","img":"https://fd11-photos.leclercdrive.fr/image.ashx?id=2982637&use=l&cat=p&typeid=i","cat":284263},{"id":64014,"n":"Mélange de jeunes pousses Bio Bio Village - 100g","p":2.02,"u":"20,20 €/KG","img":"https://fd11-photos.leclercdrive.fr/image.ashx?id=2739541&use=l&cat=p&typeid=i","cat":284353},{"id":64032,"n":"Pur jus d'orange Tropicana Sans pulpe - 2x1L","p":4.33,"u":"2,17 €/L","img":"https://fd11-photos.leclercdrive.fr/image.ashx?id=2605671&use=l&cat=p&typeid=i","cat":284521},{"id":64057,"n":"Bière Desperados Red 12x33cl","p":17.8,"u":"4,49 €/L","img":"https://fd11-photos.leclercdrive.fr/image.ashx?id=2651074&use=l&cat=p&typeid=i","cat":334878},{"id":64109,"n":"Fromage blanc Délisse 3.2%mg 12x100g","p":2.69,"u":"2,24 €/KG","img":"https://fd11-photos.leclercdrive.fr/image.ashx?id=3012848&use=l&cat=p&typeid=i","cat":284409},{"id":64132,"n":"Baume hydratant Cicabiafine 400 ml","p":15.3,"u":"38,25 €/L","img":"https://fd11-photos.leclercdrive.fr/image.ashx?id=2993418&use=l&cat=p&typeid=i","cat":290421},{"id":64133,"n":"Crème hydratante Cicabiafine 200 ml","p":12.99,"u":"64,95 €/L","img":"https://fd11-photos.leclercdrive.fr/image.ashx?id=2997034&use=l&cat=p&typeid=i","cat":290421},{"id":64135,"n":"Lait hydratant Cicabiafine 400 ml","p":14.15,"u":"35,38 €/L","img":"https://fd11-photos.leclercdrive.fr/image.ashx?id=2993424&use=l&cat=p&typeid=i","cat":290421},{"id":64139,"n":"Crème mains parfumée Neutrogena 2x50 ml","p":7.85,"u":"157,00 €/L","img":"https://fd11-photos.leclercdrive.fr/image.ashx?id=2928837&use=l&cat=p&typeid=i","cat":290424},{"id":64140,"n":"Crème mains Cicabiafine Réparation intense - 2x75 ml","p":9.89,"u":"65,93 €/L","img":"https://fd11-photos.leclercdrive.fr/image.ashx?id=2971128&use=l&cat=p&typeid=i","cat":290424},{"id":64141,"n":"Crème mains Neutrogena Absorption rapide - 2x75 ml","p":8.99,"u":"59,93 €/L","img":"https://fd11-photos.leclercdrive.fr/image.ashx?id=2023002&use=l&cat=p&typeid=i","cat":290424},{"id":64142,"n":"Crème mains Cicabiafine Réparation intense - 75 ml","p":5.5,"u":"73,33 €/L","img":"https://fd11-photos.leclercdrive.fr/image.ashx?id=2993421&use=l&cat=p&typeid=i","cat":290424},{"id":64143,"n":"Crème pieds Neutrogena Pieds secs et abimés - 150 ml","p":8.99,"u":"59,93 €/L","img":"https://fd11-photos.leclercdrive.fr/image.ashx?id=2750033&use=l&cat=p&typeid=i","cat":290424},{"id":64148,"n":"Pansements ampoules Compeed x5","p":6.68,"u":"1,34 €/P","img":"https://fd11-photos.leclercdrive.fr/image.ashx?id=2022996&use=l&cat=p&typeid=i","cat":291163},{"id":64149,"n":"Pansements ampoules Compeed Format moyen - x5","p":5.99,"u":"1,20 €/P","img":"https://fd11-photos.leclercdrive.fr/image.ashx?id=2432794&use=l&cat=p&typeid=i","cat":290424},{"id":64161,"n":"Nettoyant Lipikar Syndet AP  La Roche Posay - 400 ml","p":13.0,"u":"32,50 €/L","img":"https://fd11-photos.leclercdrive.fr/image.ashx?id=2404779&use=l&cat=p&typeid=i","cat":301591},{"id":64164,"n":"Déodorant bille Vichy Anti-transpirant x2","p":12.53,"u":"125,30 €/L","img":"https://fd11-photos.leclercdrive.fr/image.ashx?id=1971638&use=l&cat=p&typeid=i","cat":301593},{"id":64165,"n":"Déodorant bille intensif Vichy Anti-transpirant 2x50ml","p":13.49,"u":"134,90 €/L","img":"https://fd11-photos.leclercdrive.fr/image.ashx?id=1971467&use=l&cat=p&typeid=i","cat":301593},{"id":64167,"n":"Déodorant Bille Vichy Contrôle extrême - 2x50ml","p":12.53,"u":"125,30 €/L","img":"https://fd11-photos.leclercdrive.fr/image.ashx?id=2087325&use=l&cat=p&typeid=i","cat":301593},{"id":64170,"n":"Surimi Petits Coraya Sauce mayonnaise  x21 - 210g","p":2.34,"u":"11,14 €/KG","img":"https://fd11-photos.leclercdrive.fr/image.ashx?id=2968880&use=l&cat=p&typeid=i","cat":285189},{"id":64174,"n":"Déodorant Physio La Roche Posay Aérosol - 24H - 2x150 ml","p":14.98,"u":"49,93 €/L","img":"https://fd11-photos.leclercdrive.fr/image.ashx?id=2087331&use=l&cat=p&typeid=i","cat":301593},{"id":64176,"n":"Toleriane La Roche Posay Dermo nettoyant - 400 ml","p":12.7,"u":"31,75 €/L","img":"https://fd11-photos.leclercdrive.fr/image.ashx?id=2864531&use=l&cat=p&typeid=i","cat":301587},{"id":64177,"n":"Eau micellaire La Roche Posay 400 ml","p":10.99,"u":"27,48 €/L","img":"https://fd11-photos.leclercdrive.fr/image.ashx?id=2863154&use=l&cat=p&typeid=i","cat":301587},{"id":64178,"n":"Gel moussant La Roche-Posay Purifiant - 400ml","p":11.8,"u":"29,50 €/L","img":"https://fd11-photos.leclercdrive.fr/image.ashx?id=2850557&use=l&cat=p&typeid=i","cat":301587},{"id":64179,"n":"Démaquillant 3en1 Vichy Pureté thermale - 300 ml","p":9.89,"u":"32,97 €/L","img":"https://fd11-photos.leclercdrive.fr/image.ashx?id=1971455&use=l&cat=p&typeid=i","cat":301587},{"id":64181,"n":"Respectissime La Rose Posay Démaquillant yeux waterp. 125ml","p":13.87,"u":"110,96 €/L","img":"https://fd11-photos.leclercdrive.fr/image.ashx?id=2863160&use=l&cat=p&typeid=i","cat":301587},{"id":64187,"n":"Capital soleil lait SPF50 Vichy 300 ml","p":16.9,"u":"56,33 €/L","img":"https://fd11-photos.leclercdrive.fr/image.ashx?id=1975616&use=l&cat=p&typeid=i","cat":290396},{"id":64191,"n":"Tomates cerises allongées Panier du Primeur - 250g","p":1.59,"u":"6,36 €/KG","img":"https://fd11-photos.leclercdrive.fr/image.ashx?id=2988099&use=l&cat=p&typeid=i","cat":284352},{"id":64194,"n":"Capital Soleil Vichy Lait après-soleil 300 ml","p":12.79,"u":"42,63 €/L","img":"https://fd11-photos.leclercdrive.fr/image.ashx?id=1971461&use=l&cat=p&typeid=i","cat":290394},{"id":64195,"n":"Eau thermale La Roche Posay Peaux sensibles - 300 ml","p":7.9,"u":"26,33 €/L","img":"https://fd11-photos.leclercdrive.fr/image.ashx?id=1971623&use=l&cat=p&typeid=i","cat":301247},{"id":64197,"n":"Détranspirant Etiaxil Peaux normales  -15 ml","p":7.48,"u":"498,67 €/L","img":"https://fd11-photos.leclercdrive.fr/image.ashx?id=2189522&use=l&cat=p&typeid=i","cat":301593},{"id":64199,"n":"Hydralin Gyn Soin intime 200 ml","p":7.0,"u":"35,00 €/L","img":"https://fd11-photos.leclercdrive.fr/image.ashx?id=2959082&use=l&cat=p&typeid=i","cat":301348},{"id":64200,"n":"Hydralin apaisa Soin intime 400 ml","p":9.99,"u":"24,98 €/L","img":"https://fd11-photos.leclercdrive.fr/image.ashx?id=2905730&use=l&cat=p&typeid=i","cat":301348},{"id":64201,"n":"Berocca Boost effervescent 30 comprimés","p":19.7,"u":"0,66 €/P","img":"https://fd11-photos.leclercdrive.fr/image.ashx?id=2861641&use=l&cat=p&typeid=i","cat":301264},{"id":64205,"n":"Dentifrice pâte Parodontax Protection gencives - 2x75ml","p":7.65,"img":"https://fd11-photos.leclercdrive.fr/image.ashx?id=2537078&use=l&cat=p&typeid=i","cat":290419},{"id":64207,"n":"Dentifrice gel Parodontax 2x75 ml","p":7.69,"u":"25,63 €/L","img":"https://fd11-photos.leclercdrive.fr/image.ashx?id=2536960&use=l&cat=p&typeid=i","cat":290419},{"id":64213,"n":"Liniment Oleothermal Uriage Soin Bébé - 500 ml","p":5.5,"u":"11,00 €/L","img":"https://fd11-photos.leclercdrive.fr/image.ashx?id=2689961&use=l&cat=p&typeid=i","cat":290387},{"id":64218,"n":"Surgras liquide Uriage 1 L","p":8.99,"u":"8,99 €/L","img":"https://fd11-photos.leclercdrive.fr/image.ashx?id=1955894&use=l&cat=p&typeid=i","cat":301591},{"id":64221,"n":"Crème solaire SPF 50+ Uriage Soin Bébé 50 ml","p":7.99,"u":"159,80 €/L","img":"https://fd11-photos.leclercdrive.fr/image.ashx?id=1955909&use=l&cat=p&typeid=i","cat":290425},{"id":64233,"n":"Gelules cheveux+ongles Forcapil 3 mois - 180 gel. + 60 offertes","p":22.49,"img":"https://fd11-photos.leclercdrive.fr/image.ashx?id=2881918&use=l&cat=p&typeid=i","cat":301266},{"id":64235,"n":"Tétine en silicone MAM x2 Débit X - Dès 6 mois","p":5.29,"u":"2,65 €/P","img":"https://fd11-photos.leclercdrive.fr/image.ashx?id=2025407&use=l&cat=p&typeid=i","cat":290386},{"id":64236,"n":"Tétine en silicone MAM x2 Débit 3 - dès 4 mois","p":5.29,"u":"2,65 €/P","img":"https://fd11-photos.leclercdrive.fr/image.ashx?id=2025404&use=l&cat=p&typeid=i","cat":290386},{"id":64237,"n":"Tétine en silicone MAM x2 Débit 2 - dès 2 mois","p":5.29,"u":"2,65 €/P","img":"https://fd11-photos.leclercdrive.fr/image.ashx?id=2025401&use=l&cat=p&typeid=i","cat":290386},{"id":64238,"n":"Tétine x2 silicone MAM Débit 1 - dès la naissance","p":5.29,"u":"2,65 €/P","img":"https://fd11-photos.leclercdrive.fr/image.ashx?id=2025398&use=l&cat=p&typeid=i","cat":290386},{"id":64248,"n":"Nettoyant doux Abcderm Bioderma 1 L","p":10.96,"u":"10,96 €/L","img":"https://fd11-photos.leclercdrive.fr/image.ashx?id=2956403&use=l&cat=p&typeid=i","cat":290425},{"id":64281,"n":"Matière grasse St Hubert 41 à tartiner - 38% MG - 250g","p":2.39,"u":"9,56 €/KG","img":"https://fd11-photos.leclercdrive.fr/image.ashx?id=2734141&use=l&cat=p&typeid=i","cat":315229},{"id":64285,"n":"Huile d'amande douce Natessance Soin Bébé - 100 ml","p":4.9,"u":"49,00 €/L","img":"https://fd11-photos.leclercdrive.fr/image.ashx?id=2009726&use=l&cat=p&typeid=i","cat":290425},{"id":64287,"n":"Shampooing Natessance A l'huile de ricin  - 500 ml","p":7.4,"u":"14,80 €/L","img":"https://fd11-photos.leclercdrive.fr/image.ashx?id=2761387&use=l&cat=p&typeid=i","cat":290400},{"id":64306,"n":"Crème solaire visage corps Nuxe  Lait délicieux SPF30 - 150ml","p":15.49,"u":"103,27 €/L","img":"https://fd11-photos.leclercdrive.fr/image.ashx?id=2651474&use=l&cat=p&typeid=i","cat":290396},{"id":64307,"n":"Huile solaire visage corps Nuxe  Huile bronzante SPF30 - 150ml","p":15.98,"u":"106,53 €/L","img":"https://fd11-photos.leclercdrive.fr/image.ashx?id=2550550&use=l&cat=p&typeid=i","cat":290395},{"id":64308,"n":"Après-soleil visage corps Nuxe  Lait fraîcheur - 200ml","p":10.99,"u":"54,95 €/L","img":"https://fd11-photos.leclercdrive.fr/image.ashx?id=2651468&use=l&cat=p&typeid=i","cat":290394},{"id":64318,"n":"Talc douceur poudreur  100g","p":2.99,"u":"29,90 €/KG","img":"https://fd11-photos.leclercdrive.fr/image.ashx?id=2057188&use=l&cat=p&typeid=i","cat":290387},{"id":64321,"n":"Serum physiologique Physiodose 40 x 5ml","p":2.15,"u":"10,75 €/L","img":"https://fd11-photos.leclercdrive.fr/image.ashx?id=2057197&use=l&cat=p&typeid=i","cat":290385},{"id":64333,"n":"Gel hydratant Puraloe 250 ml","p":10.99,"u":"43,96 €/L","img":"https://fd11-photos.leclercdrive.fr/image.ashx?id=2118324&use=l&cat=p&typeid=i","cat":291171},{"id":64341,"n":"Crème Bébé Klorane au Cold Cream - 125ml","p":9.47,"u":"75,76 €/L","img":"https://fd11-photos.leclercdrive.fr/image.ashx?id=2377307&use=l&cat=p&typeid=i","cat":290425},{"id":64362,"n":"Démaquillant yeux Avene 125 ml","p":11.59,"u":"92,72 €/L","img":"https://fd11-photos.leclercdrive.fr/image.ashx?id=2985141&use=l&cat=p&typeid=i","cat":301587},{"id":64381,"n":"Eau thermale Avène 300 ml","p":7.69,"u":"25,63 €/L","img":"https://fd11-photos.leclercdrive.fr/image.ashx?id=2788619&use=l&cat=p&typeid=i","cat":301247},{"id":64382,"n":"Brosse à dents Inava Souple 20/100","p":4.38,"img":"https://fd11-photos.leclercdrive.fr/image.ashx?id=2857470&use=l&cat=p&typeid=i","cat":290417},{"id":64383,"n":"Brosse à dents Inava Chirurgicale 15/100","p":4.38,"img":"https://fd11-photos.leclercdrive.fr/image.ashx?id=2373612&use=l&cat=p&typeid=i","cat":290417},{"id":64384,"n":"Brosse à dents Inava Sensibilité","p":4.3,"img":"https://fd11-photos.leclercdrive.fr/image.ashx?id=2446089&use=l&cat=p&typeid=i","cat":290417},{"id":64388,"n":"Brosse à dents junior Inava 7/12 ans","p":3.29,"img":"https://fd11-photos.leclercdrive.fr/image.ashx?id=2373576&use=l&cat=p&typeid=i","cat":290417},{"id":64390,"n":"Brosse à dents kids Inava 2/6 ans - 1 pièce","p":3.29,"img":"https://fd11-photos.leclercdrive.fr/image.ashx?id=2377694&use=l&cat=p&typeid=i","cat":290418},{"id":64401,"n":"Spray assainissant Puressentiel 41 huiles essentielles - 200 ml","p":12.95,"u":"64,75 €/L","img":"https://fd11-photos.leclercdrive.fr/image.ashx?id=2988517&use=l&cat=p&typeid=i","cat":298633},{"id":64414,"n":"Bain de bouche Botot 150 ml","p":9.78,"u":"65,20 €/L","img":"https://fd11-photos.leclercdrive.fr/image.ashx?id=2378570&use=l&cat=p&typeid=i","cat":290416},{"id":64419,"n":"Crème change Weleda Soin bébé - 75 ml","p":6.7,"u":"89,33 €/L","img":"https://fd11-photos.leclercdrive.fr/image.ashx?id=2446977&use=l&cat=p&typeid=i","cat":290387},{"id":64420,"n":"Crème au calendula Weleda visage + corps - 75 ml","p":6.23,"u":"83,07 €/L","img":"https://fd11-photos.leclercdrive.fr/image.ashx?id=2505633&use=l&cat=p&typeid=i","cat":290421},{"id":64423,"n":"Savon végétal Weleda Au calendula - 100g","p":3.98,"u":"39,80 €/KG","img":"https://fd11-photos.leclercdrive.fr/image.ashx?id=2944849&use=l&cat=p&typeid=i","cat":301591},{"id":64666,"n":"Gâteaux moelleux Kinder Délice Coeur lait enrobé Cacao - x10","p":3.23,"u":"8,28 €/KG","img":"https://fd11-photos.leclercdrive.fr/image.ashx?id=2832476&use=l&cat=p&typeid=i","cat":284495},{"id":64680,"n":"Soupe liquide Liebig Potiron Kiri Brique - 2x30cl","p":2.18,"u":"3,63 €/L","img":"https://fd11-photos.leclercdrive.fr/image.ashx?id=2892136&use=l&cat=p&typeid=i","cat":284462},{"id":64684,"n":"Soupe liquide brique Liebig  Légumes façon Poêlée - 2x30cl","p":2.11,"u":"3,52 €/L","img":"https://fd11-photos.leclercdrive.fr/image.ashx?id=2598073&use=l&cat=p&typeid=i","cat":284462},{"id":64685,"n":"Soupe liquide Liebig  Potiron - 2x30cl","p":1.95,"u":"3,25 €/L","img":"https://fd11-photos.leclercdrive.fr/image.ashx?id=2369915&use=l&cat=p&typeid=i","cat":284462},{"id":64686,"n":"Soupe liquide brique Liebig  Velouté légumes soleil - 2x30cl","p":1.72,"u":"2,87 €/L","img":"https://fd11-photos.leclercdrive.fr/image.ashx?id=2203382&use=l&cat=p&typeid=i","cat":284462},{"id":64692,"n":"Chocolat Pâtissier Nestlé Dessert - Noir corsé - 200g","p":3.19,"u":"15,95 €/KG","img":"https://fd11-photos.leclercdrive.fr/image.ashx?id=2889895&use=l&cat=p&typeid=i","cat":285562},{"id":64710,"n":"Poire Rochas 1p","p":0.8,"img":"https://fd11-photos.leclercdrive.fr/image.ashx?id=1628259&use=l&cat=p&typeid=i","cat":284356},{"id":64805,"n":"Cuisse poulet Les accessibles Jaune - 3kg","p":12.4,"u":"4,13 €/KG","img":"https://fd11-photos.leclercdrive.fr/image.ashx?id=2831996&use=l&cat=p&typeid=i","cat":284336},{"id":64833,"n":"Fromage blanc Nature Bio Invitation à la ferme - 4x100g","p":2.75,"u":"6,88 €/KG","img":"https://fd11-photos.leclercdrive.fr/image.ashx?id=2396431&use=l&cat=p&typeid=i","cat":284409},{"id":64836,"n":"Crème vanille caramel bio Invitation à la Ferme - 4x100g","p":2.88,"u":"7,20 €/KG","img":"https://fd11-photos.leclercdrive.fr/image.ashx?id=2386025&use=l&cat=p&typeid=i","cat":285041},{"id":64837,"n":"Crème dessert caramel bio Invitation à la Ferme - 4x100g","p":2.73,"u":"6,83 €/KG","img":"https://fd11-photos.leclercdrive.fr/image.ashx?id=2382156&use=l&cat=p&typeid=i","cat":285041},{"id":64840,"n":"Recharges roller Esquisse  Bleu effaçable x3","p":1.59,"img":"https://fd11-photos.leclercdrive.fr/image.ashx?id=1678763&use=l&cat=p&typeid=i","cat":284696},{"id":64889,"n":"Végétal Nuggets Garden Gourmet Soja et Blé 200g","p":2.57,"u":"12,85 €/KG","img":"https://fd11-photos.leclercdrive.fr/image.ashx?id=2963967&use=l&cat=p&typeid=i","cat":316036},{"id":64890,"n":"Bouchée Grillée Garden Gourmet Soja et Blé 175g","p":2.81,"u":"16,06 €/KG","img":"https://fd11-photos.leclercdrive.fr/image.ashx?id=2971392&use=l&cat=p&typeid=i","cat":316036},{"id":64897,"n":"Tortellini à poêler Lustucru Jambon emmental - 300g","p":1.95,"u":"6,50 €/KG","img":"https://fd11-photos.leclercdrive.fr/image.ashx?id=2792393&use=l&cat=p&typeid=i","cat":333682},{"id":64934,"n":"Collants Body Touch Dim Voile noir - Taille 2","p":6.37,"img":"https://fd11-photos.leclercdrive.fr/image.ashx?id=3008041&use=l&cat=p&typeid=i","cat":334130},{"id":64935,"n":"Collants Body Touch Dim Voile noir - Taille 3","p":6.37,"img":"https://fd11-photos.leclercdrive.fr/image.ashx?id=3008044&use=l&cat=p&typeid=i","cat":334130},{"id":64936,"n":"Collants Body Touch Dim Voile noir - Taille 4","p":6.37,"img":"https://fd11-photos.leclercdrive.fr/image.ashx?id=2876086&use=l&cat=p&typeid=i","cat":334130},{"id":64940,"n":"Collants Sublim brillant Dim Gazelle - Taille 1","p":5.0,"img":"https://fd11-photos.leclercdrive.fr/image.ashx?id=2018589&use=l&cat=p&typeid=i","cat":334130},{"id":64941,"n":"Collants Sublim brillant Dim Gazelle - Taille 2","p":5.0,"img":"https://fd11-photos.leclercdrive.fr/image.ashx?id=2183440&use=l&cat=p&typeid=i","cat":334130},{"id":64942,"n":"Colllants Sublim brillant Dim Gazelle - Taille 3","p":5.0,"img":"https://fd11-photos.leclercdrive.fr/image.ashx?id=2183443&use=l&cat=p&typeid=i","cat":334130},{"id":64943,"n":"Collants Sublim brillant Dim Gazelle - Taille 4","p":5.0,"img":"https://fd11-photos.leclercdrive.fr/image.ashx?id=2183446&use=l&cat=p&typeid=i","cat":334130},{"id":64947,"n":"Collants Diam's Dim Voile galbe Noir - Taille 2","p":5.78,"img":"https://fd11-photos.leclercdrive.fr/image.ashx?id=2497079&use=l&cat=p&typeid=i","cat":334130},{"id":64948,"n":"Collants Diam's Dim Voile galbe Noir - Taille 3","p":5.78,"img":"https://fd11-photos.leclercdrive.fr/image.ashx?id=2497082&use=l&cat=p&typeid=i","cat":334130},{"id":64949,"n":"Collants Diam's Dim Voile galbe Noir - Taille 4","p":5.78,"img":"https://fd11-photos.leclercdrive.fr/image.ashx?id=2534656&use=l&cat=p&typeid=i","cat":334130},{"id":64964,"n":"Eau minérale gazeuse Quezac 6x1.15L","p":2.76,"u":"0,40 €/L","img":"https://fd11-photos.leclercdrive.fr/image.ashx?id=2975341&use=l&cat=p&typeid=i","cat":284536},{"id":64980,"n":"Parmentier de canard  Maison Tino - 750g","p":9.6,"u":"12,80 €/KG","img":"https://fd11-photos.leclercdrive.fr/image.ashx?id=2554656&use=l&cat=p&typeid=i","cat":333666},{"id":64983,"n":"Parmentier de boeuf Maison Tino -  750g","p":9.51,"u":"12,68 €/KG","img":"https://fd11-photos.leclercdrive.fr/image.ashx?id=2554650&use=l&cat=p&typeid=i","cat":333666},{"id":64984,"n":"Lasagne de Boeuf  Maison Tino - 900g","p":9.75,"u":"10,83 €/KG","img":"https://fd11-photos.leclercdrive.fr/image.ashx?id=2681829&use=l&cat=p&typeid=i","cat":333666},{"id":65009,"n":"Intercalaires Exacompta Extra larges 230x297 x12","p":2.2,"img":"https://fd11-photos.leclercdrive.fr/image.ashx?id=1780520&use=l&cat=p&typeid=i","cat":284745},{"id":65013,"n":"AIRWICK Spray Désodorisant  Pure Rafraichissant - 250ml","p":3.58,"u":"14,32 €/L","img":"https://fd11-photos.leclercdrive.fr/image.ashx?id=2962011&use=l&cat=p&typeid=i","cat":311626},{"id":65044,"n":"Biscuits petit déjeuner Belvita Miel & pépites chocolat - 435g","p":2.56,"u":"5,89 €/KG","img":"https://fd11-photos.leclercdrive.fr/image.ashx?id=2989441&use=l&cat=p&typeid=i","cat":284491},{"id":65249,"n":"Collants Body Touch Dim Voile peau dorée - Taille 4","p":6.37,"img":"https://fd11-photos.leclercdrive.fr/image.ashx?id=2181140&use=l&cat=p&typeid=i","cat":334130},{"id":65253,"n":"Collants Diam's Dim Ventre plat Noir - Taille 2","p":9.85,"img":"https://fd11-photos.leclercdrive.fr/image.ashx?id=2636799&use=l&cat=p&typeid=i","cat":334130},{"id":65255,"n":"Collants Diam's Dim Ventre plat Noir - Taille 3","p":9.85,"img":"https://fd11-photos.leclercdrive.fr/image.ashx?id=2636802&use=l&cat=p&typeid=i","cat":334130},{"id":65257,"n":"Collants Diam's Dim Ventre plat Noir - Taille 4","p":9.85,"img":"https://fd11-photos.leclercdrive.fr/image.ashx?id=2636808&use=l&cat=p&typeid=i","cat":334130},{"id":65276,"n":"Mi-bas sublim Dim Voile brillant noir T35/41 x2","p":3.95,"img":"https://fd11-photos.leclercdrive.fr/image.ashx?id=2840856&use=l&cat=p&typeid=i","cat":334130},{"id":65286,"n":"Socquettes sublim Dim Noir T35/41 x2","p":4.61,"img":"https://fd11-photos.leclercdrive.fr/image.ashx?id=2534653&use=l&cat=p&typeid=i","cat":334130},{"id":65292,"n":"Collants Well Elastivoile Affinant Ibiza T1","p":5.24,"img":"https://fd11-photos.leclercdrive.fr/image.ashx?id=2056455&use=l&cat=p&typeid=i","cat":334130},{"id":65293,"n":"Collants Well Elastivoile Affinant Ibiza  T2","p":5.24,"img":"https://fd11-photos.leclercdrive.fr/image.ashx?id=2056458&use=l&cat=p&typeid=i","cat":334130},{"id":65294,"n":"Collants Well Elastivoile Affinant Ibiza T3","p":5.24,"img":"https://fd11-photos.leclercdrive.fr/image.ashx?id=2056461&use=l&cat=p&typeid=i","cat":334130},{"id":65295,"n":"Collants Well Elastivoile Affinant Ibiza T4","p":5.24,"img":"https://fd11-photos.leclercdrive.fr/image.ashx?id=2056464&use=l&cat=p&typeid=i","cat":334130},{"id":65297,"n":"Collant Well Morphologie  Regular Opaque noir / -1m65","p":5.8,"img":"https://fd11-photos.leclercdrive.fr/image.ashx?id=2254736&use=l&cat=p&typeid=i","cat":334130},{"id":65299,"n":"Collants Well Morphologie Form Opaque noir / -1m65","p":5.8,"img":"https://fd11-photos.leclercdrive.fr/image.ashx?id=2193236&use=l&cat=p&typeid=i","cat":334130},{"id":65303,"n":"Collant Well Morphologie  Regular Opaque noir / +1m65","p":5.8,"img":"https://fd11-photos.leclercdrive.fr/image.ashx?id=2254739&use=l&cat=p&typeid=i","cat":334130},{"id":65305,"n":"Collants Modacolors Le Bourget Opaque noir T1/2","p":5.95,"img":"https://fd11-photos.leclercdrive.fr/image.ashx?id=2056566&use=l&cat=p&typeid=i","cat":334130},{"id":65306,"n":"Collants Modacolors Le Bourget  Opaque noir T3/4","p":5.95,"img":"https://fd11-photos.leclercdrive.fr/image.ashx?id=2056569&use=l&cat=p&typeid=i","cat":334130},{"id":65307,"n":"Collants Modacolors Le Bourget Opaque noir T5/6","p":5.95,"img":"https://fd11-photos.leclercdrive.fr/image.ashx?id=2559526&use=l&cat=p&typeid=i","cat":334130},{"id":65336,"n":"Café dosettes Tassimo L'Or Espresso Splendente x16","p":4.75,"u":"42,41 €/KG","img":"https://fd11-photos.leclercdrive.fr/image.ashx?id=2853404&use=l&cat=p&typeid=i","cat":293240},{"id":65337,"n":"Epices pour fajitas Old El Paso doux - 30g","p":1.29,"u":"43,00 €/KG","img":"https://fd11-photos.leclercdrive.fr/image.ashx?id=2737702&use=l&cat=p&typeid=i","cat":288993},{"id":65341,"n":"Bonbons LUTTI Koala Guimauve Chocolat - 185g","p":1.45,"u":"7,84 €/KG","img":"https://fd11-photos.leclercdrive.fr/image.ashx?id=2806147&use=l&cat=p&typeid=i","cat":304250},{"id":65342,"n":"Bonbons LUTTI Surffizz Piquants Fruits - 200g","p":1.17,"u":"5,85 €/KG","img":"https://fd11-photos.leclercdrive.fr/image.ashx?id=2806144&use=l&cat=p&typeid=i","cat":304250},{"id":65366,"n":"Bière blonde Affligem Pack 6.7% vol. - 20x25cl","p":15.19,"u":"3,04 €/L","img":"https://fd11-photos.leclercdrive.fr/image.ashx?id=2774274&use=l&cat=p&typeid=i","cat":334852},{"id":65768,"n":"Croûtons crispy oignons   - 80g","p":1.95,"u":"24,38 €/KG","img":"https://fd11-photos.leclercdrive.fr/image.ashx?id=2800666&use=l&cat=p&typeid=i","cat":284464},{"id":65769,"n":"Croûtons  Original - 80g","p":1.95,"u":"24,38 €/KG","img":"https://fd11-photos.leclercdrive.fr/image.ashx?id=2800672&use=l&cat=p&typeid=i","cat":284464},{"id":65770,"n":"Croûtons  mediterraneens - 80g","p":1.95,"u":"24,38 €/KG","img":"https://fd11-photos.leclercdrive.fr/image.ashx?id=2774030&use=l&cat=p&typeid=i","cat":284464},{"id":65772,"n":"Croûtons  Caesar  - 80g","p":1.95,"u":"24,38 €/KG","img":"https://fd11-photos.leclercdrive.fr/image.ashx?id=2774706&use=l&cat=p&typeid=i","cat":284464},{"id":65822,"n":"Dentifrice Parodontax Fraicheur intense 2x75ml","p":8.2,"u":"54,67 €/L","img":"https://fd11-photos.leclercdrive.fr/image.ashx?id=2537237&use=l&cat=p&typeid=i","cat":290419},{"id":65837,"n":"Gel lavant bébé Natessance bio Naturel - 500ml","p":5.99,"u":"11,98 €/L","img":"https://fd11-photos.leclercdrive.fr/image.ashx?id=2734990&use=l&cat=p&typeid=i","cat":290425},{"id":65856,"n":"Cica lèvres Uriage Bariéderm - 15ml","p":4.89,"u":"326,00 €/L","img":"https://fd11-photos.leclercdrive.fr/image.ashx?id=2735452&use=l&cat=p&typeid=i","cat":291172},{"id":65866,"n":"Eau micellaire La Roche Posay Peaux réactives - 400ml","p":9.94,"u":"24,85 €/L","img":"https://fd11-photos.leclercdrive.fr/image.ashx?id=2863157&use=l&cat=p&typeid=i","cat":301587},{"id":65876,"n":"Shampooing Nodé K Bioderma 150ml","p":11.39,"u":"75,93 €/L","img":"https://fd11-photos.leclercdrive.fr/image.ashx?id=2086066&use=l&cat=p&typeid=i","cat":290400},{"id":65904,"n":"Liniment Mots d'Enfants 500ml","p":3.9,"u":"7,80 €/L","img":"https://fd11-photos.leclercdrive.fr/image.ashx?id=2290721&use=l&cat=p&typeid=i","cat":284741},{"id":65910,"n":"Steak haché Charal Atelier race Normande - 260g","p":6.55,"u":"25,19 €/KG","img":"https://fd11-photos.leclercdrive.fr/image.ashx?id=2549630&use=l&cat=p&typeid=i","cat":284332},{"id":65926,"n":"Guacamole Extra l'Atelier Blini 175g","p":3.38,"u":"19,31 €/KG","img":"https://fd11-photos.leclercdrive.fr/image.ashx?id=2852504&use=l&cat=p&typeid=i","cat":315999},{"id":65950,"n":"Gel toilette intime Doulys 200ml","p":2.47,"u":"12,35 €/L","img":"https://fd11-photos.leclercdrive.fr/image.ashx?id=1703245&use=l&cat=p&typeid=i","cat":284627},{"id":65970,"n":"Crème légère fluide Bridélice 12%MG - 3x20cl","p":2.43,"u":"4,05 €/L","img":"https://fd11-photos.leclercdrive.fr/image.ashx?id=2904736&use=l&cat=p&typeid=i","cat":284381},{"id":66003,"n":"Jus de pruneau Bio Vallée verte 1L","p":4.35,"u":"4,35 €/L","img":"https://fd11-photos.leclercdrive.fr/image.ashx?id=2770795&use=l&cat=p&typeid=i","cat":284915},{"id":66019,"n":"Crème mains Neutrogena  Parfumée - 50ml","p":4.4,"u":"88,00 €/L","img":"https://fd11-photos.leclercdrive.fr/image.ashx?id=2929074&use=l&cat=p&typeid=i","cat":290424},{"id":66021,"n":"Soin lavant Saforelle Doux - 500ml","p":8.99,"u":"17,98 €/L","img":"https://fd11-photos.leclercdrive.fr/image.ashx?id=2022057&use=l&cat=p&typeid=i","cat":301348},{"id":66028,"n":"Déodorant Physio La Roche Posay Aérosol - 24H - 150ml","p":7.98,"u":"53,20 €/L","img":"https://fd11-photos.leclercdrive.fr/image.ashx?id=2086057&use=l&cat=p&typeid=i","cat":301593},{"id":66029,"n":"Déodorant bille La Roche Posay Physiologique - 50ml","p":7.98,"u":"159,60 €/L","img":"https://fd11-photos.leclercdrive.fr/image.ashx?id=2128878&use=l&cat=p&typeid=i","cat":301593},{"id":66031,"n":"Déodorant bille Vichy Anti-transpirant - 50ml","p":7.39,"u":"147,80 €/L","img":"https://fd11-photos.leclercdrive.fr/image.ashx?id=1975613&use=l&cat=p&typeid=i","cat":301593},{"id":66032,"n":"Déodorant bille Vichy Anti-transpirant intensif -50ml","p":7.9,"u":"158,00 €/L","img":"https://fd11-photos.leclercdrive.fr/image.ashx?id=1971464&use=l&cat=p&typeid=i","cat":301593},{"id":66033,"n":"Déodorant Bille Vichy Homme - 50ml","p":7.39,"u":"147,80 €/L","img":"https://fd11-photos.leclercdrive.fr/image.ashx?id=2405563&use=l&cat=p&typeid=i","cat":301593},{"id":66034,"n":"Déodorant aérosol Vichy Anti-transpirant - 125 ml","p":7.39,"u":"59,12 €/L","img":"https://fd11-photos.leclercdrive.fr/image.ashx?id=1971446&use=l&cat=p&typeid=i","cat":301593},{"id":66218,"n":"Lait Lipikar La Roche Posay 400ml","p":13.72,"u":"34,30 €/L","img":"https://fd11-photos.leclercdrive.fr/image.ashx?id=2741484&use=l&cat=p&typeid=i","cat":290421},{"id":66245,"n":"Bougies d'anniversaire Vahiné Roses - blister de 16 bougies","p":1.4,"u":"0,09 €/P","img":"https://fd11-photos.leclercdrive.fr/image.ashx?id=1209488&use=l&cat=p&typeid=i","cat":284504},{"id":66266,"n":"Brioche tranchée Pasquier Tranches gourmandes - 450g","p":2.08,"u":"4,62 €/KG","img":"https://fd11-photos.leclercdrive.fr/image.ashx?id=2850940&use=l&cat=p&typeid=i","cat":284478},{"id":66284,"n":"Saucisson sec Saint-Azay 30 tranches - 100g","p":1.43,"u":"14,30 €/KG","img":"https://fd11-photos.leclercdrive.fr/image.ashx?id=2907213&use=l&cat=p&typeid=i","cat":316007},{"id":66293,"n":"Eau aromatisée Volvic juicy jus de fraise - 6x50cl","p":3.67,"u":"1,22 €/L","img":"https://fd11-photos.leclercdrive.fr/image.ashx?id=2961996&use=l&cat=p&typeid=i","cat":284537},{"id":66356,"n":"Café Soluble Nescafé  Cappuccino Classique - 280g","p":4.23,"u":"15,11 €/KG","img":"https://fd11-photos.leclercdrive.fr/image.ashx?id=2918044&use=l&cat=p&typeid=i","cat":284843},{"id":66369,"n":"Déodorant Nivea Fresh natural - 150ml","p":2.53,"u":"16,87 €/L","img":"https://fd11-photos.leclercdrive.fr/image.ashx?id=3005221&use=l&cat=p&typeid=i","cat":284618},{"id":66385,"n":"Démaquillant yeux Inell Waterproof bi-phase - 150ml","p":1.98,"u":"13,20 €/L","img":"https://fd11-photos.leclercdrive.fr/image.ashx?id=1962713&use=l&cat=p&typeid=i","cat":284603},{"id":66555,"n":"Café moulu Bio Village Bio Ethiopie - 250g","p":4.35,"u":"17,40 €/KG","img":"https://fd11-photos.leclercdrive.fr/image.ashx?id=2468876&use=l&cat=p&typeid=i","cat":284750},{"id":66651,"n":"Doonuts nappés St Michel 180g","p":1.67,"u":"9,28 €/KG","img":"https://fd11-photos.leclercdrive.fr/image.ashx?id=2928495&use=l&cat=p&typeid=i","cat":284495},{"id":66652,"n":"Doonuts marbrés St Michel 180g","p":1.71,"u":"9,50 €/KG","img":"https://fd11-photos.leclercdrive.fr/image.ashx?id=2962299&use=l&cat=p&typeid=i","cat":284495},{"id":66739,"n":"Petits Pots  - P'tite Recette  Paëlla - dès 12 mois - 2x200g","p":2.27,"u":"5,68 €/KG","img":"https://fd11-photos.leclercdrive.fr/image.ashx?id=2525693&use=l&cat=p&typeid=i","cat":312237},{"id":66740,"n":"P'tite Recette Nestlé Lentilles Vertes Jambon 12 mois - 2x200g","p":2.16,"u":"5,40 €/KG","img":"https://fd11-photos.leclercdrive.fr/image.ashx?id=2525690&use=l&cat=p&typeid=i","cat":312237},{"id":66745,"n":"Lait velouté hydratant Uriage 500ml","p":13.56,"u":"27,12 €/L","img":"https://fd11-photos.leclercdrive.fr/image.ashx?id=2773751&use=l&cat=p&typeid=i","cat":290421},{"id":66752,"n":"Boisson au riz Végé 1L Végé - 200g","p":1.55,"u":"1,55 €/L","img":"https://fd11-photos.leclercdrive.fr/image.ashx?id=2896030&use=l&cat=p&typeid=i","cat":316067},{"id":66754,"n":"Boisson a l'avoine Végé 1L Végé - 200g","p":1.47,"u":"1,47 €/L","img":"https://fd11-photos.leclercdrive.fr/image.ashx?id=2869501&use=l&cat=p&typeid=i","cat":316067},{"id":66755,"n":"Boisson à la noisette Végé 1L Végé - 200g","p":1.79,"u":"1,79 €/L","img":"https://fd11-photos.leclercdrive.fr/image.ashx?id=2869504&use=l&cat=p&typeid=i","cat":316067},{"id":66757,"n":"Soja cuisine Bio Bio Village Végétal - 25cl","p":0.95,"u":"3,80 €/L","img":"https://fd11-photos.leclercdrive.fr/image.ashx?id=2791060&use=l&cat=p&typeid=i","cat":316069},{"id":66761,"n":"Mini gratins Côté Table Légumes du soleil - 400g","p":3.69,"u":"9,23 €/KG","img":"https://fd11-photos.leclercdrive.fr/image.ashx?id=2059098&use=l&cat=p&typeid=i","cat":319802},{"id":66803,"n":"Biscuits Nutella B-ready Cacao noisettes - 330g","p":3.94,"u":"11,94 €/KG","img":"https://fd11-photos.leclercdrive.fr/image.ashx?id=2770599&use=l&cat=p&typeid=i","cat":284488},{"id":66804,"n":"Biscuits Nutella B-ready Cacao Noisettes - 220g","p":2.81,"u":"12,77 €/KG","img":"https://fd11-photos.leclercdrive.fr/image.ashx?id=2630784&use=l&cat=p&typeid=i","cat":284488},{"id":66843,"n":"Bandes de cire froide Siliss Visage - x32","p":2.19,"u":"0,07 €/P","img":"https://fd11-photos.leclercdrive.fr/image.ashx?id=2699708&use=l&cat=p&typeid=i","cat":325351},{"id":66948,"n":"Armagnac 40°C - 50cl Nos Régions Ont du Talent","p":16.45,"u":"32,90 €/L","img":"https://fd11-photos.leclercdrive.fr/image.ashx?id=2161287&use=l&cat=p&typeid=i","cat":286032},{"id":66965,"n":"Matière grasse Primevere Oméga 3 - 55% - 500g","p":2.91,"u":"5,82 €/KG","img":"https://fd11-photos.leclercdrive.fr/image.ashx?id=2939328&use=l&cat=p&typeid=i","cat":315229},{"id":66967,"n":"Matière grasse Primevere 63%MG - oméga 3 - 500g","p":3.23,"u":"6,46 €/KG","img":"https://fd11-photos.leclercdrive.fr/image.ashx?id=2936044&use=l&cat=p&typeid=i","cat":315229},{"id":66968,"n":"Beurre tendre Président Doux - 82% MG - 250g","p":3.13,"u":"12,52 €/KG","img":"https://fd11-photos.leclercdrive.fr/image.ashx?id=2811944&use=l&cat=p&typeid=i","cat":284379},{"id":66969,"n":"Pommes de terre Notre Jardin En lamelle - 500g","p":1.38,"u":"2,76 €/KG","img":"https://fd11-photos.leclercdrive.fr/image.ashx?id=2670335&use=l&cat=p&typeid=i","cat":284352},{"id":66974,"n":"Quart de jambon sec Saint Azay 18 tranches - 220g","p":2.84,"u":"12,91 €/KG","img":"https://fd11-photos.leclercdrive.fr/image.ashx?id=2874386&use=l&cat=p&typeid=i","cat":316007},{"id":66978,"n":"Poire bio Bio Village Barquette x4","p":2.99,"u":"0,75 €/P","img":"https://fd11-photos.leclercdrive.fr/image.ashx?id=2551999&use=l&cat=p&typeid=i","cat":284356},{"id":66982,"n":"Truite eau douce Ronde des Mers x4 tranches - 100g","p":3.24,"u":"32,40 €/KG","img":"https://fd11-photos.leclercdrive.fr/image.ashx?id=2839924&use=l&cat=p&typeid=i","cat":285188},{"id":66985,"n":"Roulés au fromage Côté Table x2 - 260g","p":2.32,"u":"8,92 €/KG","img":"https://fd11-photos.leclercdrive.fr/image.ashx?id=2794838&use=l&cat=p&typeid=i","cat":333671},{"id":66989,"n":"Yaourt bifidus Activia céréales noix - 4x120g","p":2.04,"u":"4,25 €/KG","img":"https://fd11-photos.leclercdrive.fr/image.ashx?id=2901623&use=l&cat=p&typeid=i","cat":315000},{"id":66990,"n":"Yaourt bifidus Activia céréales muesli - 4x120g","p":1.99,"u":"4,15 €/KG","img":"https://fd11-photos.leclercdrive.fr/image.ashx?id=2901620&use=l&cat=p&typeid=i","cat":315000},{"id":66992,"n":"Sauce grand veneur Charal 120g","p":2.04,"u":"17,00 €/KG","img":"https://fd11-photos.leclercdrive.fr/image.ashx?id=2144275&use=l&cat=p&typeid=i","cat":327293},{"id":67090,"n":"Soupe Doux Plaisir Liebig  Légumes et kiri - 1L","p":2.38,"u":"2,38 €/L","img":"https://fd11-photos.leclercdrive.fr/image.ashx?id=2186706&use=l&cat=p&typeid=i","cat":284462},{"id":67143,"n":"Quatro de graines Daco Bello Grillées - Non salées - 175g","p":4.23,"u":"24,17 €/KG","img":"https://fd11-photos.leclercdrive.fr/image.ashx?id=2298544&use=l&cat=p&typeid=i","cat":284357},{"id":67378,"n":"Sirop Eco+ Grenadine - 1L","p":1.71,"u":"1,71 €/L","img":"https://fd11-photos.leclercdrive.fr/image.ashx?id=2901419&use=l&cat=p&typeid=i","cat":295020},{"id":67393,"n":"Beurre gastronomique Président Doux - 82% MG - 250g","p":2.74,"u":"10,96 €/KG","img":"https://fd11-photos.leclercdrive.fr/image.ashx?id=3011104&use=l&cat=p&typeid=i","cat":284379},{"id":67459,"n":"Haricots blancs Eco+ 530g","p":0.95,"u":"1,79 €/KG","img":"https://fd11-photos.leclercdrive.fr/image.ashx?id=3003717&use=l&cat=p&typeid=i","cat":312606},{"id":67460,"n":"Champignons Pieds morceaux - 460g","p":1.42,"u":"3,09 €/KG","img":"https://fd11-photos.leclercdrive.fr/image.ashx?id=3014338&use=l&cat=p&typeid=i","cat":312610},{"id":67564,"n":"Ruban correcteur UHU Mini - 2x6m","p":2.56,"img":"https://fd11-photos.leclercdrive.fr/image.ashx?id=2057665&use=l&cat=p&typeid=i","cat":334133},{"id":67568,"n":"Curry moulu Rustica 42g","p":0.55,"u":"13,10 €/KG","img":"https://fd11-photos.leclercdrive.fr/image.ashx?id=2772975&use=l&cat=p&typeid=i","cat":298297},{"id":67569,"n":"Oignon semoule Rustica Déshydraté - 30g","p":0.99,"u":"33,00 €/KG","img":"https://fd11-photos.leclercdrive.fr/image.ashx?id=2772978&use=l&cat=p&typeid=i","cat":298297},{"id":67570,"n":"Poivre noir moulu Rustica Indonésie - 38g","p":0.81,"u":"21,32 €/KG","img":"https://fd11-photos.leclercdrive.fr/image.ashx?id=2797793&use=l&cat=p&typeid=i","cat":284457},{"id":67571,"n":"Poivre noir Rustica Moulin - 28g","p":1.22,"u":"43,57 €/KG","img":"https://fd11-photos.leclercdrive.fr/image.ashx?id=2932674&use=l&cat=p&typeid=i","cat":284457},{"id":67572,"n":"Ciboulette Rustica 4g","p":0.43,"u":"107,50 €/KG","img":"https://fd11-photos.leclercdrive.fr/image.ashx?id=2772990&use=l&cat=p&typeid=i","cat":298297},{"id":67573,"n":"Cumin moulu Rustica 32g","p":0.59,"u":"18,44 €/KG","img":"https://fd11-photos.leclercdrive.fr/image.ashx?id=2772963&use=l&cat=p&typeid=i","cat":298297},{"id":67575,"n":"Saucisse fumée de Savoie Socopa Façon charcutière x4 - 320g","p":3.73,"u":"11,66 €/KG","img":"https://fd11-photos.leclercdrive.fr/image.ashx?id=2264686&use=l&cat=p&typeid=i","cat":284334},{"id":67620,"n":"Persil Rustica 5g","p":0.39,"u":"78,00 €/KG","img":"https://fd11-photos.leclercdrive.fr/image.ashx?id=2772969&use=l&cat=p&typeid=i","cat":298297},{"id":67621,"n":"Paprika doux moulu Rustica  40g","p":0.49,"u":"12,25 €/KG","img":"https://fd11-photos.leclercdrive.fr/image.ashx?id=2772966&use=l&cat=p&typeid=i","cat":298297},{"id":67622,"n":"Thym Rustica 14g","p":0.4,"u":"28,57 €/KG","img":"https://fd11-photos.leclercdrive.fr/image.ashx?id=2797784&use=l&cat=p&typeid=i","cat":298297},{"id":67651,"n":"Poivre Noir moulu Bio Village Bio  - 38g","p":1.99,"u":"52,37 €/KG","img":"https://fd11-photos.leclercdrive.fr/image.ashx?id=2706538&use=l&cat=p&typeid=i","cat":284457},{"id":67652,"n":"Poivre gris moulu Flacon - 36g","p":1.11,"u":"30,83 €/KG","img":"https://fd11-photos.leclercdrive.fr/image.ashx?id=2797778&use=l&cat=p&typeid=i","cat":284457},{"id":67653,"n":"Gingembre moulu Rustica 27g","p":1.19,"u":"44,07 €/KG","img":"https://fd11-photos.leclercdrive.fr/image.ashx?id=2797796&use=l&cat=p&typeid=i","cat":298297},{"id":67654,"n":"Ail semoule Bio Village Bio 56g","p":1.99,"u":"35,54 €/KG","img":"https://fd11-photos.leclercdrive.fr/image.ashx?id=2991461&use=l&cat=p&typeid=i","cat":298297},{"id":67667,"n":"Purée de tomate Panzani Tomacouli nature - 500g","p":0.92,"u":"1,84 €/KG","img":"https://fd11-photos.leclercdrive.fr/image.ashx?id=2979623&use=l&cat=p&typeid=i","cat":288384},{"id":67678,"n":"Curcuma moulu Rustica 37g","p":0.66,"u":"17,84 €/KG","img":"https://fd11-photos.leclercdrive.fr/image.ashx?id=2772981&use=l&cat=p&typeid=i","cat":298297},{"id":67679,"n":"Estragon Rustica 7g","p":0.79,"u":"112,86 €/KG","img":"https://fd11-photos.leclercdrive.fr/image.ashx?id=2772993&use=l&cat=p&typeid=i","cat":298297},{"id":67680,"n":"Herbes de provence Rustica 120g","p":2.6,"u":"21,67 €/KG","img":"https://fd11-photos.leclercdrive.fr/image.ashx?id=1210392&use=l&cat=p&typeid=i","cat":298297},{"id":67681,"n":"Herbes de Provence Rustica 18g","p":0.41,"u":"22,78 €/KG","img":"https://fd11-photos.leclercdrive.fr/image.ashx?id=2772972&use=l&cat=p&typeid=i","cat":298297},{"id":67682,"n":"Noix de Muscade Rustica Moulue - 32g","p":1.36,"u":"42,50 €/KG","img":"https://fd11-photos.leclercdrive.fr/image.ashx?id=2772996&use=l&cat=p&typeid=i","cat":298297},{"id":67683,"n":"Persillade Rustica 95g","p":1.74,"u":"18,32 €/KG","img":"https://fd11-photos.leclercdrive.fr/image.ashx?id=2932668&use=l&cat=p&typeid=i","cat":298297},{"id":67693,"n":"Piment de Cayenne Rustica 38g","p":1.09,"u":"28,68 €/KG","img":"https://fd11-photos.leclercdrive.fr/image.ashx?id=2932671&use=l&cat=p&typeid=i","cat":298297},{"id":67712,"n":"Yaourts nature Délisse Au lait chèvre - 4x125g","p":1.84,"u":"3,68 €/KG","img":"https://fd11-photos.leclercdrive.fr/image.ashx?id=1847192&use=l&cat=p&typeid=i","cat":314998},{"id":67875,"n":"The Pik Box Haribo Boîte bonbons acidulés - 550g","p":4.52,"u":"8,22 €/KG","img":"https://fd11-photos.leclercdrive.fr/image.ashx?id=2805219&use=l&cat=p&typeid=i","cat":304250},{"id":67892,"n":"Amandes décortiquées Sun 300g","p":6.42,"u":"21,40 €/KG","img":"https://fd11-photos.leclercdrive.fr/image.ashx?id=2765027&use=l&cat=p&typeid=i","cat":284448},{"id":67916,"n":"Croq' Radis Florette Sachet 200g","p":2.45,"u":"12,25 €/KG","img":"https://fd11-photos.leclercdrive.fr/image.ashx?id=2859344&use=l&cat=p&typeid=i","cat":284352},{"id":68010,"n":"Crème dessert Bio Les 2 vaches Vanille - 4x95g","p":1.69,"u":"4,45 €/KG","img":"https://fd11-photos.leclercdrive.fr/image.ashx?id=2774015&use=l&cat=p&typeid=i","cat":285041},{"id":68011,"n":"Crème dessert Bio Les 2 vaches Caramel - 4x95g","p":1.75,"u":"4,61 €/KG","img":"https://fd11-photos.leclercdrive.fr/image.ashx?id=2774097&use=l&cat=p&typeid=i","cat":285041},{"id":68012,"n":"Crème dessert Bio Les 2 vaches Chocolat - 4x95g","p":1.65,"u":"4,34 €/KG","img":"https://fd11-photos.leclercdrive.fr/image.ashx?id=2774100&use=l&cat=p&typeid=i","cat":285041},{"id":68015,"n":"Poire Comice 1p","p":0.9,"img":"https://fd11-photos.leclercdrive.fr/image.ashx?id=1628451&use=l&cat=p&typeid=i","cat":284356},{"id":68087,"n":"Ananas Douceur du Verger Tranches brisées -  340g","p":1.59,"u":"4,68 €/KG","img":"https://fd11-photos.leclercdrive.fr/image.ashx?id=2485086&use=l&cat=p&typeid=i","cat":284507},{"id":68088,"n":"Cannelle Rustica 39g","p":0.88,"u":"22,56 €/KG","img":"https://fd11-photos.leclercdrive.fr/image.ashx?id=2772960&use=l&cat=p&typeid=i","cat":298297},{"id":68090,"n":"Champignons Bio Village Bio Emincés - 170g","p":2.25,"u":"13,24 €/KG","img":"https://fd11-photos.leclercdrive.fr/image.ashx?id=2613294&use=l&cat=p&typeid=i","cat":312610},{"id":68093,"n":"Champignons Paris Notre Jardin Entiers - 2x115g","p":1.85,"u":"8,04 €/KG","img":"https://fd11-photos.leclercdrive.fr/image.ashx?id=2991139&use=l&cat=p&typeid=i","cat":312610},{"id":68094,"n":"Poivre blanc Rustica Moulu - 36g","p":1.89,"u":"52,50 €/KG","img":"https://fd11-photos.leclercdrive.fr/image.ashx?id=2772987&use=l&cat=p&typeid=i","cat":284457},{"id":68095,"n":"Yaourt à la grecque YAOS Nature lit de fraises 4x125g","p":2.34,"u":"4,68 €/KG","img":"https://fd11-photos.leclercdrive.fr/image.ashx?id=2729734&use=l&cat=p&typeid=i","cat":314999},{"id":68097,"n":"Yaourt à la grecque YAOS Citron - 4x125g","p":2.39,"u":"4,78 €/KG","img":"https://fd11-photos.leclercdrive.fr/image.ashx?id=2578672&use=l&cat=p&typeid=i","cat":314999},{"id":68146,"n":"Riz au lait Bio vanille Bourbon Invitation à la ferme - 4x125g","p":2.93,"u":"5,86 €/KG","img":"https://fd11-photos.leclercdrive.fr/image.ashx?id=2373624&use=l&cat=p&typeid=i","cat":284418},{"id":68158,"n":"Lardons fumés 1kg","p":9.99,"u":"9,99 €/KG","img":"https://fd11-photos.leclercdrive.fr/image.ashx?id=1227792&use=l&cat=p&typeid=i","cat":316011},{"id":68214,"n":"Biscuits Petits Cœurs LU Chocolat - 125g","p":1.11,"u":"8,88 €/KG","img":"https://fd11-photos.leclercdrive.fr/image.ashx?id=3002021&use=l&cat=p&typeid=i","cat":284488},{"id":68217,"n":"Biscuits Croc Sablé Pépito  Chocolat - 294g","p":1.13,"u":"3,84 €/KG","img":"https://fd11-photos.leclercdrive.fr/image.ashx?id=2347254&use=l&cat=p&typeid=i","cat":284488},{"id":68278,"n":"Recharge gel lavant Manava Hypoallergénique - 250ml","p":0.66,"u":"2,64 €/L","img":"https://fd11-photos.leclercdrive.fr/image.ashx?id=2935537&use=l&cat=p&typeid=i","cat":284597},{"id":68368,"n":"Viande bovine pièce fondue  600g","p":12.9,"u":"21,50 €/KG","img":"https://fd11-photos.leclercdrive.fr/image.ashx?id=2117915&use=l&cat=p&typeid=i","cat":284328},{"id":68399,"n":"Poisson pané Double délice   Findus x8 - 600g","p":5.24,"u":"8,73 €/KG","img":"https://fd11-photos.leclercdrive.fr/image.ashx?id=2679594&use=l&cat=p&typeid=i","cat":319788},{"id":68432,"n":"Gel WC Syphon Activ'Effect Fraîcheur pin - 750ml","p":0.74,"u":"0,99 €/L","img":"https://fd11-photos.leclercdrive.fr/image.ashx?id=2388382&use=l&cat=p&typeid=i","cat":284662},{"id":68445,"n":"Recharge crème lavante Manava Framboise pivoine - 250ml","p":0.57,"u":"2,28 €/L","img":"https://fd11-photos.leclercdrive.fr/image.ashx?id=2935510&use=l&cat=p&typeid=i","cat":284597},{"id":68453,"n":"Gel lavant Manava Hypoallergénique - 300ml","p":1.05,"u":"3,50 €/L","img":"https://fd11-photos.leclercdrive.fr/image.ashx?id=2935528&use=l&cat=p&typeid=i","cat":284597},{"id":68459,"n":"Nettoyant Clair Parquets classiques - 1L","p":2.45,"u":"2,45 €/L","img":"https://fd11-photos.leclercdrive.fr/image.ashx?id=1948027&use=l&cat=p&typeid=i","cat":284907},{"id":68475,"n":"Culotte Chorys Médium nuit - x12","p":8.56,"u":"0,71 €/P","img":"https://fd11-photos.leclercdrive.fr/image.ashx?id=2716009&use=l&cat=p&typeid=i","cat":284628},{"id":68476,"n":"Culotte Chorys Absorption plus large nuit x10","p":7.14,"u":"0,71 €/P","img":"https://fd11-photos.leclercdrive.fr/image.ashx?id=2704490&use=l&cat=p&typeid=i","cat":284628},{"id":68479,"n":"Couches de bain Mots d'Enfants Baby Swim - Taille S - x12","p":6.1,"img":"https://fd11-photos.leclercdrive.fr/image.ashx?id=2907219&use=l&cat=p&typeid=i","cat":290634},{"id":68482,"n":"Couches de bain Mots d'Enfants Baby Swim - Taille M - x11","p":5.89,"u":"0,54 €/P","img":"https://fd11-photos.leclercdrive.fr/image.ashx?id=2907222&use=l&cat=p&typeid=i","cat":290634},{"id":68486,"n":"Tampon Nett  Digital normal boite - x24","p":2.38,"u":"0,10 €/P","img":"https://fd11-photos.leclercdrive.fr/image.ashx?id=2359657&use=l&cat=p&typeid=i","cat":284626},{"id":68668,"n":"Serpillère Vileda Ultramax Power","p":17.47,"img":"https://fd11-photos.leclercdrive.fr/image.ashx?id=2463353&use=l&cat=p&typeid=i","cat":284669},{"id":68670,"n":"Recharge Vileda Ultramax power 2 en 1","p":6.89,"img":"https://fd11-photos.leclercdrive.fr/image.ashx?id=2433271&use=l&cat=p&typeid=i","cat":284669},{"id":68737,"n":"Crème de coco légère Bio Bjorg  20cl","p":1.56,"u":"7,80 €/L","img":"https://fd11-photos.leclercdrive.fr/image.ashx?id=2936386&use=l&cat=p&typeid=i","cat":288992},{"id":68824,"n":"Coton maxi carré Inell Aloé Vera - x50","p":1.75,"u":"0,04 €/P","img":"https://fd11-photos.leclercdrive.fr/image.ashx?id=1959190&use=l&cat=p&typeid=i","cat":284636},{"id":68839,"n":"Ananas Douceur du Verger Tranches entières - 340g","p":1.87,"u":"5,50 €/KG","img":"https://fd11-photos.leclercdrive.fr/image.ashx?id=2562949&use=l&cat=p&typeid=i","cat":284507},{"id":68840,"n":"Chocolat noir Bio Village Bio - Noisettes entières - 200g","p":3.33,"u":"16,65 €/KG","img":"https://fd11-photos.leclercdrive.fr/image.ashx?id=2646026&use=l&cat=p&typeid=i","cat":284956},{"id":68861,"n":"Miel Bio Village Bio crémeux de fleurs - 500g","p":4.99,"u":"9,98 €/KG","img":"https://fd11-photos.leclercdrive.fr/image.ashx?id=2564219&use=l&cat=p&typeid=i","cat":287643},{"id":68862,"n":"Pâte à tartiner Nustikao 600g","p":2.73,"u":"4,55 €/KG","img":"https://fd11-photos.leclercdrive.fr/image.ashx?id=2814869&use=l&cat=p&typeid=i","cat":284481},{"id":68863,"n":"Compote Douceur du Verger Gourdes Pomme - 12x90g","p":2.95,"u":"2,73 €/KG","img":"https://fd11-photos.leclercdrive.fr/image.ashx?id=2843794&use=l&cat=p&typeid=i","cat":284508},{"id":68864,"n":"Compote Douceur du Verger Bocal pomme poire - 710g","p":1.75,"u":"2,46 €/KG","img":"https://fd11-photos.leclercdrive.fr/image.ashx?id=2663539&use=l&cat=p&typeid=i","cat":284508},{"id":68865,"n":"Compote Douceur du Verger Bocal pomme vanille - 710g","p":1.57,"u":"2,21 €/KG","img":"https://fd11-photos.leclercdrive.fr/image.ashx?id=2663542&use=l&cat=p&typeid=i","cat":284508},{"id":68866,"n":"Compote Douceur du Verger Bocal pomme - 710g","p":1.27,"u":"1,79 €/KG","img":"https://fd11-photos.leclercdrive.fr/image.ashx?id=2663536&use=l&cat=p&typeid=i","cat":284508},{"id":68868,"n":"Riz long Bio Village Bio semi complet - 500g","p":2.25,"u":"4,50 €/KG","img":"https://fd11-photos.leclercdrive.fr/image.ashx?id=2441513&use=l&cat=p&typeid=i","cat":284428},{"id":68882,"n":"Compote bio Bio Village Coupelle pomme - 8x100g","p":2.89,"u":"3,61 €/KG","img":"https://fd11-photos.leclercdrive.fr/image.ashx?id=1947749&use=l&cat=p&typeid=i","cat":284508},{"id":68898,"n":"Mangues Douceur du Verger Sirop - 235g","p":1.18,"u":"5,02 €/KG","img":"https://fd11-photos.leclercdrive.fr/image.ashx?id=2093775&use=l&cat=p&typeid=i","cat":284507},{"id":68913,"n":"Purificateur d'air Sanytol Désinfectant - 300ml","p":3.38,"u":"11,27 €/L","img":"https://fd11-photos.leclercdrive.fr/image.ashx?id=2901659&use=l&cat=p&typeid=i","cat":311626},{"id":68930,"n":"Soupe liquide bio Knorr Légumes potager à la crème - 1L","p":3.39,"u":"3,39 €/L","img":"https://fd11-photos.leclercdrive.fr/image.ashx?id=2312572&use=l&cat=p&typeid=i","cat":284462},{"id":68935,"n":"Soupe Régal Soupe Poule pot vermicelles - 1L","p":2.02,"u":"2,02 €/L","img":"https://fd11-photos.leclercdrive.fr/image.ashx?id=2607581&use=l&cat=p&typeid=i","cat":284462},{"id":68951,"n":"Crème dessert La Laitière  Velours de crème caramel 4x85g","p":1.99,"u":"5,85 €/KG","img":"https://fd11-photos.leclercdrive.fr/image.ashx?id=3007930&use=l&cat=p&typeid=i","cat":285041},{"id":68952,"n":"Crème dessert La Laitière Velours de crème chocolat 4x85g","p":2.19,"u":"6,44 €/KG","img":"https://fd11-photos.leclercdrive.fr/image.ashx?id=2633824&use=l&cat=p&typeid=i","cat":285041},{"id":68953,"n":"Crème dessert La Laitière Chocolat Caramel - 4x85g","p":2.19,"u":"6,44 €/KG","img":"https://fd11-photos.leclercdrive.fr/image.ashx?id=2633827&use=l&cat=p&typeid=i","cat":285041},{"id":68986,"n":"Lait d'amande Bio Village Sans sucre bio - 1L","p":1.41,"u":"1,41 €/L","img":"https://fd11-photos.leclercdrive.fr/image.ashx?id=2358099&use=l&cat=p&typeid=i","cat":316067},{"id":68996,"n":"Crackers bio Bio Village Emmental courge - 200g","p":2.69,"u":"13,45 €/KG","img":"https://fd11-photos.leclercdrive.fr/image.ashx?id=2310507&use=l&cat=p&typeid=i","cat":297000},{"id":69006,"n":"Tomates séchées Rustica Bocal - 280g","p":2.5,"u":"8,93 €/KG","img":"https://fd11-photos.leclercdrive.fr/image.ashx?id=2539457&use=l&cat=p&typeid=i","cat":284458},{"id":69061,"n":"Yaourt nature Danone 4x125g","p":0.92,"u":"1,84 €/KG","img":"https://fd11-photos.leclercdrive.fr/image.ashx?id=2911184&use=l&cat=p&typeid=i","cat":284409},{"id":69062,"n":"Yaourt nature Danone 12x125g","p":2.75,"u":"1,83 €/KG","img":"https://fd11-photos.leclercdrive.fr/image.ashx?id=2915688&use=l&cat=p&typeid=i","cat":284409},{"id":69063,"n":"Yaourt nature Danone 16x125g","p":3.14,"u":"1,57 €/KG","img":"https://fd11-photos.leclercdrive.fr/image.ashx?id=2915691&use=l&cat=p&typeid=i","cat":284409},{"id":69067,"n":"Crème dessert Délisse Saveur cookies - 4x125g","p":1.52,"u":"3,04 €/KG","img":"https://fd11-photos.leclercdrive.fr/image.ashx?id=2441405&use=l&cat=p&typeid=i","cat":285041},{"id":69070,"n":"Yaourts brassés velouté Danone Nature - 16x125g","p":4.19,"u":"2,10 €/KG","img":"https://fd11-photos.leclercdrive.fr/image.ashx?id=2865584&use=l&cat=p&typeid=i","cat":284409},{"id":69107,"n":"Muesli croustillant nature bio  Terres et Céréales - 1kg","p":5.23,"u":"5,23 €/KG","img":"https://fd11-photos.leclercdrive.fr/image.ashx?id=2802446&use=l&cat=p&typeid=i","cat":309512},{"id":69108,"n":"Muesli duo pépites de chocolats  bio Terres et Céréales -1kg","p":5.64,"u":"5,64 €/KG","img":"https://fd11-photos.leclercdrive.fr/image.ashx?id=2802452&use=l&cat=p&typeid=i","cat":309512},{"id":69145,"n":"Crème lavante Manava Framboise pivoine - 300ml","p":1.28,"u":"4,27 €/L","img":"https://fd11-photos.leclercdrive.fr/image.ashx?id=2935507&use=l&cat=p&typeid=i","cat":284597},{"id":69147,"n":"Café dosettes Tassimo L'Or Café Long Classique x16","p":4.44,"u":"42,69 €/KG","img":"https://fd11-photos.leclercdrive.fr/image.ashx?id=2160312&use=l&cat=p&typeid=i","cat":293240},{"id":69148,"n":"Café dosettes Tassimo L'Or Café Long Intense x16","p":4.75,"u":"37,11 €/KG","img":"https://fd11-photos.leclercdrive.fr/image.ashx?id=2290599&use=l&cat=p&typeid=i","cat":293240},{"id":69150,"n":"Nettoyant multi surfaces Clair Citron - 1.5L","p":1.7,"u":"1,13 €/L","img":"https://fd11-photos.leclercdrive.fr/image.ashx?id=2534211&use=l&cat=p&typeid=i","cat":284907},{"id":69154,"n":"Nettoyant multi surfaces Clair Savon de Marseille - 1.5L","p":1.7,"u":"1,13 €/L","img":"https://fd11-photos.leclercdrive.fr/image.ashx?id=2858845&use=l&cat=p&typeid=i","cat":284907},{"id":69155,"n":"Nettoyant multi surfaces Clair Savon noir - 1.5L","p":1.7,"u":"1,13 €/L","img":"https://fd11-photos.leclercdrive.fr/image.ashx?id=2849584&use=l&cat=p&typeid=i","cat":284907},{"id":69159,"n":"Poelée cuisinée légumes Bio Bio village - 600g","p":2.99,"u":"4,98 €/KG","img":"https://fd11-photos.leclercdrive.fr/image.ashx?id=2898074&use=l&cat=p&typeid=i","cat":319823},{"id":69161,"n":"Purée carotte bio Bio Village 450g","p":1.39,"u":"3,09 €/KG","img":"https://fd11-photos.leclercdrive.fr/image.ashx?id=2878747&use=l&cat=p&typeid=i","cat":319805},{"id":69163,"n":"Purée 100% brocolis Bio Bio Village - 450g","p":1.75,"u":"3,89 €/KG","img":"https://fd11-photos.leclercdrive.fr/image.ashx?id=2878750&use=l&cat=p&typeid=i","cat":319805},{"id":69164,"n":"Pizza chèvre feu de bois Bio  Bio Village - 360g","p":3.19,"u":"8,86 €/KG","img":"https://fd11-photos.leclercdrive.fr/image.ashx?id=1911810&use=l&cat=p&typeid=i","cat":284256},{"id":69213,"n":"Frites à peau McCain Côté Resto - 650g","p":2.54,"u":"3,91 €/KG","img":"https://fd11-photos.leclercdrive.fr/image.ashx?id=2927047&use=l&cat=p&typeid=i","cat":319791},{"id":69215,"n":"Pains wrap Epi d'Or Nature x6 - 383g","p":1.95,"u":"5,09 €/KG","img":"https://fd11-photos.leclercdrive.fr/image.ashx?id=2425488&use=l&cat=p&typeid=i","cat":284985},{"id":69218,"n":"Mini toasts Epi d'or Carré - 120g","p":1.73,"u":"14,42 €/KG","img":"https://fd11-photos.leclercdrive.fr/image.ashx?id=2564339&use=l&cat=p&typeid=i","cat":285454},{"id":69233,"n":"Capsules café L'Or Espresso Ristretto N°11 x10","p":3.08,"u":"59,23 €/KG","img":"https://fd11-photos.leclercdrive.fr/image.ashx?id=2260869&use=l&cat=p&typeid=i","cat":284749},{"id":69256,"n":"Dessert panaché Andros Panaché - 16x100g","p":5.18,"u":"3,24 €/KG","img":"https://fd11-photos.leclercdrive.fr/image.ashx?id=2875114&use=l&cat=p&typeid=i","cat":284416},{"id":69268,"n":"Liquide vaisselle Rainett Citron écologique - 750ml","p":1.67,"u":"2,23 €/L","img":"https://fd11-photos.leclercdrive.fr/image.ashx?id=2297129&use=l&cat=p&typeid=i","cat":284655},{"id":69280,"n":"Couches bébé Mots d'enfants Midi T3 4/9kg - x50 changes","p":6.35,"u":"0,13 €/P","img":"https://fd11-photos.leclercdrive.fr/image.ashx?id=2699717&use=l&cat=p&typeid=i","cat":284737},{"id":69281,"n":"Couches bébé Mots d'enfants Ultra confort T4 7/18kg - x44","p":6.35,"u":"0,14 €/P","img":"https://fd11-photos.leclercdrive.fr/image.ashx?id=2699720&use=l&cat=p&typeid=i","cat":284737},{"id":69282,"n":"Couches bébé Mots d'enfants Ultra confort T4+  9/20kg - x41","p":6.35,"u":"0,15 €/P","img":"https://fd11-photos.leclercdrive.fr/image.ashx?id=2699723&use=l&cat=p&typeid=i","cat":284737},{"id":69283,"n":"Couches bébé Mots d'enfants Ultra confort T5 11/25kg - x39","p":6.35,"u":"0,16 €/P","img":"https://fd11-photos.leclercdrive.fr/image.ashx?id=2699726&use=l&cat=p&typeid=i","cat":284737},{"id":69284,"n":"Couches bébé Mots d'enfants Ultra confort T6  16/23kg - x33","p":6.35,"u":"0,19 €/P","img":"https://fd11-photos.leclercdrive.fr/image.ashx?id=2699729&use=l&cat=p&typeid=i","cat":284737},{"id":69285,"n":"Couches bébé Mots d'enfants T4 Ultra confort 7/18kg - x144","p":19.85,"u":"0,14 €/P","img":"https://fd11-photos.leclercdrive.fr/image.ashx?id=2689429&use=l&cat=p&typeid=i","cat":284737},{"id":69286,"n":"Couches bébé Mots d'enfants T5 Ultra confort 11/25kg - x136","p":19.85,"u":"0,15 €/P","img":"https://fd11-photos.leclercdrive.fr/image.ashx?id=2691833&use=l&cat=p&typeid=i","cat":284737},{"id":69317,"n":"Eau minérale naturelle Vittel 6x1.5L","p":2.88,"u":"0,32 €/L","img":"https://fd11-photos.leclercdrive.fr/image.ashx?id=3000441&use=l&cat=p&typeid=i","cat":284535},{"id":69418,"n":"Serviette papier Homeside Triple épaisseur 40x40cm - x20","p":1.39,"u":"0,07 €/P","img":"https://fd11-photos.leclercdrive.fr/image.ashx?id=1659732&use=l&cat=p&typeid=i","cat":334134},{"id":69441,"n":"Toile de réparation Scotch Lot de 2 rouleaux","p":8.9,"img":"https://fd11-photos.leclercdrive.fr/image.ashx?id=2688830&use=l&cat=p&typeid=i","cat":300576},{"id":69680,"n":"Yaourt à la grecque YAOS Nature lit de pêches 4x125g","p":2.6,"u":"5,20 €/KG","img":"https://fd11-photos.leclercdrive.fr/image.ashx?id=2539533&use=l&cat=p&typeid=i","cat":314999},{"id":69705,"n":"Coleslaw moutarde Bonduelle 320g","p":1.75,"u":"5,47 €/KG","img":"https://fd11-photos.leclercdrive.fr/image.ashx?id=2894185&use=l&cat=p&typeid=i","cat":333657},{"id":69720,"n":"Gougères au fromage Côté Table x20 - 140g","p":3.76,"u":"26,86 €/KG","img":"https://fd11-photos.leclercdrive.fr/image.ashx?id=2726709&use=l&cat=p&typeid=i","cat":319774},{"id":69739,"n":"Mini feuilletés Côté Table Apéritifs - x30 - 360g","p":3.72,"u":"10,33 €/KG","img":"https://fd11-photos.leclercdrive.fr/image.ashx?id=2212509&use=l&cat=p&typeid=i","cat":319774},{"id":69740,"n":"Mini-feuilletés Côté Table Apéritifs - x80 - 740g","p":6.83,"u":"9,23 €/KG","img":"https://fd11-photos.leclercdrive.fr/image.ashx?id=2238045&use=l&cat=p&typeid=i","cat":319774},{"id":69741,"n":"Mini-feuilletés Côté Table Apéritifs - x40 - 350g","p":3.37,"u":"9,63 €/KG","img":"https://fd11-photos.leclercdrive.fr/image.ashx?id=2632873&use=l&cat=p&typeid=i","cat":319774},{"id":70114,"n":"Biscuits p'tit dèj BN Extra céréales complètes - 200g","p":1.68,"u":"8,40 €/KG","img":"https://fd11-photos.leclercdrive.fr/image.ashx?id=2603471&use=l&cat=p&typeid=i","cat":284491},{"id":70123,"n":"Fromage blanc Danone Nature 3%MG - 8x100g","p":2.92,"u":"3,65 €/KG","img":"https://fd11-photos.leclercdrive.fr/image.ashx?id=2792075&use=l&cat=p&typeid=i","cat":284409},{"id":70344,"n":"Triple Secret des Moines 8%  - 75cl","p":3.69,"u":"4,92 €/L","img":"https://fd11-photos.leclercdrive.fr/image.ashx?id=2947991&use=l&cat=p&typeid=i","cat":334872},{"id":70389,"n":"Café dosettes Tassimo L'Or Cappuccino x8","p":4.86,"u":"18,20 €/KG","img":"https://fd11-photos.leclercdrive.fr/image.ashx?id=2100305&use=l&cat=p&typeid=i","cat":293240},{"id":70447,"n":"Sachet Célébrations 196g","p":3.8,"u":"19,39 €/KG","img":"https://fd11-photos.leclercdrive.fr/image.ashx?id=2980058&use=l&cat=p&typeid=i","cat":284499},{"id":70480,"n":"Chocolats Ferrero Collection Assortiments x24 - 269g","p":9.79,"u":"36,39 €/KG","img":"https://fd11-photos.leclercdrive.fr/image.ashx?id=2871181&use=l&cat=p&typeid=i","cat":327595},{"id":70558,"n":"Basilic bio Bio Village 11g","p":0.69,"u":"62,73 €/KG","img":"https://fd11-photos.leclercdrive.fr/image.ashx?id=2991458&use=l&cat=p&typeid=i","cat":298297},{"id":70559,"n":"Ciboulette bio Bio Village 4g","p":0.68,"u":"170,00 €/KG","img":"https://fd11-photos.leclercdrive.fr/image.ashx?id=2711704&use=l&cat=p&typeid=i","cat":298297},{"id":70579,"n":"Fromage Caprice des Dieux  200g","p":2.88,"u":"14,40 €/KG","img":"https://fd11-photos.leclercdrive.fr/image.ashx?id=2762438&use=l&cat=p&typeid=i","cat":314033},{"id":70634,"n":"Lentilles Notre Jardin Graisse d'oie - 400g","p":1.05,"u":"2,63 €/KG","img":"https://fd11-photos.leclercdrive.fr/image.ashx?id=3002620&use=l&cat=p&typeid=i","cat":312609},{"id":70914,"n":"Poivre noir grains Rustica 90g","p":2.32,"u":"25,78 €/KG","img":"https://fd11-photos.leclercdrive.fr/image.ashx?id=2870047&use=l&cat=p&typeid=i","cat":284457},{"id":70993,"n":"Coulommiers Président  350g","p":2.76,"u":"7,89 €/KG","img":"https://fd11-photos.leclercdrive.fr/image.ashx?id=2029862&use=l&cat=p&typeid=i","cat":314033},{"id":71037,"n":"Collant Caprice Le Bourget Dessous chics - 20D Noir - T2","p":9.45,"img":"https://fd11-photos.leclercdrive.fr/image.ashx?id=2561667&use=l&cat=p&typeid=i","cat":334130},{"id":71038,"n":"Collant Caprice Le Bourget Dessous chics - 20D Noir - T3","p":9.45,"img":"https://fd11-photos.leclercdrive.fr/image.ashx?id=2561670&use=l&cat=p&typeid=i","cat":334130},{"id":71039,"n":"Collant Caprice Le Bourget Dessous chics - 20D Noir - T4","p":9.45,"img":"https://fd11-photos.leclercdrive.fr/image.ashx?id=2561673&use=l&cat=p&typeid=i","cat":334130},{"id":71060,"n":"Basilic Rustica 11g","p":0.39,"u":"35,45 €/KG","img":"https://fd11-photos.leclercdrive.fr/image.ashx?id=2772957&use=l&cat=p&typeid=i","cat":298297},{"id":71071,"n":"Vinaigre L'Origine du Goût Pulpe de mangue - 20cl","p":3.49,"u":"17,45 €/L","img":"https://fd11-photos.leclercdrive.fr/image.ashx?id=2709027&use=l&cat=p&typeid=i","cat":298543},{"id":71072,"n":"Vinaigre Pulpe de framboise L'Origine du goût - 20cl","p":3.99,"u":"19,95 €/L","img":"https://fd11-photos.leclercdrive.fr/image.ashx?id=2709030&use=l&cat=p&typeid=i","cat":298543},{"id":71075,"n":"Vinaigrette biphase Rustica Tomate/ Balsamique - 50cl","p":2.72,"u":"5,44 €/L","img":"https://fd11-photos.leclercdrive.fr/image.ashx?id=1972937&use=l&cat=p&typeid=i","cat":284456},{"id":71077,"n":"Vinaigrette biphase Rustica Ciboulette/Echalote - 50cl","p":2.79,"u":"5,58 €/L","img":"https://fd11-photos.leclercdrive.fr/image.ashx?id=1943241&use=l&cat=p&typeid=i","cat":284456},{"id":71090,"n":"Boisson énergisante Red bull 6x250ml","p":6.59,"u":"4,39 €/L","img":"https://fd11-photos.leclercdrive.fr/image.ashx?id=3011989&use=l&cat=p&typeid=i","cat":284533},{"id":71102,"n":"Bière Desperados 65cl","p":2.52,"u":"3,88 €/L","img":"https://fd11-photos.leclercdrive.fr/image.ashx?id=2977960&use=l&cat=p&typeid=i","cat":334878},{"id":71106,"n":"Ail semoule Rustica 110g","p":1.39,"u":"12,64 €/KG","img":"https://fd11-photos.leclercdrive.fr/image.ashx?id=2870038&use=l&cat=p&typeid=i","cat":298297},{"id":71107,"n":"Bouquet garni entier Rustica 17g","p":1.68,"u":"98,82 €/KG","img":"https://fd11-photos.leclercdrive.fr/image.ashx?id=1710608&use=l&cat=p&typeid=i","cat":298297},{"id":71154,"n":"Arôme vanille Tablier Blanc 200ml","p":2.31,"u":"11,55 €/L","img":"https://fd11-photos.leclercdrive.fr/image.ashx?id=2487476&use=l&cat=p&typeid=i","cat":284504},{"id":71155,"n":"Ail semoule Rustica Flacon - 60g","p":0.99,"u":"16,50 €/KG","img":"https://fd11-photos.leclercdrive.fr/image.ashx?id=2797790&use=l&cat=p&typeid=i","cat":298297},{"id":71156,"n":"Moulin 5 baies Rustica Flacon - 24g","p":1.19,"u":"49,58 €/KG","img":"https://fd11-photos.leclercdrive.fr/image.ashx?id=2907231&use=l&cat=p&typeid=i","cat":284457},{"id":71157,"n":"Herbe de provence haché Rustica 40g","p":0.88,"u":"22,00 €/KG","img":"https://fd11-photos.leclercdrive.fr/image.ashx?id=2935226&use=l&cat=p&typeid=i","cat":298297},{"id":71158,"n":"Poivre gris moulu Rustica Boite - 90g","p":2.29,"u":"25,44 €/KG","img":"https://fd11-photos.leclercdrive.fr/image.ashx?id=2907204&use=l&cat=p&typeid=i","cat":284457},{"id":71162,"n":"Assortiment crackers Tokapi 85g","p":0.69,"u":"8,12 €/KG","img":"https://fd11-photos.leclercdrive.fr/image.ashx?id=1926981&use=l&cat=p&typeid=i","cat":297000},{"id":71164,"n":"Gel lavant Bionaïa Abricot bio - 300ml","p":1.79,"u":"5,97 €/L","img":"https://fd11-photos.leclercdrive.fr/image.ashx?id=2935525&use=l&cat=p&typeid=i","cat":284597},{"id":71192,"n":"Bisque de homard Liebig 2x300g","p":5.0,"u":"8,33 €/KG","img":"https://fd11-photos.leclercdrive.fr/image.ashx?id=2185846&use=l&cat=p&typeid=i","cat":305147},{"id":71351,"n":"Cocktail Pêche Océan Fruits de mer - 500g","p":4.94,"u":"9,88 €/KG","img":"https://fd11-photos.leclercdrive.fr/image.ashx?id=2686347&use=l&cat=p&typeid=i","cat":319787},{"id":71419,"n":"Petits pois carottes Eco  530g","p":1.12,"u":"2,11 €/KG","img":"https://fd11-photos.leclercdrive.fr/image.ashx?id=3003714&use=l&cat=p&typeid=i","cat":312607},{"id":71426,"n":"Lentilles Eco+ 530g","p":1.02,"u":"1,92 €/KG","img":"https://fd11-photos.leclercdrive.fr/image.ashx?id=2699087&use=l&cat=p&typeid=i","cat":312609},{"id":71429,"n":"Haricots verts extra fins Eco  440g","p":1.04,"u":"2,36 €/KG","img":"https://fd11-photos.leclercdrive.fr/image.ashx?id=2448962&use=l&cat=p&typeid=i","cat":312606},{"id":71431,"n":"Tomates entières pelées Eco+ - 480g","p":1.1,"u":"2,29 €/KG","img":"https://fd11-photos.leclercdrive.fr/image.ashx?id=3003729&use=l&cat=p&typeid=i","cat":312608},{"id":71433,"n":"Choux-fleurs Eco+ 1kg","p":1.31,"u":"1,31 €/KG","img":"https://fd11-photos.leclercdrive.fr/image.ashx?id=2729254&use=l&cat=p&typeid=i","cat":319805},{"id":71439,"n":"Filets de colin d'Alaska Eco+ 10x100g","p":5.3,"u":"5,30 €/KG","img":"https://fd11-photos.leclercdrive.fr/image.ashx?id=1668300&use=l&cat=p&typeid=i","cat":319786},{"id":71440,"n":"Curry poudre bio Ducros Flacon - 36g","p":2.18,"u":"60,56 €/KG","img":"https://fd11-photos.leclercdrive.fr/image.ashx?id=2484071&use=l&cat=p&typeid=i","cat":298297},{"id":71441,"n":"Ail bio Ducros Flacon - 52g","p":2.33,"u":"44,81 €/KG","img":"https://fd11-photos.leclercdrive.fr/image.ashx?id=2484077&use=l&cat=p&typeid=i","cat":298297},{"id":71442,"n":"Cassoulet Eco+ 840g","p":1.97,"u":"2,35 €/KG","img":"https://fd11-photos.leclercdrive.fr/image.ashx?id=2847937&use=l&cat=p&typeid=i","cat":284440},{"id":71444,"n":"Galettes au beurre Eco+ x16 - 125g","p":0.64,"u":"5,12 €/KG","img":"https://fd11-photos.leclercdrive.fr/image.ashx?id=2746781&use=l&cat=p&typeid=i","cat":284487},{"id":71446,"n":"Biscuits aux oeufs Eco+ x60 - 400g","p":1.57,"u":"3,93 €/KG","img":"https://fd11-photos.leclercdrive.fr/image.ashx?id=2804136&use=l&cat=p&typeid=i","cat":284487},{"id":71448,"n":"Raviolis à la sauce tomate Eco+ 800g","p":1.69,"u":"2,11 €/KG","img":"https://fd11-photos.leclercdrive.fr/image.ashx?id=2688288&use=l&cat=p&typeid=i","cat":284442},{"id":71454,"n":"Persil bio Ducros Flacon - 7g","p":2.08,"u":"297,14 €/KG","img":"https://fd11-photos.leclercdrive.fr/image.ashx?id=2484062&use=l&cat=p&typeid=i","cat":298297},{"id":71455,"n":"Gélatine feuille bio Vahiné 10g","p":1.37,"u":"137,00 €/KG","img":"https://fd11-photos.leclercdrive.fr/image.ashx?id=2559829&use=l&cat=p&typeid=i","cat":284504},{"id":71457,"n":"Amande poudre bio Vahiné 100g","p":3.45,"u":"34,50 €/KG","img":"https://fd11-photos.leclercdrive.fr/image.ashx?id=2504221&use=l&cat=p&typeid=i","cat":284504},{"id":71459,"n":"Noix coco rapée bio Vahiné 115g","p":2.25,"u":"19,57 €/KG","img":"https://fd11-photos.leclercdrive.fr/image.ashx?id=2559841&use=l&cat=p&typeid=i","cat":284504},{"id":71461,"n":"Sucre vanillé bio Vahiné 5 sachets - 35G","p":2.9,"u":"82,86 €/KG","img":"https://fd11-photos.leclercdrive.fr/image.ashx?id=2559835&use=l&cat=p&typeid=i","cat":284504},{"id":71462,"n":"Pépites chocolat noirVahiné Bio - 100g","p":2.45,"u":"24,50 €/KG","img":"https://fd11-photos.leclercdrive.fr/image.ashx?id=2504227&use=l&cat=p&typeid=i","cat":284504},{"id":71463,"n":"Raisins secs bio Vahiné 200g","p":2.84,"u":"14,20 €/KG","img":"https://fd11-photos.leclercdrive.fr/image.ashx?id=2559844&use=l&cat=p&typeid=i","cat":284357},{"id":71469,"n":"DOC Prosecco extra-dry blanc 7% vol - 75cl","p":4.99,"u":"6,65 €/L","img":"https://fd11-photos.leclercdrive.fr/image.ashx?id=2977171&use=l&cat=p&typeid=i","cat":289461},{"id":71473,"n":"Vin d'Espagne blanc Chardonnay Adrien Champaud - BIB 5L","p":11.99,"u":"2,40 €/L","img":"https://fd11-photos.leclercdrive.fr/image.ashx?id=2959617&use=l&cat=p&typeid=i","cat":289557},{"id":71479,"n":"Cookies P'tit Déli Paillettes muticolores - 150g","p":1.45,"u":"9,67 €/KG","img":"https://fd11-photos.leclercdrive.fr/image.ashx?id=2939064&use=l&cat=p&typeid=i","cat":325066},{"id":71488,"n":"Mini chinois Epi d'Or Pepites de chocolat x6 - 300g","p":1.85,"u":"6,17 €/KG","img":"https://fd11-photos.leclercdrive.fr/image.ashx?id=2867916&use=l&cat=p&typeid=i","cat":296366},{"id":71489,"n":"Croissants Epi d'Or x8 - 320g","p":1.64,"u":"5,13 €/KG","img":"https://fd11-photos.leclercdrive.fr/image.ashx?id=2860766&use=l&cat=p&typeid=i","cat":296366},{"id":71490,"n":"Vin d'Espagne blanc Sauvignon Adrien Champaud - BIB 5L","p":9.99,"u":"2,00 €/L","img":"https://fd11-photos.leclercdrive.fr/image.ashx?id=2960511&use=l&cat=p&typeid=i","cat":289560},{"id":71496,"n":"Tartelette P'tit Déli Chocolat au lait caramel - 127g","p":1.49,"u":"11,73 €/KG","img":"https://fd11-photos.leclercdrive.fr/image.ashx?id=2722820&use=l&cat=p&typeid=i","cat":284488},{"id":71524,"n":"Goûter rectangle P'tit Déli Fourré chocolat - 125g","p":1.19,"u":"9,52 €/KG","img":"https://fd11-photos.leclercdrive.fr/image.ashx?id=2619725&use=l&cat=p&typeid=i","cat":284488},{"id":71531,"n":"Crème fraiche bio Bio village Epaisse - 30% MG  - 50cl","p":2.66,"u":"5,32 €/L","img":"https://fd11-photos.leclercdrive.fr/image.ashx?id=1975050&use=l&cat=p&typeid=i","cat":284381},{"id":71535,"n":"Pommes de terre NRT à l'échirlète - 600g","p":3.55,"u":"5,92 €/KG","img":"https://fd11-photos.leclercdrive.fr/image.ashx?id=2699855&use=l&cat=p&typeid=i","cat":319792},{"id":71553,"n":"Déodorant Manava Freesia Orchidée - 200ml","p":1.34,"u":"6,70 €/L","img":"https://fd11-photos.leclercdrive.fr/image.ashx?id=2656454&use=l&cat=p&typeid=i","cat":284595},{"id":71557,"n":"Mini sables P'tit Déli Chocolat au lait - 160g","p":1.89,"u":"11,81 €/KG","img":"https://fd11-photos.leclercdrive.fr/image.ashx?id=2323295&use=l&cat=p&typeid=i","cat":284488},{"id":71565,"n":"Pêches Douceur du Verger Sirop léger - 465g","p":1.62,"u":"3,48 €/KG","img":"https://fd11-photos.leclercdrive.fr/image.ashx?id=2666471&use=l&cat=p&typeid=i","cat":284507},{"id":71566,"n":"Sauce Soja Tables Du Monde 125ml","p":0.83,"u":"6,64 €/L","img":"https://fd11-photos.leclercdrive.fr/image.ashx?id=2679765&use=l&cat=p&typeid=i","cat":288992},{"id":71568,"n":"Sauce soja sucrée Table du monde - 125ml","p":0.83,"u":"6,64 €/L","img":"https://fd11-photos.leclercdrive.fr/image.ashx?id=2679762&use=l&cat=p&typeid=i","cat":288992},{"id":71575,"n":"Test de grossesse Primoplast x1","p":0.74,"img":"https://fd11-photos.leclercdrive.fr/image.ashx?id=2832975&use=l&cat=p&typeid=i","cat":324482},{"id":71578,"n":"Crème lavante Manava Surgras - 300ml","p":1.12,"u":"3,73 €/L","img":"https://fd11-photos.leclercdrive.fr/image.ashx?id=2935513&use=l&cat=p&typeid=i","cat":284597},{"id":71579,"n":"Recharge crème lavante Manava Surgras - 250ml","p":0.66,"u":"2,64 €/L","img":"https://fd11-photos.leclercdrive.fr/image.ashx?id=2935516&use=l&cat=p&typeid=i","cat":284597},{"id":71599,"n":"Bicarbonate de soude Clair 500g","p":1.5,"u":"3,00 €/KG","img":"https://fd11-photos.leclercdrive.fr/image.ashx?id=2822129&use=l&cat=p&typeid=i","cat":325365},{"id":71602,"n":"Change bébé Mots d'Enfants Nouveau né - T1 - 2/5kg - x23","p":2.36,"u":"0,10 €/P","img":"https://fd11-photos.leclercdrive.fr/image.ashx?id=2907225&use=l&cat=p&typeid=i","cat":284737},{"id":71629,"n":"Boisson végétale Bio Village Lait amande intense bio - 1l","p":2.39,"u":"2,39 €/L","img":"https://fd11-photos.leclercdrive.fr/image.ashx?id=2386185&use=l&cat=p&typeid=i","cat":316067},{"id":71649,"n":"Herbe Provence bio Bio Village 14g","p":0.79,"u":"56,43 €/KG","img":"https://fd11-photos.leclercdrive.fr/image.ashx?id=2711695&use=l&cat=p&typeid=i","cat":298297},{"id":71653,"n":"Thym bio Bio Village 16g","p":0.88,"u":"55,00 €/KG","img":"https://fd11-photos.leclercdrive.fr/image.ashx?id=2711698&use=l&cat=p&typeid=i","cat":298297},{"id":71655,"n":"Curry moulu Bio Village Bio - 37g","p":1.25,"u":"33,78 €/KG","img":"https://fd11-photos.leclercdrive.fr/image.ashx?id=2714989&use=l&cat=p&typeid=i","cat":298297},{"id":71723,"n":"Déjeunettes 4p","p":1.2,"u":"0,30 €/P","img":"https://fd11-photos.leclercdrive.fr/image.ashx?id=2062489&use=l&cat=p&typeid=i","cat":284359},{"id":71734,"n":"Pain 1kg","p":1.99,"u":"1,99 €/KG","img":"https://fd11-photos.leclercdrive.fr/image.ashx?id=565084&use=l&cat=p&typeid=i","cat":284359},{"id":72734,"n":"Pain de mie Schär - Céréales Sans gluten - 300g","p":3.26,"u":"10,87 €/KG","img":"https://fd11-photos.leclercdrive.fr/image.ashx?id=2659421&use=l&cat=p&typeid=i","cat":318654},{"id":72745,"n":"Lait céréales bébé Blédiner 6m Épinards soir - 2x250ml","p":1.99,"u":"3,98 €/L","img":"https://fd11-photos.leclercdrive.fr/image.ashx?id=2730052&use=l&cat=p&typeid=i","cat":312239},{"id":72786,"n":"Bière blonde Pelforth Fût pression - 5L","p":15.48,"u":"3,10 €/L","img":"https://fd11-photos.leclercdrive.fr/image.ashx?id=2767249&use=l&cat=p&typeid=i","cat":334879},{"id":72789,"n":"Bière blonde Desperados Fût 5L","p":19.5,"u":"3,90 €/L","img":"https://fd11-photos.leclercdrive.fr/image.ashx?id=2983513&use=l&cat=p&typeid=i","cat":334879},{"id":72791,"n":"Bière Desperados 3x33cl","p":4.26,"u":"4,30 €/L","img":"https://fd11-photos.leclercdrive.fr/image.ashx?id=2983120&use=l&cat=p&typeid=i","cat":334878},{"id":73006,"n":"Sauce pour nems Tables du monde 125ml","p":0.99,"u":"7,92 €/L","img":"https://fd11-photos.leclercdrive.fr/image.ashx?id=2526306&use=l&cat=p&typeid=i","cat":288992},{"id":73316,"n":"Protège matelas Tissaia Microrespirant -160x200cm","p":23.85,"img":"https://fd11-photos.leclercdrive.fr/image.ashx?id=1220892&use=l&cat=p&typeid=i","cat":288835},{"id":73335,"n":"Oreiller Tissaia Mémoire de forme - 60x60cm","p":13.26,"u":"Dont 0,20 € d'éco-part.","img":"https://fd11-photos.leclercdrive.fr/image.ashx?id=2648475&use=l&cat=p&typeid=i","cat":288835},{"id":73336,"n":"Oreiller Tissaïa Mémoire de forme 45x70cm - x1","p":13.26,"u":"Dont 0,20 € d'éco-part.","img":"https://fd11-photos.leclercdrive.fr/image.ashx?id=2648478&use=l&cat=p&typeid=i","cat":288835},{"id":73689,"n":"Pomme jaune bio Bio Village x4","p":1.99,"u":"0,50 €/P","img":"https://fd11-photos.leclercdrive.fr/image.ashx?id=2556544&use=l&cat=p&typeid=i","cat":284356},{"id":73697,"n":"Compote Allégée en sucres Eco+ Bocal pomme - 720g","p":0.85,"u":"1,18 €/KG","img":"https://fd11-photos.leclercdrive.fr/image.ashx?id=2953185&use=l&cat=p&typeid=i","cat":284508},{"id":73706,"n":"Riz basmati Eco+ 1kg","p":2.01,"u":"2,01 €/KG","img":"https://fd11-photos.leclercdrive.fr/image.ashx?id=2141651&use=l&cat=p&typeid=i","cat":284428},{"id":73708,"n":"Purée de tomate Eco+ Brique - 500g","p":0.51,"u":"1,02 €/KG","img":"https://fd11-photos.leclercdrive.fr/image.ashx?id=2756576&use=l&cat=p&typeid=i","cat":288384},{"id":73717,"n":"Pommes de terre Eco+ 530g","p":1.15,"u":"2,17 €/KG","img":"https://fd11-photos.leclercdrive.fr/image.ashx?id=2473186&use=l&cat=p&typeid=i","cat":312612},{"id":73729,"n":"Tartelettes à la fraise Eco+ x12 - 200g","p":0.8,"u":"4,00 €/KG","img":"https://fd11-photos.leclercdrive.fr/image.ashx?id=2869757&use=l&cat=p&typeid=i","cat":284489},{"id":73732,"n":"Gel WC javel Eco+ 750ml","p":0.57,"u":"0,76 €/L","img":"https://fd11-photos.leclercdrive.fr/image.ashx?id=2768074&use=l&cat=p&typeid=i","cat":284662},{"id":73781,"n":"Maïs doux Eco+ 285g","p":0.78,"u":"2,74 €/KG","img":"https://fd11-photos.leclercdrive.fr/image.ashx?id=3003738&use=l&cat=p&typeid=i","cat":312611},{"id":73783,"n":"Cocktail 4 fruits Eco+ Sirop léger - 500 g","p":1.66,"u":"3,32 €/KG","img":"https://fd11-photos.leclercdrive.fr/image.ashx?id=2783011&use=l&cat=p&typeid=i","cat":284507},{"id":73785,"n":"Gateaux fourrage chocolat Eco+ x14 - 420g","p":1.98,"u":"4,71 €/KG","img":"https://fd11-photos.leclercdrive.fr/image.ashx?id=2050591&use=l&cat=p&typeid=i","cat":284369},{"id":73787,"n":"Sardines Eco+ Huile de tournesol - 3x125g","p":2.39,"u":"6,37 €/KG","img":"https://fd11-photos.leclercdrive.fr/image.ashx?id=2694070&use=l&cat=p&typeid=i","cat":305146},{"id":73791,"n":"Chips nature Eco+ 200g","p":1.0,"u":"5,00 €/KG","img":"https://fd11-photos.leclercdrive.fr/image.ashx?id=2943596&use=l&cat=p&typeid=i","cat":284447},{"id":73793,"n":"Goûters ronds Eco+ Fourrés chocolat - 500g","p":1.35,"u":"2,70 €/KG","img":"https://fd11-photos.leclercdrive.fr/image.ashx?id=2222751&use=l&cat=p&typeid=i","cat":284488},{"id":73797,"n":"Pâtes Eco+ Macaroni - 1kg","p":0.99,"u":"0,99 €/KG","img":"https://fd11-photos.leclercdrive.fr/image.ashx?id=2887395&use=l&cat=p&typeid=i","cat":284427},{"id":73798,"n":"Pâtes Eco+ Coquillettes - 1kg","p":1.01,"u":"1,01 €/KG","img":"https://fd11-photos.leclercdrive.fr/image.ashx?id=2885723&use=l&cat=p&typeid=i","cat":284427},{"id":73799,"n":"Pâtes Eco+ Torsades - 1kg","p":1.0,"u":"1,00 €/KG","img":"https://fd11-photos.leclercdrive.fr/image.ashx?id=2885726&use=l&cat=p&typeid=i","cat":284427},{"id":73801,"n":"Dosettes café Eco+ 100% Robusta - x48 - 336g","p":4.09,"u":"12,17 €/KG","img":"https://fd11-photos.leclercdrive.fr/image.ashx?id=2800222&use=l&cat=p&typeid=i","cat":293238},{"id":73805,"n":"Biscuit fourré cacao Eco+ x12 - 225g","p":0.93,"u":"4,13 €/KG","img":"https://fd11-photos.leclercdrive.fr/image.ashx?id=2834223&use=l&cat=p&typeid=i","cat":284488},{"id":73806,"n":"Eau de javel Eco+ 3x250ml","p":0.48,"u":"0,64 €/L","img":"https://fd11-photos.leclercdrive.fr/image.ashx?id=2949164&use=l&cat=p&typeid=i","cat":284661},{"id":73807,"n":"Carré coton bébé Eco+ x60","p":0.99,"u":"0,02 €/P","img":"https://fd11-photos.leclercdrive.fr/image.ashx?id=2987634&use=l&cat=p&typeid=i","cat":284739},{"id":73957,"n":"Essuie tout Original N°1 Okay Blanc - x6 rouleaux","p":4.34,"u":"0,72 €/P","img":"https://fd11-photos.leclercdrive.fr/image.ashx?id=2981346&use=l&cat=p&typeid=i","cat":284635},{"id":74020,"n":"Wok Asiatique Florette Fraîche Découpe - 300g","p":3.05,"u":"10,17 €/KG","img":"https://fd11-photos.leclercdrive.fr/image.ashx?id=2746941&use=l&cat=p&typeid=i","cat":290299},{"id":74047,"n":"Parmentier de porc Eco+ 1kg","p":2.6,"u":"2,60 €/KG","img":"https://fd11-photos.leclercdrive.fr/image.ashx?id=2774885&use=l&cat=p&typeid=i","cat":284254},{"id":74048,"n":"Lasagnes à la bolognaise Eco + 1kg","p":2.54,"u":"2,54 €/KG","img":"https://fd11-photos.leclercdrive.fr/image.ashx?id=2779166&use=l&cat=p&typeid=i","cat":284254},{"id":74089,"n":"Batonnets Poissons panés Eco+ x15 - 450g","p":1.6,"u":"3,56 €/KG","img":"https://fd11-photos.leclercdrive.fr/image.ashx?id=2843565&use=l&cat=p&typeid=i","cat":319788},{"id":74090,"n":"Nectar Multifruits Eco+ Brique - 2L","p":1.38,"u":"0,69 €/L","img":"https://fd11-photos.leclercdrive.fr/image.ashx?id=2751853&use=l&cat=p&typeid=i","cat":284917},{"id":74091,"n":"Mozzarella Eco+ 18%mg - 125g","p":0.76,"u":"6,08 €/KG","img":"https://fd11-photos.leclercdrive.fr/image.ashx?id=2754868&use=l&cat=p&typeid=i","cat":314026},{"id":74094,"n":"Paella Eco+ Sachet - 1kg","p":3.59,"u":"3,59 €/KG","img":"https://fd11-photos.leclercdrive.fr/image.ashx?id=2801771&use=l&cat=p&typeid=i","cat":284254},{"id":74101,"n":"Saucisson sec Eco+ 200g","p":1.73,"u":"8,65 €/KG","img":"https://fd11-photos.leclercdrive.fr/image.ashx?id=2859146&use=l&cat=p&typeid=i","cat":316006},{"id":74105,"n":"Pur jus d'orange Eco  1.5L","p":2.46,"u":"1,64 €/L","img":"https://fd11-photos.leclercdrive.fr/image.ashx?id=2720136&use=l&cat=p&typeid=i","cat":284521},{"id":74110,"n":"Chorizo doux Eco+ 250g","p":1.66,"u":"6,64 €/KG","img":"https://fd11-photos.leclercdrive.fr/image.ashx?id=2694082&use=l&cat=p&typeid=i","cat":316006},{"id":74112,"n":"Pommes frites Eco+ 1kg","p":1.68,"u":"1,68 €/KG","img":"https://fd11-photos.leclercdrive.fr/image.ashx?id=2958302&use=l&cat=p&typeid=i","cat":319791},{"id":74115,"n":"Petit Brie Eco+ 32%mg - 500g","p":3.39,"u":"6,78 €/KG","img":"https://fd11-photos.leclercdrive.fr/image.ashx?id=2938403&use=l&cat=p&typeid=i","cat":314033},{"id":74116,"n":"Bière blonde de luxe 4% - 50cl","p":0.57,"u":"1,14 €/L","img":"https://fd11-photos.leclercdrive.fr/image.ashx?id=2955629&use=l&cat=p&typeid=i","cat":334853},{"id":74123,"n":"Citron jaune Rustica 200ml","p":0.79,"u":"3,95 €/L","img":"https://fd11-photos.leclercdrive.fr/image.ashx?id=2627652&use=l&cat=p&typeid=i","cat":288383},{"id":74133,"n":"Bâtonnets de Surimi Pêche Océan MSC - x18 bâtonnets - 300g","p":2.05,"u":"6,83 €/KG","img":"https://fd11-photos.leclercdrive.fr/image.ashx?id=2981894&use=l&cat=p&typeid=i","cat":285189},{"id":74255,"n":"Sauce foie gras Charal 120g","p":2.13,"u":"17,75 €/KG","img":"https://fd11-photos.leclercdrive.fr/image.ashx?id=2144281&use=l&cat=p&typeid=i","cat":327293},{"id":74284,"n":"Brocolis bio Bio Village 500g","p":2.49,"u":"4,98 €/KG","img":"https://fd11-photos.leclercdrive.fr/image.ashx?id=2960547&use=l&cat=p&typeid=i","cat":284352},{"id":74381,"n":"Mousse de canard Madrange Au porto - 180g","p":1.67,"u":"9,28 €/KG","img":"https://fd11-photos.leclercdrive.fr/image.ashx?id=2865704&use=l&cat=p&typeid=i","cat":316008},{"id":74609,"n":"La Fermière Riz au lait Vanille  - 2x160g","p":2.33,"u":"14,56 €/KG","img":"https://fd11-photos.leclercdrive.fr/image.ashx?id=2389713&use=l&cat=p&typeid=i","cat":284418},{"id":74949,"n":"Crème Cold cream Avène 100 ml","p":13.39,"u":"133,90 €/L","img":"https://fd11-photos.leclercdrive.fr/image.ashx?id=2377286&use=l&cat=p&typeid=i","cat":290421},{"id":75017,"n":"Maquereaux Pêche Océan Grillé nature - 97g","p":1.81,"u":"18,66 €/KG","img":"https://fd11-photos.leclercdrive.fr/image.ashx?id=2394681&use=l&cat=p&typeid=i","cat":303868},{"id":75337,"n":"Café en grains Méo L'original Bio - 500g","p":8.82,"u":"17,64 €/KG","img":"https://fd11-photos.leclercdrive.fr/image.ashx?id=2798533&use=l&cat=p&typeid=i","cat":293237},{"id":75357,"n":"Jus multifruits Jafaden Matin Fruité - 1L","p":2.09,"u":"2,09 €/L","img":"https://fd11-photos.leclercdrive.fr/image.ashx?id=2916713&use=l&cat=p&typeid=i","cat":285435},{"id":75359,"n":"Soupe mouliné bio Knorr Tomates oignons et herbes - 1L","p":2.82,"u":"2,82 €/L","img":"https://fd11-photos.leclercdrive.fr/image.ashx?id=2312949&use=l&cat=p&typeid=i","cat":284462},{"id":75491,"n":"Tablette chocolat au lait Lindt Praliné noisettes - 225g","p":3.93,"u":"17,47 €/KG","img":"https://fd11-photos.leclercdrive.fr/image.ashx?id=2423756&use=l&cat=p&typeid=i","cat":284497},{"id":75539,"n":"Saucisse cockail Tradilege Bacon - 300g","p":2.82,"u":"9,40 €/KG","img":"https://fd11-photos.leclercdrive.fr/image.ashx?id=2930784&use=l&cat=p&typeid=i","cat":316012},{"id":75587,"n":"Oignon jaune bio Bio village 1kg","p":2.79,"u":"2,79 €/KG","img":"https://fd11-photos.leclercdrive.fr/image.ashx?id=2922451&use=l&cat=p&typeid=i","cat":284352},{"id":75593,"n":"Ail blanc bio Bio Village 250g","p":3.79,"u":"15,16 €/KG","img":"https://fd11-photos.leclercdrive.fr/image.ashx?id=2922457&use=l&cat=p&typeid=i","cat":284352},{"id":75595,"n":"Courge butternut bio Bio Village - x1","p":2.59,"img":"https://fd11-photos.leclercdrive.fr/image.ashx?id=2645759&use=l&cat=p&typeid=i","cat":284352},{"id":75611,"n":"Compact teinté SPF50+ Avène Sable Haute protection - 10g","p":14.99,"img":"https://fd11-photos.leclercdrive.fr/image.ashx?id=2857290&use=l&cat=p&typeid=i","cat":290396},{"id":75629,"n":"Liégeois chocolat Bio Bio village - 4x100g","p":1.89,"u":"4,73 €/KG","img":"https://fd11-photos.leclercdrive.fr/image.ashx?id=2992639&use=l&cat=p&typeid=i","cat":285042},{"id":75634,"n":"Eau thermale Avène 150 ml","p":5.89,"u":"39,27 €/L","img":"https://fd11-photos.leclercdrive.fr/image.ashx?id=2756287&use=l&cat=p&typeid=i","cat":301247},{"id":75659,"n":"Lotion douceur Avène 200 ml","p":14.99,"u":"74,95 €/L","img":"https://fd11-photos.leclercdrive.fr/image.ashx?id=2374186&use=l&cat=p&typeid=i","cat":301587},{"id":75690,"n":"Baume après-rasage Men Avène 75ml","p":15.36,"u":"204,80 €/L","img":"https://fd11-photos.leclercdrive.fr/image.ashx?id=2857326&use=l&cat=p&typeid=i","cat":291167},{"id":75703,"n":"Crème hydratante Avène Hydrance Riche - 40ml","p":14.48,"u":"362,00 €/L","img":"https://fd11-photos.leclercdrive.fr/image.ashx?id=2973688&use=l&cat=p&typeid=i","cat":291171},{"id":75889,"n":"Crème émolliente Ducray Ictyane HD - 50ml","p":15.47,"u":"309,40 €/L","img":"https://fd11-photos.leclercdrive.fr/image.ashx?id=2335385&use=l&cat=p&typeid=i","cat":291171},{"id":75902,"n":"Sérum Keracnyl Ducray - 30ml","p":14.49,"u":"48,30 €/L","img":"https://fd11-photos.leclercdrive.fr/image.ashx?id=2335310&use=l&cat=p&typeid=i","cat":291166},{"id":75916,"n":"Huile lavante apaisant Sensinol Ducray visage et corps - 400ml","p":15.79,"u":"39,48 €/L","img":"https://fd11-photos.leclercdrive.fr/image.ashx?id=2338934&use=l&cat=p&typeid=i","cat":301591},{"id":75976,"n":"Potimarron bio Bio Village 1p","p":2.69,"img":"https://fd11-photos.leclercdrive.fr/image.ashx?id=2645765&use=l&cat=p&typeid=i","cat":284352},{"id":75980,"n":"Pain dermatologique A-Derma Au lait d’avoine - 100g","p":4.78,"u":"47,80 €/KG","img":"https://fd11-photos.leclercdrive.fr/image.ashx?id=2503046&use=l&cat=p&typeid=i","cat":301591},{"id":75981,"n":"Lait Corps hydratant A-Derma Pompe - 400ml","p":13.49,"u":"33,73 €/L","img":"https://fd11-photos.leclercdrive.fr/image.ashx?id=2296509&use=l&cat=p&typeid=i","cat":290421},{"id":75986,"n":"Pizza Feu de bois Bio Village Bio Margharita - 350g","p":3.29,"u":"9,40 €/KG","img":"https://fd11-photos.leclercdrive.fr/image.ashx?id=2943668&use=l&cat=p&typeid=i","cat":284256},{"id":76008,"n":"Chocolat au lait Lindt Création La Crème brûlée - 150g","p":3.01,"u":"20,07 €/KG","img":"https://fd11-photos.leclercdrive.fr/image.ashx?id=2685802&use=l&cat=p&typeid=i","cat":284497},{"id":76011,"n":"Chocolat noir Lindt Création Le Rocher noir - 150g","p":3.01,"u":"20,07 €/KG","img":"https://fd11-photos.leclercdrive.fr/image.ashx?id=2685808&use=l&cat=p&typeid=i","cat":284956},{"id":76015,"n":"Biscuit Speculoos Lotus Biscoff Original - 250g (2x125g)","p":1.52,"u":"6,08 €/KG","img":"https://fd11-photos.leclercdrive.fr/image.ashx?id=2854735&use=l&cat=p&typeid=i","cat":284487},{"id":76025,"n":"Cookies chocolat Eco+ Pépites de chocolat - 200g","p":0.97,"u":"4,85 €/KG","img":"https://fd11-photos.leclercdrive.fr/image.ashx?id=2821872&use=l&cat=p&typeid=i","cat":325066},{"id":76026,"n":"Biscuit tablette Eco+ Chocolat noir - 150g","p":1.07,"u":"7,13 €/KG","img":"https://fd11-photos.leclercdrive.fr/image.ashx?id=2698135&use=l&cat=p&typeid=i","cat":284488},{"id":76119,"n":"Secret de mousse La Laitière Chocolat au lait - 4x59g","p":1.4,"u":"5,93 €/KG","img":"https://fd11-photos.leclercdrive.fr/image.ashx?id=2729740&use=l&cat=p&typeid=i","cat":284417},{"id":76124,"n":"Nuxe men déodorant homme Nuxe  Protection 24h - 50ml","p":5.38,"u":"107,60 €/L","img":"https://fd11-photos.leclercdrive.fr/image.ashx?id=2652221&use=l&cat=p&typeid=i","cat":301593},{"id":76130,"n":"Hachis parmentier Marie 600g","p":4.07,"u":"6,78 €/KG","img":"https://fd11-photos.leclercdrive.fr/image.ashx?id=2993388&use=l&cat=p&typeid=i","cat":284254},{"id":76132,"n":"Lasagnes à la bolognaise Marie 600g","p":4.07,"u":"6,78 €/KG","img":"https://fd11-photos.leclercdrive.fr/image.ashx?id=2993391&use=l&cat=p&typeid=i","cat":284254},{"id":76172,"n":"Crème mains Cicalfate Avène Réparatrice - 100ml","p":7.99,"u":"79,90 €/L","img":"https://fd11-photos.leclercdrive.fr/image.ashx?id=2962788&use=l&cat=p&typeid=i","cat":290424},{"id":76173,"n":"Lotion Cicalfate Avène 40ml","p":9.18,"u":"22,95 €/L","img":"https://fd11-photos.leclercdrive.fr/image.ashx?id=2377295&use=l&cat=p&typeid=i","cat":290421},{"id":76181,"n":"Compact teinté Avène SPF50+ Doré - 10g","p":14.99,"img":"https://fd11-photos.leclercdrive.fr/image.ashx?id=2374156&use=l&cat=p&typeid=i","cat":290396},{"id":76194,"n":"Brosse à dent Elgydium Inter active médium","p":2.99,"img":"https://fd11-photos.leclercdrive.fr/image.ashx?id=2449046&use=l&cat=p&typeid=i","cat":290417},{"id":76195,"n":"Brosse à dent Elgydium Inter active souple","p":2.99,"img":"https://fd11-photos.leclercdrive.fr/image.ashx?id=2377718&use=l&cat=p&typeid=i","cat":290417},{"id":76199,"n":"Brosse à dents Inava Brossage/soins 25/100 mi-dure","p":4.38,"img":"https://fd11-photos.leclercdrive.fr/image.ashx?id=2857473&use=l&cat=p&typeid=i","cat":290417},{"id":76211,"n":"L'ours d'or Haribo Sachet bonbons - 300g","p":1.69,"u":"5,63 €/KG","img":"https://fd11-photos.leclercdrive.fr/image.ashx?id=2805201&use=l&cat=p&typeid=i","cat":304250},{"id":76212,"n":"Tutti Candi Haribo Sachet bonbons - 250g","p":1.62,"u":"6,48 €/KG","img":"https://fd11-photos.leclercdrive.fr/image.ashx?id=2984910&use=l&cat=p&typeid=i","cat":304250},{"id":76214,"n":"Chamallows Choco Haribo Sachet bonbons guimauve - 160g","p":1.89,"u":"11,81 €/KG","img":"https://fd11-photos.leclercdrive.fr/image.ashx?id=2984919&use=l&cat=p&typeid=i","cat":304250},{"id":76219,"n":"Cannelloni Côté Table 800g","p":2.99,"u":"3,74 €/KG","img":"https://fd11-photos.leclercdrive.fr/image.ashx?id=2977897&use=l&cat=p&typeid=i","cat":284442},{"id":76220,"n":"Raviolis Côté Table Aux 6 légumes - 800g","p":2.29,"u":"2,86 €/KG","img":"https://fd11-photos.leclercdrive.fr/image.ashx?id=2977903&use=l&cat=p&typeid=i","cat":284442},{"id":76221,"n":"Pur jus Bio Village Bio Citron Sicile - 25cl","p":1.29,"u":"5,16 €/L","img":"https://fd11-photos.leclercdrive.fr/image.ashx?id=3010446&use=l&cat=p&typeid=i","cat":288383},{"id":76224,"n":"Maoam Stripes Haribo Sachet bonbons - 250g","p":1.97,"u":"7,88 €/KG","img":"https://fd11-photos.leclercdrive.fr/image.ashx?id=2953561&use=l&cat=p&typeid=i","cat":304250},{"id":76272,"n":"Lasagnes bolognaises Côté Table Viande de boeuf français - 600g","p":2.99,"u":"4,98 €/KG","img":"https://fd11-photos.leclercdrive.fr/image.ashx?id=2597324&use=l&cat=p&typeid=i","cat":284254},{"id":76360,"n":"Soda Schweppes Indian Tonic - 1L","p":1.67,"u":"1,67 €/L","img":"https://fd11-photos.leclercdrive.fr/image.ashx?id=2852399&use=l&cat=p&typeid=i","cat":284531},{"id":76454,"n":"Dos de Colin d'Alaska Findus MSC - x6 - 660g","p":8.52,"u":"12,91 €/KG","img":"https://fd11-photos.leclercdrive.fr/image.ashx?id=2735341&use=l&cat=p&typeid=i","cat":319786},{"id":76497,"n":"Saumon fumé bio Labeyrie 2 tranches - 65g","p":5.05,"u":"77,69 €/KG","img":"https://fd11-photos.leclercdrive.fr/image.ashx?id=2313705&use=l&cat=p&typeid=i","cat":285188},{"id":76501,"n":"Chips Tortilla Old El Paso Nachips - 185g","p":2.15,"u":"11,62 €/KG","img":"https://fd11-photos.leclercdrive.fr/image.ashx?id=2444519&use=l&cat=p&typeid=i","cat":288993},{"id":76515,"n":"AOP Petit-Chablis blanc Union Vignerons - 75 cl","p":9.99,"u":"13,32 €/L","img":"https://fd11-photos.leclercdrive.fr/image.ashx?id=2417884&use=l&cat=p&typeid=i","cat":289557},{"id":76599,"n":"Lait UHT C'est Qui Le Patron Demi-écrémé - Brique 6x1L","p":7.44,"u":"1,24 €/L","img":"https://fd11-photos.leclercdrive.fr/image.ashx?id=2763274&use=l&cat=p&typeid=i","cat":284377},{"id":76604,"n":"Nem au Poulet 4x65g","p":3.63,"u":"13,96 €/KG","img":"https://fd11-photos.leclercdrive.fr/image.ashx?id=2870548&use=l&cat=p&typeid=i","cat":333673},{"id":76719,"n":"Serviette papier Aqua Homeside Triple épaisseur 40x40cm - x20","p":1.39,"u":"0,07 €/P","img":"https://fd11-photos.leclercdrive.fr/image.ashx?id=2711710&use=l&cat=p&typeid=i","cat":334134},{"id":76721,"n":"Serviette papier Olive Homeside Triple épaisseur 40x40cm - x20","p":1.39,"u":"0,07 €/P","img":"https://fd11-photos.leclercdrive.fr/image.ashx?id=2712337&use=l&cat=p&typeid=i","cat":334134},{"id":76725,"n":"Serviette papier Rouge Homeside Triple épaisseur 40x40cm - x20","p":1.39,"u":"0,07 €/P","img":"https://fd11-photos.leclercdrive.fr/image.ashx?id=1659735&use=l&cat=p&typeid=i","cat":334134},{"id":76776,"n":"Eau de toilette Daniel Hechter  Homme Caractère - 50ml","p":14.29,"pp":10.0,"u":"200,00 €/L","img":"https://fd11-photos.leclercdrive.fr/image.ashx?id=2526953&use=l&cat=p&typeid=i","cat":287740},{"id":76783,"n":"Eau de Toilette Femme Eau Jeune Echappée Belle - 75ml","p":6.87,"pp":4.81,"u":"64,13 €/L","img":"https://fd11-photos.leclercdrive.fr/image.ashx?id=2458745&use=l&cat=p&typeid=i","cat":291525},{"id":76802,"n":"Biscuits cacao Kinder Cards Au lait et au cacao x5 - 128g","p":1.86,"u":"14,53 €/KG","img":"https://fd11-photos.leclercdrive.fr/image.ashx?id=2673328&use=l&cat=p&typeid=i","cat":284488},{"id":76859,"n":"Pâté de boeuf pour chat Eco+ Barquette - 100g","p":0.24,"u":"2,40 €/KG","img":"https://fd11-photos.leclercdrive.fr/image.ashx?id=2052724&use=l&cat=p&typeid=i","cat":285286},{"id":76861,"n":"Pâté au poisson pour chat Eco+ Barquette - 100g","p":0.24,"u":"2,40 €/KG","img":"https://fd11-photos.leclercdrive.fr/image.ashx?id=2052742&use=l&cat=p&typeid=i","cat":285286},{"id":76864,"n":"Gelée Bonne Maman Mûres - 370g","p":2.66,"u":"7,19 €/KG","img":"https://fd11-photos.leclercdrive.fr/image.ashx?id=2476305&use=l&cat=p&typeid=i","cat":284480},{"id":76875,"n":"Confiture Bonne Maman Fraise intense - 335g","p":1.86,"u":"5,55 €/KG","img":"https://fd11-photos.leclercdrive.fr/image.ashx?id=2341008&use=l&cat=p&typeid=i","cat":284480},{"id":76876,"n":"Confiture Bonne Maman Abricot intense - 335g","p":1.96,"u":"5,85 €/KG","img":"https://fd11-photos.leclercdrive.fr/image.ashx?id=2341011&use=l&cat=p&typeid=i","cat":284480},{"id":76877,"n":"Confiture Bonne Maman Framboise intense - 335g","p":2.33,"u":"6,96 €/KG","img":"https://fd11-photos.leclercdrive.fr/image.ashx?id=2341017&use=l&cat=p&typeid=i","cat":284480},{"id":76878,"n":"Confiture Bonne Maman Fruits rouges intense - 335g","p":2.04,"u":"6,09 €/KG","img":"https://fd11-photos.leclercdrive.fr/image.ashx?id=2900977&use=l&cat=p&typeid=i","cat":284480},{"id":76880,"n":"Confiture Bonne Maman Myrtille intense - 335g","p":2.14,"u":"6,39 €/KG","img":"https://fd11-photos.leclercdrive.fr/image.ashx?id=2341020&use=l&cat=p&typeid=i","cat":284480},{"id":76887,"n":"Friandises chien Pedigree  Récompense poulet canard - 130g","p":1.72,"u":"13,23 €/KG","img":"https://fd11-photos.leclercdrive.fr/image.ashx?id=2985555&use=l&cat=p&typeid=i","cat":294527},{"id":76888,"n":"Compotes Pom'Potes Gourdes  Multivariétés - 12x90g","p":4.8,"u":"4,44 €/KG","img":"https://fd11-photos.leclercdrive.fr/image.ashx?id=2986143&use=l&cat=p&typeid=i","cat":284508},{"id":76889,"n":"Compotes Pom'Potes Gourdes  Pomme Nature - 20x90g","p":7.25,"u":"4,03 €/KG","img":"https://fd11-photos.leclercdrive.fr/image.ashx?id=2889220&use=l&cat=p&typeid=i","cat":284508},{"id":76893,"n":"Gousse vanille bourbon Vahiné De Madagascar Bio - x1","p":5.02,"img":"https://fd11-photos.leclercdrive.fr/image.ashx?id=2559847&use=l&cat=p&typeid=i","cat":284504},{"id":76895,"n":"Lait croissance Bio Guigoz En poudre - dès 12 mois - 800g","p":15.12,"u":"18,90 €/KG","img":"https://fd11-photos.leclercdrive.fr/image.ashx?id=2740289&use=l&cat=p&typeid=i","cat":290219},{"id":76923,"n":"Crème légère Ictyane Ducray Visage peau normale/sèche -40ml","p":13.0,"u":"325,00 €/L","img":"https://fd11-photos.leclercdrive.fr/image.ashx?id=2335322&use=l&cat=p&typeid=i","cat":291171},{"id":76975,"n":"Huile de massage Weleda Au calendula - 100ml","p":11.89,"u":"118,90 €/L","img":"https://fd11-photos.leclercdrive.fr/image.ashx?id=1955786&use=l&cat=p&typeid=i","cat":290422},{"id":77008,"n":"Petits pains grillés Epi d'Or Briochés - 225g","p":1.45,"u":"6,44 €/KG","img":"https://fd11-photos.leclercdrive.fr/image.ashx?id=2496416&use=l&cat=p&typeid=i","cat":284479},{"id":77017,"n":"Vinaigrette Maille Huile sésame/soja - 36cl","p":2.91,"u":"8,08 €/L","img":"https://fd11-photos.leclercdrive.fr/image.ashx?id=2985657&use=l&cat=p&typeid=i","cat":284456},{"id":77098,"n":"Salade d'algues 1p","p":3.5,"img":"https://fd11-photos.leclercdrive.fr/image.ashx?id=2341699&use=l&cat=p&typeid=i","cat":286791},{"id":77289,"n":"Friandises chats  Félix Poulet, foie, dinde  - 200g","p":2.43,"u":"12,15 €/KG","img":"https://fd11-photos.leclercdrive.fr/image.ashx?id=2740859&use=l&cat=p&typeid=i","cat":285285},{"id":77336,"n":"St nectaire laitier NRT AOP  300g","p":4.28,"u":"14,27 €/KG","img":"https://fd11-photos.leclercdrive.fr/image.ashx?id=2143359&use=l&cat=p&typeid=i","cat":329184},{"id":77342,"n":"Riz vinaigre 255g","p":2.5,"u":"9,80 €/KG","img":"https://fd11-photos.leclercdrive.fr/image.ashx?id=2308123&use=l&cat=p&typeid=i","cat":286791},{"id":77359,"n":"Ravioli pur boeuf Côté Table Sauce italienne - 800g","p":2.19,"u":"2,74 €/KG","img":"https://fd11-photos.leclercdrive.fr/image.ashx?id=2977891&use=l&cat=p&typeid=i","cat":284442},{"id":77360,"n":"Ravioli bolognaise Côté Table 800g","p":2.89,"u":"3,61 €/KG","img":"https://fd11-photos.leclercdrive.fr/image.ashx?id=2977885&use=l&cat=p&typeid=i","cat":284442},{"id":77635,"n":"Tartelettes panachées x4 - 390g","p":6.5,"u":"16,67 €/KG","img":"https://fd11-photos.leclercdrive.fr/image.ashx?id=2496575&use=l&cat=p&typeid=i","cat":284360},{"id":77681,"n":"Amandes décortiquées Vahiné 125g","p":3.72,"u":"29,76 €/KG","img":"https://fd11-photos.leclercdrive.fr/image.ashx?id=2559805&use=l&cat=p&typeid=i","cat":284504},{"id":77682,"n":"Décors à poser smiley Vahiné 1 pièce","p":2.26,"img":"https://fd11-photos.leclercdrive.fr/image.ashx?id=1723343&use=l&cat=p&typeid=i","cat":284504},{"id":77683,"n":"Gousses vanille Vahiné x2","p":6.27,"u":"3,14 €/P","img":"https://fd11-photos.leclercdrive.fr/image.ashx?id=2524317&use=l&cat=p&typeid=i","cat":284504},{"id":77698,"n":"Crème dessert chocolat Soignon Au lait de chèvre - 4x100g","p":2.82,"u":"7,05 €/KG","img":"https://fd11-photos.leclercdrive.fr/image.ashx?id=2518262&use=l&cat=p&typeid=i","cat":314998},{"id":77731,"n":"Pâte à sucre Vahiné 250g","p":3.45,"u":"13,80 €/KG","img":"https://fd11-photos.leclercdrive.fr/image.ashx?id=2559874&use=l&cat=p&typeid=i","cat":284504},{"id":77755,"n":"Vinaigrette Légère MAILLE Vin Rouge & Echalotes - 36cl","p":2.45,"u":"6,81 €/L","img":"https://fd11-photos.leclercdrive.fr/image.ashx?id=2788154&use=l&cat=p&typeid=i","cat":284456},{"id":77946,"n":"Soin visage L'Oréal Paris Revitalift anti-âge - 50ml","p":13.7,"u":"274,00 €/L","img":"https://fd11-photos.leclercdrive.fr/image.ashx?id=2867527&use=l&cat=p&typeid=i","cat":325345},{"id":77976,"n":"Beurre Grand Fermage Doux - 82% MG - 250g","p":2.63,"u":"10,52 €/KG","img":"https://fd11-photos.leclercdrive.fr/image.ashx?id=2985207&use=l&cat=p&typeid=i","cat":284379},{"id":77989,"n":"Sauce au citron Labeyrie Pour saumon fumé - 100g","p":1.65,"u":"16,50 €/KG","img":"https://fd11-photos.leclercdrive.fr/image.ashx?id=2299133&use=l&cat=p&typeid=i","cat":315999},{"id":78092,"n":"Purée de brocolis Florette 2x200g","p":2.93,"u":"7,33 €/KG","img":"https://fd11-photos.leclercdrive.fr/image.ashx?id=2790009&use=l&cat=p&typeid=i","cat":333665},{"id":78105,"n":"Capsules café L'Or Espresso Splendente N°7 x10","p":3.08,"u":"59,23 €/KG","img":"https://fd11-photos.leclercdrive.fr/image.ashx?id=3000465&use=l&cat=p&typeid=i","cat":284749},{"id":78107,"n":"Capsules café L'Or Espresso Decaffeinato N°6 x10","p":3.13,"u":"60,19 €/KG","img":"https://fd11-photos.leclercdrive.fr/image.ashx?id=2100275&use=l&cat=p&typeid=i","cat":284749},{"id":78108,"n":"Capsules café L'Or Espresso Or Absolu N°9 x10","p":3.62,"u":"69,62 €/KG","img":"https://fd11-photos.leclercdrive.fr/image.ashx?id=2100287&use=l&cat=p&typeid=i","cat":284749},{"id":78135,"n":"Safran filament Ducros 0.35g","p":5.53,"img":"https://fd11-photos.leclercdrive.fr/image.ashx?id=2474296&use=l&cat=p&typeid=i","cat":298297},{"id":78137,"n":"Coquillettes Chaque Jour  Sans gluten - 400g","p":1.57,"u":"3,93 €/KG","img":"https://fd11-photos.leclercdrive.fr/image.ashx?id=2872715&use=l&cat=p&typeid=i","cat":284427},{"id":78138,"n":"Sablé de Retz Saint Michel Oter Bahlsen - 2x120g","p":1.47,"u":"6,13 €/KG","img":"https://fd11-photos.leclercdrive.fr/image.ashx?id=2935684&use=l&cat=p&typeid=i","cat":284487},{"id":78145,"n":"Purée de pois cassés Florette 2 x 200g","p":2.93,"u":"7,33 €/KG","img":"https://fd11-photos.leclercdrive.fr/image.ashx?id=2767687&use=l&cat=p&typeid=i","cat":333665},{"id":78160,"n":"Petits cookies Bonne Maman Pépites de chocolat - 250g","p":2.46,"u":"9,84 €/KG","img":"https://fd11-photos.leclercdrive.fr/image.ashx?id=2936170&use=l&cat=p&typeid=i","cat":325066},{"id":78204,"n":"Biscuits Palmito LU 100g","p":0.8,"u":"8,00 €/KG","img":"https://fd11-photos.leclercdrive.fr/image.ashx?id=3001949&use=l&cat=p&typeid=i","cat":284487},{"id":78258,"n":"Repas bébé 6 mois Good Goût Bio Carottes poulet - 190g","p":2.87,"u":"15,11 €/KG","img":"https://fd11-photos.leclercdrive.fr/image.ashx?id=2968430&use=l&cat=p&typeid=i","cat":312236},{"id":78259,"n":"Repas bébé Good Goût Bio 6 mois Patate douces / Porc - 190g","p":2.91,"u":"15,32 €/KG","img":"https://fd11-photos.leclercdrive.fr/image.ashx?id=2633130&use=l&cat=p&typeid=i","cat":312236},{"id":78274,"n":"Mini galette de riz Good Goût Bio - pomme - 40g","p":1.83,"u":"45,75 €/KG","img":"https://fd11-photos.leclercdrive.fr/image.ashx?id=2633133&use=l&cat=p&typeid=i","cat":312227},{"id":78275,"n":"Mini galette de riz Good Goût Myrtille bio - 40g","p":1.8,"u":"45,00 €/KG","img":"https://fd11-photos.leclercdrive.fr/image.ashx?id=2532135&use=l&cat=p&typeid=i","cat":312227},{"id":78276,"n":"Biscuit tout ronds Good Goût Bio - vanille dès 10 mois - 80g","p":2.92,"u":"36,50 €/KG","img":"https://fd11-photos.leclercdrive.fr/image.ashx?id=2736097&use=l&cat=p&typeid=i","cat":312227},{"id":78277,"n":"Céréales Bio Good Goût - 6 mois Avoine Blé Riz - 200g","p":3.82,"u":"19,10 €/KG","img":"https://fd11-photos.leclercdrive.fr/image.ashx?id=2640049&use=l&cat=p&typeid=i","cat":312225},{"id":78422,"n":"Houmous intense Sud & Sol 175g","p":2.48,"u":"14,17 €/KG","img":"https://fd11-photos.leclercdrive.fr/image.ashx?id=2937319&use=l&cat=p&typeid=i","cat":315999},{"id":78453,"n":"Graines de Tournesol Sun 500g","p":2.89,"u":"5,78 €/KG","img":"https://fd11-photos.leclercdrive.fr/image.ashx?id=2692167&use=l&cat=p&typeid=i","cat":284357},{"id":78470,"n":"Abricot moelleux Sun Sachet de 250g","p":3.77,"u":"15,08 €/KG","img":"https://fd11-photos.leclercdrive.fr/image.ashx?id=2996503&use=l&cat=p&typeid=i","cat":284357},{"id":78496,"n":"Boudoirs Brossard x30 - 175g","p":1.5,"u":"8,57 €/KG","img":"https://fd11-photos.leclercdrive.fr/image.ashx?id=2964995&use=l&cat=p&typeid=i","cat":284487},{"id":78544,"n":"Ravioli pur boeuf Côté Table  400g","p":1.35,"u":"3,38 €/KG","img":"https://fd11-photos.leclercdrive.fr/image.ashx?id=2977894&use=l&cat=p&typeid=i","cat":284442},{"id":78546,"n":"Ravioli bolognaise Côté Table 400g","p":1.99,"u":"4,98 €/KG","img":"https://fd11-photos.leclercdrive.fr/image.ashx?id=2977888&use=l&cat=p&typeid=i","cat":284442},{"id":78577,"n":"Gaufrettes Brun  Chocolat - 146g","p":0.86,"u":"5,89 €/KG","img":"https://fd11-photos.leclercdrive.fr/image.ashx?id=2842543&use=l&cat=p&typeid=i","cat":284487},{"id":78594,"n":"Biscuits croquants Délichoc Chocolat noir - 150g","p":1.77,"u":"11,80 €/KG","img":"https://fd11-photos.leclercdrive.fr/image.ashx?id=2956307&use=l&cat=p&typeid=i","cat":284488},{"id":78614,"n":"Acetone Mieuxa 1L","p":4.89,"u":"4,89 €/L","img":"https://fd11-photos.leclercdrive.fr/image.ashx?id=2276996&use=l&cat=p&typeid=i","cat":300576},{"id":78618,"n":"Assiettes en carton Eco+ x100","p":2.98,"img":"https://fd11-photos.leclercdrive.fr/image.ashx?id=1307672&use=l&cat=p&typeid=i","cat":334134},{"id":78628,"n":"Serviettes blanches Homeside x30 - 38cmx38cm - 2 plis","p":1.31,"u":"0,04 €/P","img":"https://fd11-photos.leclercdrive.fr/image.ashx?id=1659693&use=l&cat=p&typeid=i","cat":334134},{"id":78634,"n":"Pétrole désaromatisé Mieuxa 1L","p":3.42,"u":"3,42 €/L","img":"https://fd11-photos.leclercdrive.fr/image.ashx?id=2277035&use=l&cat=p&typeid=i","cat":300576},{"id":78643,"n":"Serviettes 2 plis Ardence Aqua - 38x38cm - x30","p":1.7,"u":"0,06 €/P","img":"https://fd11-photos.leclercdrive.fr/image.ashx?id=2744125&use=l&cat=p&typeid=i","cat":334134},{"id":78645,"n":"Nappe damassée Homeside Bleu ciel - 7m","p":2.96,"u":"0,42 €/MT","img":"https://fd11-photos.leclercdrive.fr/image.ashx?id=2693144&use=l&cat=p&typeid=i","cat":334134},{"id":78646,"n":"Ensemble de douche Eco+ 1 jet + flex + B","p":8.8,"img":"https://fd11-photos.leclercdrive.fr/image.ashx?id=2162135&use=l&cat=p&typeid=i","cat":300576},{"id":78664,"n":"Scie sabre Foxter","p":69.9,"u":"Dont 0,50 € d'éco-part.","img":"https://fd11-photos.leclercdrive.fr/image.ashx?id=1308245&use=l&cat=p&typeid=i","cat":300576},{"id":78715,"n":"Gaufrettes vanille Eco+ 190g","p":0.69,"u":"3,63 €/KG","img":"https://fd11-photos.leclercdrive.fr/image.ashx?id=2760786&use=l&cat=p&typeid=i","cat":284487},{"id":78716,"n":"Gaufrettes chocolat Eco+ 190g","p":0.69,"u":"3,63 €/KG","img":"https://fd11-photos.leclercdrive.fr/image.ashx?id=2843036&use=l&cat=p&typeid=i","cat":284487},{"id":78717,"n":"Brioche tranchée Eco+ Nature - 500g","p":1.19,"u":"2,38 €/KG","img":"https://fd11-photos.leclercdrive.fr/image.ashx?id=2605086&use=l&cat=p&typeid=i","cat":284478},{"id":78719,"n":"Goûter fourré rond Eco+ Vanille - 500g","p":1.43,"u":"2,86 €/KG","img":"https://fd11-photos.leclercdrive.fr/image.ashx?id=2223611&use=l&cat=p&typeid=i","cat":284489},{"id":78722,"n":"Tartelettes à l'abricot Eco+ x12 - 200g","p":0.8,"u":"4,00 €/KG","img":"https://fd11-photos.leclercdrive.fr/image.ashx?id=2869754&use=l&cat=p&typeid=i","cat":284489},{"id":78723,"n":"Petits beurre Eco+ x24 - 175g","p":0.58,"u":"3,31 €/KG","img":"https://fd11-photos.leclercdrive.fr/image.ashx?id=2758782&use=l&cat=p&typeid=i","cat":284487},{"id":78725,"n":"Génoises fourrées orange Eco+ 300g","p":1.5,"u":"5,00 €/KG","img":"https://fd11-photos.leclercdrive.fr/image.ashx?id=2768445&use=l&cat=p&typeid=i","cat":284489},{"id":78726,"n":"Biscuits petit déjeuner Eco+ x25 - 350g","p":0.73,"u":"2,09 €/KG","img":"https://fd11-photos.leclercdrive.fr/image.ashx?id=2550821&use=l&cat=p&typeid=i","cat":284491},{"id":78728,"n":"Goûter fourré Eco+ Chocolat - 300g","p":1.07,"u":"3,57 €/KG","img":"https://fd11-photos.leclercdrive.fr/image.ashx?id=2775884&use=l&cat=p&typeid=i","cat":284488},{"id":78732,"n":"Guacamole Old El Paso Doux - 320g","p":2.16,"u":"6,75 €/KG","img":"https://fd11-photos.leclercdrive.fr/image.ashx?id=2737612&use=l&cat=p&typeid=i","cat":288993},{"id":78734,"n":"Boisson gourmande PAGO Red ACE Orange sang carotte ctrn - 75cl","p":1.85,"u":"2,47 €/L","img":"https://fd11-photos.leclercdrive.fr/image.ashx?id=2861234&use=l&cat=p&typeid=i","cat":284915},{"id":78742,"n":"Pain campagnard Schar Aux graines sans gluten - 250g","p":3.39,"u":"13,56 €/KG","img":"https://fd11-photos.leclercdrive.fr/image.ashx?id=2139874&use=l&cat=p&typeid=i","cat":325069},{"id":78744,"n":"Pain de mie Schär - Classic Sans gluten - 300g","p":3.29,"u":"10,97 €/KG","img":"https://fd11-photos.leclercdrive.fr/image.ashx?id=2659418&use=l&cat=p&typeid=i","cat":318654},{"id":78771,"n":"Galette Bonne Maman x12 - 170g","p":1.66,"u":"9,76 €/KG","img":"https://fd11-photos.leclercdrive.fr/image.ashx?id=2935792&use=l&cat=p&typeid=i","cat":284487},{"id":78773,"n":"Tablette de chocolat noir Lindt Noir 78% cacao - 100g","p":2.42,"u":"24,20 €/KG","img":"https://fd11-photos.leclercdrive.fr/image.ashx?id=2689481&use=l&cat=p&typeid=i","cat":284956},{"id":78837,"n":"Fromage blanc Danone Nature 3%MG - 825g","p":3.1,"u":"3,76 €/KG","img":"https://fd11-photos.leclercdrive.fr/image.ashx?id=2813878&use=l&cat=p&typeid=i","cat":284409},{"id":78937,"n":"Knacki végétal Herta x6 - 210g","p":2.25,"u":"10,71 €/KG","img":"https://fd11-photos.leclercdrive.fr/image.ashx?id=2992323&use=l&cat=p&typeid=i","cat":316036},{"id":78953,"n":"Savon solide Bionaïa Abricot bio - 100g","p":1.39,"u":"13,90 €/KG","img":"https://fd11-photos.leclercdrive.fr/image.ashx?id=2331324&use=l&cat=p&typeid=i","cat":284597},{"id":79016,"n":"Galette boulgour Céréal Bio  Bio tomate parmesan x2 200G","p":2.39,"u":"11,95 €/KG","img":"https://fd11-photos.leclercdrive.fr/image.ashx?id=2573519&use=l&cat=p&typeid=i","cat":284953},{"id":79068,"n":"IGP Côte des roses Rosé Languedoc Roussillon 13% - 75cl","p":7.06,"u":"9,41 €/L","img":"https://fd11-photos.leclercdrive.fr/image.ashx?id=2505528&use=l&cat=p&typeid=i","cat":289558},{"id":79092,"n":"Adoucissant peaux sensibles 40 lavages - 750 ml - UNI VERT","p":1.78,"u":"2,37 €/L","img":"https://fd11-photos.leclercdrive.fr/image.ashx?id=2893334&use=l&cat=p&typeid=i","cat":284650},{"id":79220,"n":"Petit pot bébé bio Blédina 6m  Légumes veau - 2x200g","p":3.19,"u":"7,98 €/KG","img":"https://fd11-photos.leclercdrive.fr/image.ashx?id=2974291&use=l&cat=p&typeid=i","cat":312236},{"id":79221,"n":"Petit pot bébé bio Blédina 6m  Légumes poulet - 2x200g","p":2.72,"u":"6,80 €/KG","img":"https://fd11-photos.leclercdrive.fr/image.ashx?id=2951578&use=l&cat=p&typeid=i","cat":312236},{"id":79233,"n":"Petit pot bébé bio Blédina 4-6m Haricots pomme de terre -2x130g","p":2.08,"u":"8,00 €/KG","img":"https://fd11-photos.leclercdrive.fr/image.ashx?id=2831699&use=l&cat=p&typeid=i","cat":312234},{"id":79243,"n":"Petit pot bébé bio Blédina 4-6m Patate douce - 2x130g","p":2.0,"u":"7,69 €/KG","img":"https://fd11-photos.leclercdrive.fr/image.ashx?id=2848581&use=l&cat=p&typeid=i","cat":312234},{"id":79252,"n":"Compote bébé bio Blédina 6 mois Pomme banane kiwi - 2x130g","p":2.09,"u":"8,04 €/KG","img":"https://fd11-photos.leclercdrive.fr/image.ashx?id=2848560&use=l&cat=p&typeid=i","cat":312388},{"id":79260,"n":"Compote bébé bio Blédina 6 mois Pomme banane nectarine - 2x130g","p":2.08,"u":"8,00 €/KG","img":"https://fd11-photos.leclercdrive.fr/image.ashx?id=2848572&use=l&cat=p&typeid=i","cat":312388},{"id":79319,"n":"Shampooing Bio Sobio Etic Cheveux Doux - 250ml","p":3.8,"u":"15,20 €/L","img":"https://fd11-photos.leclercdrive.fr/image.ashx?id=2787068&use=l&cat=p&typeid=i","cat":284606},{"id":79323,"n":"Shampooing Bio Sobio Etic Cheveux nourris - 250ml","p":3.75,"u":"15,00 €/L","img":"https://fd11-photos.leclercdrive.fr/image.ashx?id=2792681&use=l&cat=p&typeid=i","cat":284606},{"id":79402,"n":"Chorizo espagnol fort x30 - 150g","p":2.19,"u":"14,60 €/KG","img":"https://fd11-photos.leclercdrive.fr/image.ashx?id=1873728&use=l&cat=p&typeid=i","cat":316007},{"id":79406,"n":"P'tit max Délisse Framboise - 6x180g","p":2.03,"u":"1,88 €/KG","img":"https://fd11-photos.leclercdrive.fr/image.ashx?id=2757936&use=l&cat=p&typeid=i","cat":284415},{"id":79517,"n":"Soupe velouté Knorr 9 légumes - 1L","p":1.71,"u":"1,71 €/L","img":"https://fd11-photos.leclercdrive.fr/image.ashx?id=2408273&use=l&cat=p&typeid=i","cat":284462},{"id":79519,"n":"Soupe mouliné Knorr Légumes variés - 1L","p":1.72,"u":"1,72 €/L","img":"https://fd11-photos.leclercdrive.fr/image.ashx?id=2408276&use=l&cat=p&typeid=i","cat":284462},{"id":79528,"n":"Nouilles Tables du Monde Asiatiques Boeuf cup - 61.5g","p":0.74,"u":"11,94 €/KG","img":"https://fd11-photos.leclercdrive.fr/image.ashx?id=2920199&use=l&cat=p&typeid=i","cat":288992},{"id":79529,"n":"Nouille Tables du Monde Asiatique Poulet cup - 61.5g","p":0.74,"u":"11,94 €/KG","img":"https://fd11-photos.leclercdrive.fr/image.ashx?id=2920202&use=l&cat=p&typeid=i","cat":288992},{"id":79532,"n":"Nouilles Table du Monde Asiatiques Curry cup - 61.5g","p":0.79,"u":"12,74 €/KG","img":"https://fd11-photos.leclercdrive.fr/image.ashx?id=2920205&use=l&cat=p&typeid=i","cat":288992},{"id":79534,"n":"Nouilles Tables du Monde Asiatiques crevette cup - 61.5g","p":0.74,"u":"11,94 €/KG","img":"https://fd11-photos.leclercdrive.fr/image.ashx?id=1948586&use=l&cat=p&typeid=i","cat":288992},{"id":79545,"n":"Pâtes Collezione Barilla Tortellini jambon fromage -250g","p":2.55,"u":"10,20 €/KG","img":"https://fd11-photos.leclercdrive.fr/image.ashx?id=2588624&use=l&cat=p&typeid=i","cat":284427},{"id":79556,"n":"Couscous parfumé Tipiak Epice - 510g","p":1.95,"u":"3,82 €/KG","img":"https://fd11-photos.leclercdrive.fr/image.ashx?id=2882866&use=l&cat=p&typeid=i","cat":284429},{"id":79623,"n":"Barre de céréales Nature Valley  Crunchy avoine miel X5-210g","p":2.25,"u":"10,71 €/KG","img":"https://fd11-photos.leclercdrive.fr/image.ashx?id=2844472&use=l&cat=p&typeid=i","cat":285869},{"id":79624,"n":"Barre de céréales Nature Valley Crunchy avoine chocolat x5-210g","p":2.47,"u":"11,76 €/KG","img":"https://fd11-photos.leclercdrive.fr/image.ashx?id=2844475&use=l&cat=p&typeid=i","cat":285869},{"id":79625,"n":"Barre de céréales Nature Valley  Sweet & Salty chocolat x5-150g","p":2.62,"u":"17,47 €/KG","img":"https://fd11-photos.leclercdrive.fr/image.ashx?id=2737714&use=l&cat=p&typeid=i","cat":285869},{"id":79668,"n":"Bouillon cubes Knorr Légumes réduit en sel x12- 109g","p":1.42,"u":"13,03 €/KG","img":"https://fd11-photos.leclercdrive.fr/image.ashx?id=2793068&use=l&cat=p&typeid=i","cat":288379},{"id":79674,"n":"Mascara Maybelline  Colossal Big Shot volume Noir","p":9.52,"img":"https://fd11-photos.leclercdrive.fr/image.ashx?id=2422734&use=l&cat=p&typeid=i","cat":287029},{"id":79797,"n":"Fond de Teint L'Oréal Paris Accord Parfait 3.R Beige Rosé","p":10.94,"img":"https://fd11-photos.leclercdrive.fr/image.ashx?id=2900971&use=l&cat=p&typeid=i","cat":287029},{"id":79832,"n":"Gourde bébé Good Goût Bio 4mois Prune - 120g","p":1.52,"u":"12,67 €/KG","img":"https://fd11-photos.leclercdrive.fr/image.ashx?id=2381270&use=l&cat=p&typeid=i","cat":312393},{"id":79833,"n":"Gourde bébé Good Goût Bio 6mois Purée de Pomme/Coing - 120g","p":1.5,"u":"12,50 €/KG","img":"https://fd11-photos.leclercdrive.fr/image.ashx?id=2736181&use=l&cat=p&typeid=i","cat":312393},{"id":79901,"n":"Top Coat gel express Maybelline Longue Tenue séchage rapide","p":7.25,"img":"https://fd11-photos.leclercdrive.fr/image.ashx?id=2344987&use=l&cat=p&typeid=i","cat":325347},{"id":79909,"n":"Mascara Maybelline  Cils Sensational Intense Noir","p":9.02,"img":"https://fd11-photos.leclercdrive.fr/image.ashx?id=2278154&use=l&cat=p&typeid=i","cat":287029},{"id":79940,"n":"Bière blonde Grimbergen 6,7° - 50cl canette","p":1.76,"u":"3,52 €/L","img":"https://fd11-photos.leclercdrive.fr/image.ashx?id=2605458&use=l&cat=p&typeid=i","cat":334853},{"id":79971,"n":"Boisson Citronnade Pulco Citron - 1L","p":2.0,"u":"2,00 €/L","img":"https://fd11-photos.leclercdrive.fr/image.ashx?id=2942263&use=l&cat=p&typeid=i","cat":295018},{"id":80053,"n":"Paire de ciseaux Sensoft Maped Rouge - Gaucher - 16cm","p":2.95,"img":"https://fd11-photos.leclercdrive.fr/image.ashx?id=1410598&use=l&cat=p&typeid=i","cat":334133},{"id":80114,"n":"Lait bébé Les récoltes bio croissance Blédina 10 mois 6x1l","p":14.11,"u":"2,35 €/L","img":"https://fd11-photos.leclercdrive.fr/image.ashx?id=2605440&use=l&cat=p&typeid=i","cat":284728},{"id":80116,"n":"10 crayons à papier Bic Graphite évolution","p":1.14,"img":"https://fd11-photos.leclercdrive.fr/image.ashx?id=2732782&use=l&cat=p&typeid=i","cat":284696},{"id":80118,"n":"Stylo bille 4 couleurs Bic + 1HB Porte-Mines - 2+1","p":4.55,"u":"1,52 €/P","img":"https://fd11-photos.leclercdrive.fr/image.ashx?id=2252142&use=l&cat=p&typeid=i","cat":284696},{"id":80125,"n":"Feutres d'écriture Papermate Flair - x8","p":4.31,"img":"https://fd11-photos.leclercdrive.fr/image.ashx?id=2089649&use=l&cat=p&typeid=i","cat":284696},{"id":80128,"n":"Rosette de Lyon Saint-Azay 12 tranches - 100g","p":1.44,"u":"14,40 €/KG","img":"https://fd11-photos.leclercdrive.fr/image.ashx?id=2728264&use=l&cat=p&typeid=i","cat":316007},{"id":80130,"n":"Alèses absorbantes DryNites 78x88cm - x12","p":12.42,"u":"1,04 €/P","img":"https://fd11-photos.leclercdrive.fr/image.ashx?id=2883717&use=l&cat=p&typeid=i","cat":290633},{"id":80156,"n":"Tube de peintureColorPeps Maped Gouache boîte en plastique -x10","p":3.94,"img":"https://fd11-photos.leclercdrive.fr/image.ashx?id=2014016&use=l&cat=p&typeid=i","cat":334133},{"id":80157,"n":"Feutres pour ardoise Bic Velleda 1741 Effaçable à sec x5","p":2.15,"img":"https://fd11-photos.leclercdrive.fr/image.ashx?id=2228564&use=l&cat=p&typeid=i","cat":334133},{"id":80164,"n":"Lot de 3 devidoirs Scotch Pour rubans adhésifs Crystal","p":1.94,"img":"https://fd11-photos.leclercdrive.fr/image.ashx?id=1870630&use=l&cat=p&typeid=i","cat":334133},{"id":80177,"n":"Lot 3 rubans adhésifs Magic avec dévidoirs","p":2.1,"img":"https://fd11-photos.leclercdrive.fr/image.ashx?id=1870633&use=l&cat=p&typeid=i","cat":334133},{"id":80231,"n":"Graines de courge bio Bio Village - 200g","p":3.09,"u":"15,45 €/KG","img":"https://fd11-photos.leclercdrive.fr/image.ashx?id=2699583&use=l&cat=p&typeid=i","cat":323809},{"id":80302,"n":"Eau minérale naturelle Volvic 6x1,5L","p":3.04,"u":"0,34 €/L","img":"https://fd11-photos.leclercdrive.fr/image.ashx?id=2730244&use=l&cat=p&typeid=i","cat":284535},{"id":80305,"n":"Boisson aux fruits Oasis Tropical - 12x33cl","p":7.13,"u":"1,80 €/L","img":"https://fd11-photos.leclercdrive.fr/image.ashx?id=2880706&use=l&cat=p&typeid=i","cat":295018},{"id":80306,"n":"Soda Schweppes Saveur Agrumes -12x33cl","p":7.04,"u":"1,78 €/L","img":"https://fd11-photos.leclercdrive.fr/image.ashx?id=2852426&use=l&cat=p&typeid=i","cat":284532},{"id":80380,"n":"Tablette De Chocolat Poulain Noir Extra - 200g","p":1.99,"u":"9,95 €/KG","img":"https://fd11-photos.leclercdrive.fr/image.ashx?id=2890262&use=l&cat=p&typeid=i","cat":284956},{"id":80382,"n":"Tablette De Chocolat Poulain Noir Extra - 2x100g","p":2.43,"u":"12,15 €/KG","img":"https://fd11-photos.leclercdrive.fr/image.ashx?id=2867566&use=l&cat=p&typeid=i","cat":284956},{"id":80383,"n":"Tablette KINDER Chocolat Chocolat au Lait x12 - 150g","p":2.84,"u":"18,93 €/KG","img":"https://fd11-photos.leclercdrive.fr/image.ashx?id=1904474&use=l&cat=p&typeid=i","cat":284498},{"id":80385,"n":"Barres Chocolatées KINDER BUENO  Chocolat au Lait x5 - 215g","p":3.89,"u":"18,09 €/KG","img":"https://fd11-photos.leclercdrive.fr/image.ashx?id=2679621&use=l&cat=p&typeid=i","cat":284498},{"id":80386,"n":"Barres KINDER BUENO White  Chocolat Blanc x6 - 234g","p":4.14,"u":"17,69 €/KG","img":"https://fd11-photos.leclercdrive.fr/image.ashx?id=2679639&use=l&cat=p&typeid=i","cat":284498},{"id":80398,"n":"Eau Micellaire visage Nivea Peaux sensibles - 400ml","p":3.41,"u":"8,53 €/L","img":"https://fd11-photos.leclercdrive.fr/image.ashx?id=2800965&use=l&cat=p&typeid=i","cat":284603},{"id":80553,"n":"Pack de 3 cartouches Brita Filtrantes classic","p":18.61,"u":"6,20 €/P","img":"https://fd11-photos.leclercdrive.fr/image.ashx?id=2433259&use=l&cat=p&typeid=i","cat":334135},{"id":80617,"n":"Tétine en latex Mots d'enfants Bout rond - 2ème âge - x2","p":1.5,"img":"https://fd11-photos.leclercdrive.fr/image.ashx?id=1871134&use=l&cat=p&typeid=i","cat":284743},{"id":80630,"n":"Purée de tomates Bio Village Bio  - 72cl","p":1.54,"u":"2,14 €/L","img":"https://fd11-photos.leclercdrive.fr/image.ashx?id=2077475&use=l&cat=p&typeid=i","cat":288384},{"id":80840,"n":"Bouillon Cube Maggi Pot au feu - Dégraissé - 120g","p":1.51,"u":"12,58 €/KG","img":"https://fd11-photos.leclercdrive.fr/image.ashx?id=2212327&use=l&cat=p&typeid=i","cat":288379},{"id":80841,"n":"Bouillon Cube Maggi Volaille - Degraissé - 120g","p":1.51,"u":"12,58 €/KG","img":"https://fd11-photos.leclercdrive.fr/image.ashx?id=2737087&use=l&cat=p&typeid=i","cat":288379},{"id":80842,"n":"Bouillon Cube Maggi Dégraissé - 120g","p":1.47,"u":"12,25 €/KG","img":"https://fd11-photos.leclercdrive.fr/image.ashx?id=2737090&use=l&cat=p&typeid=i","cat":288379},{"id":80927,"n":"Fromage chèvre chaud Soignon Nature - 21% MG - 4x25g","p":1.94,"u":"19,40 €/KG","img":"https://fd11-photos.leclercdrive.fr/image.ashx?id=2844951&use=l&cat=p&typeid=i","cat":314027},{"id":81188,"n":"Flan aromatisé vanille Flanby nappé de caramel - 12x100g","p":2.5,"u":"2,08 €/KG","img":"https://fd11-photos.leclercdrive.fr/image.ashx?id=2744584&use=l&cat=p&typeid=i","cat":284420},{"id":81193,"n":"Compotes Douceur du Verger Pomme Châtaigne - 4x100g","p":1.46,"u":"3,65 €/KG","img":"https://fd11-photos.leclercdrive.fr/image.ashx?id=2389560&use=l&cat=p&typeid=i","cat":284416},{"id":81196,"n":"Flan aromatisé vanille Flanby nappé de caramel - 6x100g","p":1.46,"u":"2,43 €/KG","img":"https://fd11-photos.leclercdrive.fr/image.ashx?id=2483786&use=l&cat=p&typeid=i","cat":284420},{"id":81199,"n":"Yaourt La Laitière  Vanille - 8x125g","p":3.08,"u":"3,08 €/KG","img":"https://fd11-photos.leclercdrive.fr/image.ashx?id=2613981&use=l&cat=p&typeid=i","cat":286006},{"id":81222,"n":"Pizza La pizz Sodebo Chorizo - 470g","p":3.44,"u":"7,32 €/KG","img":"https://fd11-photos.leclercdrive.fr/image.ashx?id=2868389&use=l&cat=p&typeid=i","cat":333679},{"id":81234,"n":"Les carrés Good Goût Dès 8 mois - banane bio - 50g","p":2.72,"u":"54,40 €/KG","img":"https://fd11-photos.leclercdrive.fr/image.ashx?id=2640052&use=l&cat=p&typeid=i","cat":312227},{"id":81236,"n":"Fromage à tartiner Boursin Ail et fines herbes 10 portions","p":2.38,"u":"14,88 €/KG","img":"https://fd11-photos.leclercdrive.fr/image.ashx?id=2964682&use=l&cat=p&typeid=i","cat":314029},{"id":81246,"n":"Bière blonde Pelforth 12x25cl","p":6.81,"u":"2,27 €/L","img":"https://fd11-photos.leclercdrive.fr/image.ashx?id=2645146&use=l&cat=p&typeid=i","cat":334873},{"id":81250,"n":"Bière blonde Grimbergen 6,7° - 20x25cl","p":13.62,"u":"2,72 €/L","img":"https://fd11-photos.leclercdrive.fr/image.ashx?id=2294791&use=l&cat=p&typeid=i","cat":334852},{"id":81254,"n":"Bière blonde Grimbergen 6,7° - 12x25cl","p":8.67,"u":"2,89 €/L","img":"https://fd11-photos.leclercdrive.fr/image.ashx?id=2872865&use=l&cat=p&typeid=i","cat":334852},{"id":81268,"n":"Bière blonde Grimbergen 6,7° - 6x25cl","p":4.79,"u":"3,19 €/L","img":"https://fd11-photos.leclercdrive.fr/image.ashx?id=2294381&use=l&cat=p&typeid=i","cat":334852},{"id":81272,"n":"Vin mousseux brut blanc  Produit en Allemagne - 75cl","p":1.57,"u":"2,09 €/L","img":"https://fd11-photos.leclercdrive.fr/image.ashx?id=2720133&use=l&cat=p&typeid=i","cat":284544},{"id":81277,"n":"Vin mousseux demi-sec blanc  Produit en Allemagne - 75cl","p":1.59,"u":"2,12 €/L","img":"https://fd11-photos.leclercdrive.fr/image.ashx?id=2720130&use=l&cat=p&typeid=i","cat":284544},{"id":81280,"n":"Fromage La Vache qui rit Toastinette nature 10 tranches","p":1.69,"u":"8,45 €/KG","img":"https://fd11-photos.leclercdrive.fr/image.ashx?id=2342776&use=l&cat=p&typeid=i","cat":314028},{"id":81281,"n":"Fromage La Vache qui rit Toastinette cheddar 10 tranches","p":1.69,"u":"8,45 €/KG","img":"https://fd11-photos.leclercdrive.fr/image.ashx?id=2342773&use=l&cat=p&typeid=i","cat":314028},{"id":81285,"n":"Céréales bébé soir Blédiner 8m Légumes en poudre - 240g","p":2.37,"u":"9,88 €/KG","img":"https://fd11-photos.leclercdrive.fr/image.ashx?id=2192763&use=l&cat=p&typeid=i","cat":312239},{"id":81291,"n":"Bière sans alcool Tourtel Twist Citron Vert Menthe 0,0° -6x27cl","p":3.97,"u":"2,41 €/L","img":"https://fd11-photos.leclercdrive.fr/image.ashx?id=2896567&use=l&cat=p&typeid=i","cat":334877},{"id":81304,"n":"Marron sous vide 420g","p":6.89,"u":"16,40 €/KG","img":"https://fd11-photos.leclercdrive.fr/image.ashx?id=1575035&use=l&cat=p&typeid=i","cat":312612},{"id":81316,"n":"Tablette KINDER Chocolat Chocolat au Lait x24 - 300g","p":4.23,"u":"14,10 €/KG","img":"https://fd11-photos.leclercdrive.fr/image.ashx?id=2868167&use=l&cat=p&typeid=i","cat":284498},{"id":81318,"n":"Bonbons KINDER Schoko-Bons Chocolat au lait - 500G","p":7.76,"u":"15,52 €/KG","img":"https://fd11-photos.leclercdrive.fr/image.ashx?id=2402925&use=l&cat=p&typeid=i","cat":304238},{"id":81322,"n":"Huile de Tournesol Eco+ 3L","p":4.89,"u":"1,63 €/L","img":"https://fd11-photos.leclercdrive.fr/image.ashx?id=3002506&use=l&cat=p&typeid=i","cat":284453},{"id":81323,"n":"Huile d'olive Bio Carapelli Extra-vierge - 75cl","p":11.99,"u":"15,99 €/L","img":"https://fd11-photos.leclercdrive.fr/image.ashx?id=2737447&use=l&cat=p&typeid=i","cat":284453},{"id":81361,"n":"Spray Cytelium A-derma Assèche et Apaise - 100ml","p":9.71,"u":"97,10 €/L","img":"https://fd11-photos.leclercdrive.fr/image.ashx?id=2377091&use=l&cat=p&typeid=i","cat":290421},{"id":81371,"n":"Tartine de pain Pasquier Au blé complet - 240g","p":1.4,"u":"5,83 €/KG","img":"https://fd11-photos.leclercdrive.fr/image.ashx?id=2927339&use=l&cat=p&typeid=i","cat":284479},{"id":81380,"n":"Chorizo tranché César Moroni Doux 20 tranches - 100g","p":1.95,"u":"19,50 €/KG","img":"https://fd11-photos.leclercdrive.fr/image.ashx?id=2948836&use=l&cat=p&typeid=i","cat":316007},{"id":81383,"n":"Rillettes du Mans La Véritable Bordeau Chesnel - 220g","p":2.15,"u":"9,77 €/KG","img":"https://fd11-photos.leclercdrive.fr/image.ashx?id=2763100&use=l&cat=p&typeid=i","cat":316008},{"id":81384,"n":"Vodka Zubrowska Biala 37.5%vol - 70cl","p":10.49,"u":"14,99 €/L","img":"https://fd11-photos.leclercdrive.fr/image.ashx?id=2961227&use=l&cat=p&typeid=i","cat":284550},{"id":81547,"n":"Capsules Nescafé Dolce Gusto  Cappuccino - x8 - 186g","p":4.41,"u":"23,71 €/KG","img":"https://fd11-photos.leclercdrive.fr/image.ashx?id=2838809&use=l&cat=p&typeid=i","cat":293239},{"id":81548,"n":"Pain de mie Harrys 100% mie Nature Sans croûte Maxi - 650g","p":2.09,"u":"3,22 €/KG","img":"https://fd11-photos.leclercdrive.fr/image.ashx?id=2517468&use=l&cat=p&typeid=i","cat":284477},{"id":81554,"n":"Riz au lait Bonne Maman Vanille Naturelle - 4x100g","p":2.21,"u":"5,53 €/KG","img":"https://fd11-photos.leclercdrive.fr/image.ashx?id=2619130&use=l&cat=p&typeid=i","cat":284418},{"id":81558,"n":"Pain de mie 100% Mie Harrys Nature petites tranches - 500g","p":1.7,"u":"3,40 €/KG","img":"https://fd11-photos.leclercdrive.fr/image.ashx?id=2517453&use=l&cat=p&typeid=i","cat":284477},{"id":81564,"n":"AOP Champagne Canard-Duchêne Brut - 75cl","p":23.08,"u":"30,77 €/L","img":"https://fd11-photos.leclercdrive.fr/image.ashx?id=2756909&use=l&cat=p&typeid=i","cat":284542},{"id":81566,"n":"Fromage Raclette Burger Les Croisés 8 Tranches - 150g","p":1.23,"u":"8,20 €/KG","img":"https://fd11-photos.leclercdrive.fr/image.ashx?id=2396607&use=l&cat=p&typeid=i","cat":314028},{"id":81567,"n":"Biscuits Good Goût - 8 mois Bio - Mangue - 50g","p":2.77,"u":"55,40 €/KG","img":"https://fd11-photos.leclercdrive.fr/image.ashx?id=2762256&use=l&cat=p&typeid=i","cat":312227},{"id":81678,"n":"Pané de dinde Le Gaulois 200g","p":2.47,"u":"12,35 €/KG","img":"https://fd11-photos.leclercdrive.fr/image.ashx?id=2261648&use=l&cat=p&typeid=i","cat":333683},{"id":81690,"n":"Ruban adhésif transparent 3M avec dévidoir","p":1.98,"img":"https://fd11-photos.leclercdrive.fr/image.ashx?id=1870636&use=l&cat=p&typeid=i","cat":334133},{"id":81700,"n":"Compote bébé bio BabyBio Pomme châtaigne - 6 mois - 260g","p":2.1,"u":"8,08 €/KG","img":"https://fd11-photos.leclercdrive.fr/image.ashx?id=2838338&use=l&cat=p&typeid=i","cat":312388},{"id":81701,"n":"Repas bébé bio BabyBio 12 mois Patate douce Pintade - 230g","p":2.14,"u":"9,30 €/KG","img":"https://fd11-photos.leclercdrive.fr/image.ashx?id=2827410&use=l&cat=p&typeid=i","cat":312237},{"id":81702,"n":"Gourde bébé Babybio - 6 mois Bio Pomme / Framboise - 360g","p":3.16,"u":"8,78 €/KG","img":"https://fd11-photos.leclercdrive.fr/image.ashx?id=2827542&use=l&cat=p&typeid=i","cat":312393},{"id":81703,"n":"Gourde bébé Babybio - 6 mois Bio Orange / Banane - 360g","p":3.59,"u":"9,97 €/KG","img":"https://fd11-photos.leclercdrive.fr/image.ashx?id=2832017&use=l&cat=p&typeid=i","cat":312393},{"id":81768,"n":"Brioche tranchée La Boulangère Bio - 400g","p":2.21,"u":"5,53 €/KG","img":"https://fd11-photos.leclercdrive.fr/image.ashx?id=2912194&use=l&cat=p&typeid=i","cat":284478},{"id":81779,"n":"Thé noir Bio Ethiquable  Tchaï aux épices x20 - 36g","p":2.05,"u":"56,94 €/KG","img":"https://fd11-photos.leclercdrive.fr/image.ashx?id=2870833&use=l&cat=p&typeid=i","cat":293233},{"id":81861,"n":"Pain de mie 100% Mie Harrys Nature grandes tranches - 500g","p":1.77,"u":"3,54 €/KG","img":"https://fd11-photos.leclercdrive.fr/image.ashx?id=2517456&use=l&cat=p&typeid=i","cat":284477},{"id":81909,"n":"Café moulu Grand Mère Familial - 250g","p":3.45,"u":"13,80 €/KG","img":"https://fd11-photos.leclercdrive.fr/image.ashx?id=1755046&use=l&cat=p&typeid=i","cat":284750},{"id":81991,"n":"Courgettes rondelle Bio Village Bio - 600g","p":1.99,"u":"3,32 €/KG","img":"https://fd11-photos.leclercdrive.fr/image.ashx?id=2898089&use=l&cat=p&typeid=i","cat":319805},{"id":82078,"n":"AOP Lussac Saint-Emilion rouge Esprit de Lussac - 75cl","p":10.4,"u":"13,87 €/L","img":"https://fd11-photos.leclercdrive.fr/image.ashx?id=3014509&use=l&cat=p&typeid=i","cat":289556},{"id":82088,"n":"IGP Côtes de Gascogne rosé Domus - 75cl","p":5.78,"u":"7,71 €/L","img":"https://fd11-photos.leclercdrive.fr/image.ashx?id=2445385&use=l&cat=p&typeid=i","cat":289558},{"id":82091,"n":"IGP Côtes de Gascogne Blanc Gros Manseng 11.5% 75cl","p":5.95,"u":"7,93 €/L","img":"https://fd11-photos.leclercdrive.fr/image.ashx?id=2602269&use=l&cat=p&typeid=i","cat":289557},{"id":82099,"n":"Steak haché Eco+ x10 - 1kg","p":8.74,"u":"8,74 €/KG","img":"https://fd11-photos.leclercdrive.fr/image.ashx?id=2966532&use=l&cat=p&typeid=i","cat":319778},{"id":82102,"n":"Lanières Trio de poivrons Bio Bio village - 600g","p":2.99,"u":"4,98 €/KG","img":"https://fd11-photos.leclercdrive.fr/image.ashx?id=2996024&use=l&cat=p&typeid=i","cat":319805},{"id":82145,"n":"Bière blonde La G de Goudale 7.9%vol - 75cl","p":3.72,"u":"4,96 €/L","img":"https://fd11-photos.leclercdrive.fr/image.ashx?id=2861566&use=l&cat=p&typeid=i","cat":334872},{"id":82148,"n":"Lardons fumés Supérieur Eco+ 2x100g","p":1.31,"u":"6,55 €/KG","img":"https://fd11-photos.leclercdrive.fr/image.ashx?id=2998895&use=l&cat=p&typeid=i","cat":316011},{"id":82149,"n":"lardons supérieurs ECO+ Nature - 2x100g","p":1.31,"u":"6,55 €/KG","img":"https://fd11-photos.leclercdrive.fr/image.ashx?id=2968655&use=l&cat=p&typeid=i","cat":316011},{"id":82152,"n":"Compote Andros Abricot Morceaux - 4x100g","p":2.22,"u":"5,55 €/KG","img":"https://fd11-photos.leclercdrive.fr/image.ashx?id=2853566&use=l&cat=p&typeid=i","cat":284416},{"id":82157,"n":"Dessert fruitier pêche Andros En morceaux - 4x100g","p":1.89,"u":"4,73 €/KG","img":"https://fd11-photos.leclercdrive.fr/image.ashx?id=2845470&use=l&cat=p&typeid=i","cat":284416},{"id":82166,"n":"Compotes Andros Pomme Fraise - 4x100g","p":1.47,"u":"3,68 €/KG","img":"https://fd11-photos.leclercdrive.fr/image.ashx?id=2915572&use=l&cat=p&typeid=i","cat":284416},{"id":82167,"n":"Compotes Andros Pomme Banane - 4x100g","p":1.36,"u":"3,40 €/KG","img":"https://fd11-photos.leclercdrive.fr/image.ashx?id=2883997&use=l&cat=p&typeid=i","cat":284416},{"id":82172,"n":"Mini cônes Extrême  Vanille Caramel x8 - 312g","p":4.17,"u":"13,37 €/KG","img":"https://fd11-photos.leclercdrive.fr/image.ashx?id=2737033&use=l&cat=p&typeid=i","cat":284264},{"id":82174,"n":"Extrême  Citron Framboise - 6x71g","p":3.79,"u":"8,90 €/KG","img":"https://fd11-photos.leclercdrive.fr/image.ashx?id=2866076&use=l&cat=p&typeid=i","cat":284264},{"id":82177,"n":"Bière blonde Duvel 8.5%vol - 75cl","p":4.09,"u":"5,45 €/L","img":"https://fd11-photos.leclercdrive.fr/image.ashx?id=2111139&use=l&cat=p&typeid=i","cat":334872},{"id":82179,"n":"Bière blonde 3 Monts 75cl","p":2.43,"u":"3,24 €/L","img":"https://fd11-photos.leclercdrive.fr/image.ashx?id=2550553&use=l&cat=p&typeid=i","cat":334852},{"id":82184,"n":"Barres KINDER BUENO White  Chocolat Blanc x12 - 468g","p":8.35,"u":"17,84 €/KG","img":"https://fd11-photos.leclercdrive.fr/image.ashx?id=2679642&use=l&cat=p&typeid=i","cat":284498},{"id":82217,"n":"Gin Hendrick's 41.1%vol - 70cl","p":33.95,"pp":29.95,"u":"42,79 €/L","img":"https://fd11-photos.leclercdrive.fr/image.ashx?id=2225594&use=l&cat=p&typeid=i","cat":284550},{"id":82218,"n":"Emmental fromage rapé Les Croisés - 750g","p":5.98,"u":"7,97 €/KG","img":"https://fd11-photos.leclercdrive.fr/image.ashx?id=2900665&use=l&cat=p&typeid=i","cat":314035},{"id":82234,"n":"Liniment Corine de Farme Bio - 500ml","p":4.28,"u":"8,56 €/L","img":"https://fd11-photos.leclercdrive.fr/image.ashx?id=2424449&use=l&cat=p&typeid=i","cat":284741},{"id":82250,"n":"Thon au Naturel Petit Navire Démarche Responsable 140g","p":2.17,"u":"15,50 €/KG","img":"https://fd11-photos.leclercdrive.fr/image.ashx?id=2928360&use=l&cat=p&typeid=i","cat":303867},{"id":82251,"n":"Thon MSC Naturel Petit Navire Entier -  112g","p":2.87,"u":"25,63 €/KG","img":"https://fd11-photos.leclercdrive.fr/image.ashx?id=2928357&use=l&cat=p&typeid=i","cat":303867},{"id":82253,"n":"Biscuits Thé LU 350g","p":1.44,"u":"4,11 €/KG","img":"https://fd11-photos.leclercdrive.fr/image.ashx?id=2977738&use=l&cat=p&typeid=i","cat":284487},{"id":82265,"n":"Céréales Quaker Cruesli Chocolat - 450g","p":2.64,"u":"5,87 €/KG","img":"https://fd11-photos.leclercdrive.fr/image.ashx?id=2382791&use=l&cat=p&typeid=i","cat":309512},{"id":82266,"n":"Filet de sardines Saupiquet A l'huile d'olive - 100g","p":1.39,"u":"13,90 €/KG","img":"https://fd11-photos.leclercdrive.fr/image.ashx?id=2845347&use=l&cat=p&typeid=i","cat":305146},{"id":82267,"n":"Céréales Quaker Cruesli Chocolat au lait - 900g","p":5.09,"u":"5,66 €/KG","img":"https://fd11-photos.leclercdrive.fr/image.ashx?id=2212150&use=l&cat=p&typeid=i","cat":309512},{"id":82276,"n":"Sardines Huile PARMENTIER Tournesol 135g","p":1.43,"u":"10,59 €/KG","img":"https://fd11-photos.leclercdrive.fr/image.ashx?id=2989057&use=l&cat=p&typeid=i","cat":305146},{"id":82281,"n":"Boulettes de boeuf Eco+ x30 - 900g","p":6.96,"u":"7,73 €/KG","img":"https://fd11-photos.leclercdrive.fr/image.ashx?id=2966529&use=l&cat=p&typeid=i","cat":319779},{"id":82309,"n":"yaourt fruits bio les 2 vaches brassé poire - 4x115g","p":1.85,"u":"4,02 €/KG","img":"https://fd11-photos.leclercdrive.fr/image.ashx?id=2571527&use=l&cat=p&typeid=i","cat":284410},{"id":82350,"n":"Frites fines McCain Côté Comptoir - 650g","p":2.54,"u":"3,91 €/KG","img":"https://fd11-photos.leclercdrive.fr/image.ashx?id=2693887&use=l&cat=p&typeid=i","cat":319791},{"id":82351,"n":"Frites incurvées McCain Côté Brasserie - 650g","p":2.17,"u":"3,34 €/KG","img":"https://fd11-photos.leclercdrive.fr/image.ashx?id=2927044&use=l&cat=p&typeid=i","cat":319791},{"id":82387,"n":"Grignottes de poulet Côté Croc Provençale - 250g","p":2.49,"u":"9,96 €/KG","img":"https://fd11-photos.leclercdrive.fr/image.ashx?id=2570043&use=l&cat=p&typeid=i","cat":333685},{"id":82433,"n":"Cordons Bleus Côté Croc Poulet x4 - 400g","p":3.14,"u":"7,85 €/KG","img":"https://fd11-photos.leclercdrive.fr/image.ashx?id=2801052&use=l&cat=p&typeid=i","cat":333683},{"id":82440,"n":"Boisson lactée Candy'UP Vanille - 6x20cl","p":2.67,"u":"2,23 €/L","img":"https://fd11-photos.leclercdrive.fr/image.ashx?id=2485632&use=l&cat=p&typeid=i","cat":295246},{"id":82452,"n":"Pruneaux d'Agen Maître Prunille IGP Dénoyautés - 500g","p":5.96,"u":"11,92 €/KG","img":"https://fd11-photos.leclercdrive.fr/image.ashx?id=2016023&use=l&cat=p&typeid=i","cat":284357},{"id":82520,"n":"Fromage Croque emmental Président - 12 tranches - 200g","p":1.65,"u":"8,25 €/KG","img":"https://fd11-photos.leclercdrive.fr/image.ashx?id=2446356&use=l&cat=p&typeid=i","cat":314028},{"id":82575,"n":"Bière ambrée La Goudale 7.2%vol - 6x25cl","p":4.75,"u":"3,17 €/L","img":"https://fd11-photos.leclercdrive.fr/image.ashx?id=2915521&use=l&cat=p&typeid=i","cat":334852},{"id":82611,"n":"L'Ortolan portions Fromagerie Milleret - 8 x 30 g","p":3.19,"u":"13,29 €/KG","img":"https://fd11-photos.leclercdrive.fr/image.ashx?id=1857850&use=l&cat=p&typeid=i","cat":314030},{"id":82663,"n":"Arrangé Rivière du Mât Banane Vanillé - 70cl - 35%vol","p":16.01,"u":"22,87 €/L","img":"https://fd11-photos.leclercdrive.fr/image.ashx?id=2731300&use=l&cat=p&typeid=i","cat":284551},{"id":82667,"n":"Yaourt aux fruits bifidus Activia poire - 4x125g","p":1.79,"u":"3,58 €/KG","img":"https://fd11-photos.leclercdrive.fr/image.ashx?id=2885330&use=l&cat=p&typeid=i","cat":315000},{"id":82668,"n":"Yaourt aux fruits Activia bifidus - 8x125g","p":3.4,"u":"3,40 €/KG","img":"https://fd11-photos.leclercdrive.fr/image.ashx?id=3003146&use=l&cat=p&typeid=i","cat":315000},{"id":82669,"n":"Yaourt aux fruits bifidus Activia mangue - 4x125g","p":1.87,"u":"3,74 €/KG","img":"https://fd11-photos.leclercdrive.fr/image.ashx?id=2886642&use=l&cat=p&typeid=i","cat":315000},{"id":82672,"n":"Yaourt aux fruits bifidus Activia pruneau - 4x125g","p":1.79,"u":"3,58 €/KG","img":"https://fd11-photos.leclercdrive.fr/image.ashx?id=2886636&use=l&cat=p&typeid=i","cat":315000},{"id":82676,"n":"Yaourt aux fruits bifidus Activia figue - 4x125g","p":1.93,"u":"3,86 €/KG","img":"https://fd11-photos.leclercdrive.fr/image.ashx?id=2886630&use=l&cat=p&typeid=i","cat":315000},{"id":82677,"n":"yaourt aux fruits bifidus activia fraise - 4x125g","p":1.77,"u":"3,54 €/KG","img":"https://fd11-photos.leclercdrive.fr/image.ashx?id=2886627&use=l&cat=p&typeid=i","cat":315000},{"id":82688,"n":"Brandade de Morue Tipiak 1.050kg","p":5.87,"u":"5,59 €/KG","img":"https://fd11-photos.leclercdrive.fr/image.ashx?id=2944023&use=l&cat=p&typeid=i","cat":284254},{"id":82717,"n":"Arrangé Rivière du Mât Ananas Caramélisé 35% vol 70cl","p":15.4,"u":"22,00 €/L","img":"https://fd11-photos.leclercdrive.fr/image.ashx?id=2731297&use=l&cat=p&typeid=i","cat":284551},{"id":82739,"n":"Poisson pané Croustibat Findus Petit trésor MSC - x15 - 450g","p":3.09,"u":"6,87 €/KG","img":"https://fd11-photos.leclercdrive.fr/image.ashx?id=3008758&use=l&cat=p&typeid=i","cat":319788},{"id":82741,"n":"Poisson pané Findus Colin  Alaska Fish and Chips x13- 364g","p":2.84,"u":"7,80 €/KG","img":"https://fd11-photos.leclercdrive.fr/image.ashx?id=3008761&use=l&cat=p&typeid=i","cat":319788},{"id":82748,"n":"Couches Activ+ Mots d'enfants  Taille 4+ 9/20kg - x37 changes","p":12.99,"u":"0,35 €/P","img":"https://fd11-photos.leclercdrive.fr/image.ashx?id=2699747&use=l&cat=p&typeid=i","cat":284737},{"id":82888,"n":"Drap de douche Tissaia Coton Bio Ocean - 68x140cm","p":14.95,"img":"https://fd11-photos.leclercdrive.fr/image.ashx?id=2207901&use=l&cat=p&typeid=i","cat":286694},{"id":82924,"n":"Bière Heineken 6x33cl","p":4.5,"u":"2,27 €/L","img":"https://fd11-photos.leclercdrive.fr/image.ashx?id=3008113&use=l&cat=p&typeid=i","cat":334853},{"id":83120,"n":"Bière brune Pelforth 12x25cl","p":8.36,"u":"2,79 €/L","img":"https://fd11-photos.leclercdrive.fr/image.ashx?id=2646182&use=l&cat=p&typeid=i","cat":334852},{"id":83132,"n":"Boisson lactée Tous mes amis pour chats - 3x200ml","p":2.13,"u":"3,55 €/L","img":"https://fd11-photos.leclercdrive.fr/image.ashx?id=2313482&use=l&cat=p&typeid=i","cat":285285},{"id":83303,"n":"Happy Cola Haribo Sachet bonbons - 300g","p":1.8,"u":"6,00 €/KG","img":"https://fd11-photos.leclercdrive.fr/image.ashx?id=2806087&use=l&cat=p&typeid=i","cat":304250},{"id":83382,"n":"Coeurs d'Artichauts Florelli A la paysanne - 280g","p":3.14,"u":"11,21 €/KG","img":"https://fd11-photos.leclercdrive.fr/image.ashx?id=2594533&use=l&cat=p&typeid=i","cat":289010},{"id":83429,"n":"AOP Côtes de Provence rosé H Haussmann - 75cl","p":7.49,"u":"9,99 €/L","img":"https://fd11-photos.leclercdrive.fr/image.ashx?id=2093535&use=l&cat=p&typeid=i","cat":289558},{"id":83698,"n":"IGP Pays d'Oc Grenache vin rosé Vieux Carion 12.5% vol - 75cl","p":2.25,"u":"3,00 €/L","img":"https://fd11-photos.leclercdrive.fr/image.ashx?id=2722823&use=l&cat=p&typeid=i","cat":289558},{"id":83707,"n":"Amandes Seeberger 200g","p":4.76,"u":"23,80 €/KG","img":"https://fd11-photos.leclercdrive.fr/image.ashx?id=2950594&use=l&cat=p&typeid=i","cat":284448},{"id":83787,"n":"Dessert Lacté P'TIT BRASSE BIO Poire Banane 6M+ - 4x90g","p":2.5,"u":"6,94 €/KG","img":"https://fd11-photos.leclercdrive.fr/image.ashx?id=2670866&use=l&cat=p&typeid=i","cat":312392},{"id":83790,"n":"Desserts Lactés P'TIT BRASSE BIO Pomme Pêche 6M+ - 4x90g","p":2.05,"u":"5,69 €/KG","img":"https://fd11-photos.leclercdrive.fr/image.ashx?id=2670863&use=l&cat=p&typeid=i","cat":312392},{"id":83852,"n":"Petites tranches Saint-Agaûne Nature - 70g","p":2.81,"u":"40,14 €/KG","img":"https://fd11-photos.leclercdrive.fr/image.ashx?id=2852558&use=l&cat=p&typeid=i","cat":316006},{"id":83951,"n":"IGP Pays d'Oc rouge Merlot J-P Chenet 13% vol BIB 3L","p":10.0,"u":"3,33 €/L","img":"https://fd11-photos.leclercdrive.fr/image.ashx?id=2941709&use=l&cat=p&typeid=i","cat":289560},{"id":83985,"n":"IGP Pays d'Oc rouge Merlot Grand Sud 13% vol - 1L","p":3.92,"u":"3,92 €/L","img":"https://fd11-photos.leclercdrive.fr/image.ashx?id=2941583&use=l&cat=p&typeid=i","cat":289556},{"id":83986,"n":"IGP Pays d'Oc rosé Merlot Grand Sud 12.5% vol - 1L","p":3.92,"u":"3,92 €/L","img":"https://fd11-photos.leclercdrive.fr/image.ashx?id=2941580&use=l&cat=p&typeid=i","cat":289558},{"id":84009,"n":"IGP Côtes de Gascogne vin rosé Terrasses d'Autan 12% vol 75cl","p":2.99,"u":"3,99 €/L","img":"https://fd11-photos.leclercdrive.fr/image.ashx?id=2872727&use=l&cat=p&typeid=i","cat":289558},{"id":84154,"n":"Bonbons VICHY Menthe 230g","p":1.05,"u":"4,57 €/KG","img":"https://fd11-photos.leclercdrive.fr/image.ashx?id=2806342&use=l&cat=p&typeid=i","cat":304252},{"id":84158,"n":"Bonbons CARAMBAR Fruits Assortiment - 320g","p":1.71,"u":"5,34 €/KG","img":"https://fd11-photos.leclercdrive.fr/image.ashx?id=2964499&use=l&cat=p&typeid=i","cat":304250},{"id":84159,"n":"Bonbons CARAMBAR Family Assortiment - 450g","p":2.69,"u":"5,98 €/KG","img":"https://fd11-photos.leclercdrive.fr/image.ashx?id=2903446&use=l&cat=p&typeid=i","cat":304250},{"id":84160,"n":"Bonbons CARAMBAR Caramel 320g","p":1.71,"u":"5,34 €/KG","img":"https://fd11-photos.leclercdrive.fr/image.ashx?id=2770124&use=l&cat=p&typeid=i","cat":304250},{"id":84161,"n":"Bonbons LA PIE QUI CHANTE Michoko Noir - 280g","p":2.33,"u":"8,32 €/KG","img":"https://fd11-photos.leclercdrive.fr/image.ashx?id=2817842&use=l&cat=p&typeid=i","cat":304250},{"id":84163,"n":"Break P'tit Déli 135g","p":1.33,"u":"9,85 €/KG","img":"https://fd11-photos.leclercdrive.fr/image.ashx?id=2566200&use=l&cat=p&typeid=i","cat":284488},{"id":84186,"n":"Lait bébé en poudre Bio Guigoz 2ème âge - 6-12 mois - 800g","p":18.4,"u":"23,00 €/KG","img":"https://fd11-photos.leclercdrive.fr/image.ashx?id=2740286&use=l&cat=p&typeid=i","cat":284727},{"id":84188,"n":"Lait bébé en poudre Bio Guigoz 1er âge - 0-6 mois - 800g","p":20.04,"u":"25,05 €/KG","img":"https://fd11-photos.leclercdrive.fr/image.ashx?id=3000438&use=l&cat=p&typeid=i","cat":284726},{"id":84386,"n":"Croc'Tou Choc Lucien Georgelin 375g - Lucien Georgelin","p":2.37,"u":"6,32 €/KG","img":"https://fd11-photos.leclercdrive.fr/image.ashx?id=2561808&use=l&cat=p&typeid=i","cat":309513},{"id":84441,"n":"Trio saucissons Cévennes  Nos Régions ont du Talent 345g","p":6.84,"u":"19,83 €/KG","img":"https://fd11-photos.leclercdrive.fr/image.ashx?id=2898113&use=l&cat=p&typeid=i","cat":316006},{"id":84784,"n":"Filet de poulet Le Gaulois x2 - 300g","p":4.62,"u":"15,40 €/KG","img":"https://fd11-photos.leclercdrive.fr/image.ashx?id=2732761&use=l&cat=p&typeid=i","cat":284336},{"id":84801,"n":"Tranches fines de carré de porc Nouvelle Agriculture -x6 - 300g","p":5.31,"u":"17,70 €/KG","img":"https://fd11-photos.leclercdrive.fr/image.ashx?id=1618625&use=l&cat=p&typeid=i","cat":284331},{"id":84819,"n":"Cerneaux de noix Seeberger 150g","p":5.97,"u":"39,80 €/KG","img":"https://fd11-photos.leclercdrive.fr/image.ashx?id=2950615&use=l&cat=p&typeid=i","cat":284357},{"id":84838,"n":"3 paires de mi-chaussettes Dim Noir Taille 39/42","p":9.95,"u":"3,32 €/P","img":"https://fd11-photos.leclercdrive.fr/image.ashx?id=2180981&use=l&cat=p&typeid=i","cat":334130},{"id":84841,"n":"3 paires de chaussettes Dim Noir Taille 43/46","p":9.95,"u":"3,32 €/P","img":"https://fd11-photos.leclercdrive.fr/image.ashx?id=2180984&use=l&cat=p&typeid=i","cat":334130},{"id":85049,"n":"Poires Panier du Primeur Mûre à point Filière x4","p":3.49,"u":"0,87 €/P","img":"https://fd11-photos.leclercdrive.fr/image.ashx?id=2955038&use=l&cat=p&typeid=i","cat":284356},{"id":85051,"n":"Endives Panier du Primeur x5","p":2.49,"u":"0,50 €/P","img":"https://fd11-photos.leclercdrive.fr/image.ashx?id=2655607&use=l&cat=p&typeid=i","cat":284352},{"id":85073,"n":"Croûtons pour salade Tipiak Ail&Fine Herbes - 100g","p":1.19,"u":"11,90 €/KG","img":"https://fd11-photos.leclercdrive.fr/image.ashx?id=2276723&use=l&cat=p&typeid=i","cat":284464},{"id":85106,"n":"Mayonnaise American Style Heinz  - 395g","p":2.44,"u":"6,18 €/KG","img":"https://fd11-photos.leclercdrive.fr/image.ashx?id=2927059&use=l&cat=p&typeid=i","cat":298295},{"id":85296,"n":"Madeleinettes chocolat Bijou 300g","p":2.95,"u":"9,83 €/KG","img":"https://fd11-photos.leclercdrive.fr/image.ashx?id=2098082&use=l&cat=p&typeid=i","cat":284492},{"id":85398,"n":"Réchaud Woodsun 1 feu - 1 pièce","p":17.9,"img":"https://fd11-photos.leclercdrive.fr/image.ashx?id=1429060&use=l&cat=p&typeid=i","cat":335920},{"id":85502,"n":"Crème glacée L'Angélys  menthe verte et chocolat - 500g","p":5.09,"u":"10,18 €/KG","img":"https://fd11-photos.leclercdrive.fr/image.ashx?id=2963595&use=l&cat=p&typeid=i","cat":284263},{"id":85666,"n":"IGP Ardeche rosé Pont d'Arc 12.5% vol - BIB 5L","p":11.37,"u":"2,27 €/L","img":"https://fd11-photos.leclercdrive.fr/image.ashx?id=2527922&use=l&cat=p&typeid=i","cat":289560},{"id":85745,"n":"Batonnets Surimi Coraya x30 - 450g","p":4.07,"u":"9,04 €/KG","img":"https://fd11-photos.leclercdrive.fr/image.ashx?id=2962683&use=l&cat=p&typeid=i","cat":285189},{"id":85960,"n":"AOP Bordeaux rosé Mouton Cadet - 75cl","p":5.59,"u":"7,45 €/L","img":"https://fd11-photos.leclercdrive.fr/image.ashx?id=2943987&use=l&cat=p&typeid=i","cat":289558},{"id":86071,"n":"AOP Prosecco Perlino Extra Dry - 75cl","p":6.4,"u":"8,53 €/L","img":"https://fd11-photos.leclercdrive.fr/image.ashx?id=2612778&use=l&cat=p&typeid=i","cat":289461},{"id":86208,"n":"Pâte à tartiner Nutella 1kg","p":6.62,"u":"6,62 €/KG","img":"https://fd11-photos.leclercdrive.fr/image.ashx?id=2935648&use=l&cat=p&typeid=i","cat":284481},{"id":86375,"n":"Rochers Suchard  Lait - 7x35g","p":4.16,"u":"16,98 €/KG","img":"https://fd11-photos.leclercdrive.fr/image.ashx?id=2950372&use=l&cat=p&typeid=i","cat":284499},{"id":86403,"n":"Capsules café L'Or Espresso Delizioso N°5 x10","p":3.11,"u":"59,81 €/KG","img":"https://fd11-photos.leclercdrive.fr/image.ashx?id=3000462&use=l&cat=p&typeid=i","cat":284749},{"id":86411,"n":"Biscuit bio Bjorg Avoine pépites chocolat - 130g","p":2.4,"u":"18,46 €/KG","img":"https://fd11-photos.leclercdrive.fr/image.ashx?id=2999985&use=l&cat=p&typeid=i","cat":325066},{"id":86438,"n":"Dentifrice Integral 8 Signal Nature Elements Coco 75ml","p":1.71,"u":"22,80 €/L","img":"https://fd11-photos.leclercdrive.fr/image.ashx?id=2974659&use=l&cat=p&typeid=i","cat":284612},{"id":86451,"n":"Lessive gel Génie Lavage main - 200ml","p":1.49,"u":"7,45 €/L","img":"https://fd11-photos.leclercdrive.fr/image.ashx?id=2664142&use=l&cat=p&typeid=i","cat":284643},{"id":86470,"n":"Bonbons KREMA Festival Assortiment - 360g","p":2.33,"u":"6,47 €/KG","img":"https://fd11-photos.leclercdrive.fr/image.ashx?id=2817875&use=l&cat=p&typeid=i","cat":304250},{"id":86482,"n":"Bonbons KREMA Régal'ad Assortiment Fruits - 360g","p":2.34,"u":"6,50 €/KG","img":"https://fd11-photos.leclercdrive.fr/image.ashx?id=2855295&use=l&cat=p&typeid=i","cat":304250},{"id":86565,"n":"Chocolat en poudre Poulain Grand Arôme: 32% cacao - 800g","p":5.12,"u":"6,40 €/KG","img":"https://fd11-photos.leclercdrive.fr/image.ashx?id=2867119&use=l&cat=p&typeid=i","cat":293235},{"id":86567,"n":"Chocolat en poudre Poulain Super Poulain Boîte - 450g","p":2.85,"u":"6,33 €/KG","img":"https://fd11-photos.leclercdrive.fr/image.ashx?id=2867125&use=l&cat=p&typeid=i","cat":293235},{"id":86586,"n":"Pain de mie Harrys Nature extra moelleux - 500g","p":1.29,"u":"2,58 €/KG","img":"https://fd11-photos.leclercdrive.fr/image.ashx?id=2660730&use=l&cat=p&typeid=i","cat":284477},{"id":86656,"n":"Bouillon cubes légumes Knorr Méditerranéens x12- 132g","p":1.4,"u":"10,61 €/KG","img":"https://fd11-photos.leclercdrive.fr/image.ashx?id=2940636&use=l&cat=p&typeid=i","cat":288379},{"id":86658,"n":"Thé vert Twinings Simplement pur - x25 - 37g","p":2.31,"u":"62,43 €/KG","img":"https://fd11-photos.leclercdrive.fr/image.ashx?id=2893015&use=l&cat=p&typeid=i","cat":293233},{"id":86663,"n":"Farine complète bio Mon Fournil Riz sans gluten - 400g","p":2.93,"u":"7,33 €/KG","img":"https://fd11-photos.leclercdrive.fr/image.ashx?id=2378045&use=l&cat=p&typeid=i","cat":318654},{"id":86665,"n":"Dosettes café Senseo Grand Mère Classique x54","p":5.27,"u":"14,80 €/KG","img":"https://fd11-photos.leclercdrive.fr/image.ashx?id=2769837&use=l&cat=p&typeid=i","cat":293238},{"id":86724,"n":"Huile d'olive Bio Village Bio Vierge extra fruité - 75 cl","p":7.99,"u":"10,65 €/L","img":"https://fd11-photos.leclercdrive.fr/image.ashx?id=3005712&use=l&cat=p&typeid=i","cat":284453},{"id":86725,"n":"Poudre de cacao bio Bio Village 500g - 32% de cacao","p":3.95,"u":"7,90 €/KG","img":"https://fd11-photos.leclercdrive.fr/image.ashx?id=2441516&use=l&cat=p&typeid=i","cat":293235},{"id":86732,"n":"Chips Barbecue Pom'lisse Maxi format - 270g","p":1.81,"u":"6,70 €/KG","img":"https://fd11-photos.leclercdrive.fr/image.ashx?id=2710837&use=l&cat=p&typeid=i","cat":284447},{"id":86734,"n":"Cookies P'tit Déli Triple chocolat - 200g","p":1.44,"u":"7,20 €/KG","img":"https://fd11-photos.leclercdrive.fr/image.ashx?id=2529608&use=l&cat=p&typeid=i","cat":325066},{"id":86745,"n":"Lames de rasoir Carré Homme x5","p":7.5,"u":"1,50 €/P","img":"https://fd11-photos.leclercdrive.fr/image.ashx?id=1944625&use=l&cat=p&typeid=i","cat":284616},{"id":86779,"n":"Colin d'Alaska Pêche Océan Beurre citron - MSC - 400g","p":3.39,"u":"8,48 €/KG","img":"https://fd11-photos.leclercdrive.fr/image.ashx?id=2930126&use=l&cat=p&typeid=i","cat":319786},{"id":86781,"n":"Trio de poissons nordiques  Pêche Océan - 600g","p":11.49,"u":"19,15 €/KG","img":"https://fd11-photos.leclercdrive.fr/image.ashx?id=2175714&use=l&cat=p&typeid=i","cat":319786},{"id":86784,"n":"Frites au four Pom'Lisse Pom'Steak - 600g","p":1.46,"u":"2,43 €/KG","img":"https://fd11-photos.leclercdrive.fr/image.ashx?id=2770687&use=l&cat=p&typeid=i","cat":319791},{"id":86788,"n":"Tartinable thon Fromage frais MSC Ronde des mers - 140g","p":1.99,"u":"14,21 €/KG","img":"https://fd11-photos.leclercdrive.fr/image.ashx?id=2823084&use=l&cat=p&typeid=i","cat":285191},{"id":86884,"n":"Amande en poudre Vahiné 200g","p":4.06,"u":"20,30 €/KG","img":"https://fd11-photos.leclercdrive.fr/image.ashx?id=2559850&use=l&cat=p&typeid=i","cat":284504},{"id":86885,"n":"Pralin Vahiné 200g","p":4.02,"u":"20,10 €/KG","img":"https://fd11-photos.leclercdrive.fr/image.ashx?id=2524320&use=l&cat=p&typeid=i","cat":284504},{"id":86905,"n":"Bière blonde 1664 5,5° - 12x33cl canettes","p":9.7,"u":"2,45 €/L","img":"https://fd11-photos.leclercdrive.fr/image.ashx?id=2246617&use=l&cat=p&typeid=i","cat":334853},{"id":86907,"n":"Lait en poudre Modilac Bébé : 2ème âge - 820g","p":15.19,"u":"18,52 €/KG","img":"https://fd11-photos.leclercdrive.fr/image.ashx?id=2873393&use=l&cat=p&typeid=i","cat":284727},{"id":86909,"n":"Lait en poudre Modilac Doucéa Bébé 0-6mois - 820g","p":17.76,"u":"21,66 €/KG","img":"https://fd11-photos.leclercdrive.fr/image.ashx?id=2997031&use=l&cat=p&typeid=i","cat":284726},{"id":86957,"n":"Lentilles blondes Notre Jardin 500g","p":2.64,"u":"5,28 €/KG","img":"https://fd11-photos.leclercdrive.fr/image.ashx?id=2096455&use=l&cat=p&typeid=i","cat":284430},{"id":86967,"n":"Pois Cassés Notre Jardin 500g","p":2.15,"u":"4,30 €/KG","img":"https://fd11-photos.leclercdrive.fr/image.ashx?id=2096452&use=l&cat=p&typeid=i","cat":284430},{"id":86969,"n":"Haricots blancs Notre Jardin 500g","p":2.09,"u":"4,18 €/KG","img":"https://fd11-photos.leclercdrive.fr/image.ashx?id=2096449&use=l&cat=p&typeid=i","cat":284430},{"id":87001,"n":"Petits Pois Notre Jardin 600g","p":1.69,"u":"2,82 €/KG","img":"https://fd11-photos.leclercdrive.fr/image.ashx?id=2873156&use=l&cat=p&typeid=i","cat":319805},{"id":87024,"n":"Smoothie innocent énergie boogie ruby 750ml","p":3.43,"u":"4,57 €/L","img":"https://fd11-photos.leclercdrive.fr/image.ashx?id=2187631&use=l&cat=p&typeid=i","cat":285435},{"id":87025,"n":"yaourt aux fruits bifidus activia - 8x125g","p":3.4,"u":"3,40 €/KG","img":"https://fd11-photos.leclercdrive.fr/image.ashx?id=2741751&use=l&cat=p&typeid=i","cat":315000},{"id":87038,"n":"Yaourt nature Danone 8x125g","p":1.81,"u":"1,81 €/KG","img":"https://fd11-photos.leclercdrive.fr/image.ashx?id=3001985&use=l&cat=p&typeid=i","cat":284409},{"id":87061,"n":"Boisson gourmande PAGO ACE Orange carotte citron - 75cl","p":1.65,"u":"2,20 €/L","img":"https://fd11-photos.leclercdrive.fr/image.ashx?id=2861237&use=l&cat=p&typeid=i","cat":284916},{"id":87067,"n":"Yaourt à boire P'tit max  Délisse Fraise - 6x180g","p":2.03,"u":"1,88 €/KG","img":"https://fd11-photos.leclercdrive.fr/image.ashx?id=2762510&use=l&cat=p&typeid=i","cat":284415},{"id":87074,"n":"Nappe Damassée Homeside Grise - 7m","p":2.96,"img":"https://fd11-photos.leclercdrive.fr/image.ashx?id=1659750&use=l&cat=p&typeid=i","cat":334134},{"id":87078,"n":"Serviettes en papier Homeside Aqua - 33x33cm - 3 plis","p":1.99,"img":"https://fd11-photos.leclercdrive.fr/image.ashx?id=1659729&use=l&cat=p&typeid=i","cat":334134},{"id":87081,"n":"Serviettes en papier Homeside Rouge - 33x33cm - x50","p":1.99,"img":"https://fd11-photos.leclercdrive.fr/image.ashx?id=1659723&use=l&cat=p&typeid=i","cat":334134},{"id":87082,"n":"Serviettes en papier Homeside x30 - 38x38cm - point à point","p":1.7,"img":"https://fd11-photos.leclercdrive.fr/image.ashx?id=1659696&use=l&cat=p&typeid=i","cat":334134},{"id":87084,"n":"Rhum ambré Bacardi Carta Oro 37,5° - 70cl","p":17.15,"u":"24,50 €/L","img":"https://fd11-photos.leclercdrive.fr/image.ashx?id=2858171&use=l&cat=p&typeid=i","cat":284550},{"id":87089,"n":"Pavé Gourmand Garden Gourmet Epinards et Fromage 180g","p":2.4,"u":"13,33 €/KG","img":"https://fd11-photos.leclercdrive.fr/image.ashx?id=2971389&use=l&cat=p&typeid=i","cat":316036},{"id":87091,"n":"St Jacques Marie Fondue de poireaux riz - 280g","p":3.72,"u":"13,29 €/KG","img":"https://fd11-photos.leclercdrive.fr/image.ashx?id=2317531&use=l&cat=p&typeid=i","cat":333665},{"id":87093,"n":"Eau coiffante Vitanove 150ml","p":1.99,"u":"13,27 €/L","img":"https://fd11-photos.leclercdrive.fr/image.ashx?id=2496419&use=l&cat=p&typeid=i","cat":284609},{"id":87348,"n":"IGP Pays d'Oc rosé Merlot Grand Sud 12.5% vol - 5L","p":15.9,"u":"3,18 €/L","img":"https://fd11-photos.leclercdrive.fr/image.ashx?id=2837454&use=l&cat=p&typeid=i","cat":289558},{"id":87784,"n":"Fiches bristol Exacompta 4 coloris - 14.8x21cm - x100","p":5.6,"u":"0,06 €/P","img":"https://fd11-photos.leclercdrive.fr/image.ashx?id=2795015&use=l&cat=p&typeid=i","cat":284697},{"id":87785,"n":"Fiches bristol Exacompta 4 coloris - 12.5x20cm - x100","p":4.89,"img":"https://fd11-photos.leclercdrive.fr/image.ashx?id=2677777&use=l&cat=p&typeid=i","cat":284697},{"id":87786,"n":"Fiches bristol Exacompta 4 coloris - 10x15cm - x100","p":3.68,"img":"https://fd11-photos.leclercdrive.fr/image.ashx?id=2795006&use=l&cat=p&typeid=i","cat":284697},{"id":87787,"n":"Fiches bristol Exacompta Blanc - 12.5x20cm - x50","p":2.1,"u":"0,04 €/P","img":"https://fd11-photos.leclercdrive.fr/image.ashx?id=2677774&use=l&cat=p&typeid=i","cat":284697},{"id":87790,"n":"Cahier Clairefontaine Koverbook Assortiment - 24x32cm - 48p","p":3.15,"img":"https://fd11-photos.leclercdrive.fr/image.ashx?id=1657966&use=l&cat=p&typeid=i","cat":284697},{"id":87809,"n":"Collant Dim Opaque velouté Noir - T1/2","p":6.17,"img":"https://fd11-photos.leclercdrive.fr/image.ashx?id=2876092&use=l&cat=p&typeid=i","cat":334130},{"id":87849,"n":"Boisson végétale Alpro lait de coco riz - 1l","p":2.06,"u":"2,06 €/L","img":"https://fd11-photos.leclercdrive.fr/image.ashx?id=2790243&use=l&cat=p&typeid=i","cat":316067},{"id":87869,"n":"Moule à tarte Homeside 27cm","p":6.29,"img":"https://fd11-photos.leclercdrive.fr/image.ashx?id=2856639&use=l&cat=p&typeid=i","cat":298490},{"id":87891,"n":"Set de table New York Noir - x1","p":1.0,"img":"https://fd11-photos.leclercdrive.fr/image.ashx?id=1468630&use=l&cat=p&typeid=i","cat":334134},{"id":87894,"n":"Boisson énergisante Crazy Tiger Bouteille - 1L","p":2.04,"u":"2,04 €/L","img":"https://fd11-photos.leclercdrive.fr/image.ashx?id=2927555&use=l&cat=p&typeid=i","cat":284533},{"id":87923,"n":"Compotes  gourdes Pom'Potes Multivariétés - 12x90g","p":4.98,"u":"4,61 €/KG","img":"https://fd11-photos.leclercdrive.fr/image.ashx?id=3010942&use=l&cat=p&typeid=i","cat":284508},{"id":87924,"n":"Dosettes café Senseo Classique x40","p":6.31,"u":"22,78 €/KG","img":"https://fd11-photos.leclercdrive.fr/image.ashx?id=2876326&use=l&cat=p&typeid=i","cat":293238},{"id":87925,"n":"Dosettes café Senseo Corsé x40","p":6.36,"u":"22,96 €/KG","img":"https://fd11-photos.leclercdrive.fr/image.ashx?id=2393581&use=l&cat=p&typeid=i","cat":293238},{"id":87926,"n":"Dosettes café Senseo Doux x40","p":6.36,"u":"22,96 €/KG","img":"https://fd11-photos.leclercdrive.fr/image.ashx?id=2337567&use=l&cat=p&typeid=i","cat":293238},{"id":87927,"n":"Dosettes café Senseo Décaféiné x40","p":6.35,"u":"22,92 €/KG","img":"https://fd11-photos.leclercdrive.fr/image.ashx?id=2324921&use=l&cat=p&typeid=i","cat":293238},{"id":87929,"n":"Dosettes café Senseo Classique x54","p":8.51,"u":"22,69 €/KG","img":"https://fd11-photos.leclercdrive.fr/image.ashx?id=2391798&use=l&cat=p&typeid=i","cat":293238},{"id":87931,"n":"Dosettes café Senseo Doux x54","p":8.21,"u":"21,89 €/KG","img":"https://fd11-photos.leclercdrive.fr/image.ashx?id=2289951&use=l&cat=p&typeid=i","cat":293238},{"id":87949,"n":"Sirop La Maison Guiot Menthe glaciale - 70cl","p":3.08,"u":"4,40 €/L","img":"https://fd11-photos.leclercdrive.fr/image.ashx?id=2138473&use=l&cat=p&typeid=i","cat":295020},{"id":87950,"n":"Snacks chats Tous mes amis Liquide - 90g","p":1.45,"u":"16,11 €/KG","img":"https://fd11-photos.leclercdrive.fr/image.ashx?id=2520041&use=l&cat=p&typeid=i","cat":285285},{"id":88048,"n":"Compote Charles & Alice Pommes Bananes Vanille -4x100g","p":1.59,"u":"4,10 €/KG","img":"https://fd11-photos.leclercdrive.fr/image.ashx?id=2757698&use=l&cat=p&typeid=i","cat":284416},{"id":88053,"n":"Lasagne à la bolognaise Marie - 1 kg","p":4.81,"u":"4,81 €/KG","img":"https://fd11-photos.leclercdrive.fr/image.ashx?id=2993394&use=l&cat=p&typeid=i","cat":284254},{"id":88062,"n":"Matière grasse Primevere Oméga 3 - 55% - 250g","p":1.47,"u":"5,88 €/KG","img":"https://fd11-photos.leclercdrive.fr/image.ashx?id=2928468&use=l&cat=p&typeid=i","cat":315229},{"id":88185,"n":"Gel d'aloé vera bio Puraloe À boire - 1L","p":13.59,"u":"13,59 €/L","img":"https://fd11-photos.leclercdrive.fr/image.ashx?id=2086120&use=l&cat=p&typeid=i","cat":301264},{"id":88205,"n":"Fluide démaquillant 3en1 Avène visage/yeux peau sensible 200ml","p":11.8,"u":"59,00 €/L","img":"https://fd11-photos.leclercdrive.fr/image.ashx?id=2373423&use=l&cat=p&typeid=i","cat":301587},{"id":88206,"n":"Céréales bébé Blédine 12 mois  Vanille - 400g","p":2.43,"u":"6,08 €/KG","img":"https://fd11-photos.leclercdrive.fr/image.ashx?id=2763124&use=l&cat=p&typeid=i","cat":312225},{"id":88214,"n":"Céréales bébé Blédine 15 mois  vanille pépites  - 400g","p":2.76,"u":"6,90 €/KG","img":"https://fd11-photos.leclercdrive.fr/image.ashx?id=2760814&use=l&cat=p&typeid=i","cat":312225},{"id":88228,"n":"Crème Vichy Liftactiv Nuit - 50ml","p":28.99,"u":"579,80 €/L","img":"https://fd11-photos.leclercdrive.fr/image.ashx?id=2054118&use=l&cat=p&typeid=i","cat":291168},{"id":88230,"n":"Crème Vichy liftactiv suprême peaux normales à mixtes - 50ml","p":28.99,"u":"579,80 €/L","img":"https://fd11-photos.leclercdrive.fr/image.ashx?id=2768192&use=l&cat=p&typeid=i","cat":291168},{"id":88235,"n":"Crème La Roche-Posay Effaclar mat - 40ml","p":11.5,"u":"287,50 €/L","img":"https://fd11-photos.leclercdrive.fr/image.ashx?id=2842708&use=l&cat=p&typeid=i","cat":291166},{"id":88245,"n":"Huile de massage Weleda Pour vergétures - 100ml","p":14.99,"u":"149,90 €/L","img":"https://fd11-photos.leclercdrive.fr/image.ashx?id=2454241&use=l&cat=p&typeid=i","cat":291159},{"id":88266,"n":"Lait corps Topicrem Ultra hydratant - 500ml","p":10.89,"pp":7.62,"u":"15,24 €/L","img":"https://fd11-photos.leclercdrive.fr/image.ashx?id=2631771&use=l&cat=p&typeid=i","cat":290421},{"id":88272,"n":"Stylo correcteur Tipp-ex Bic x3","p":3.06,"img":"https://fd11-photos.leclercdrive.fr/image.ashx?id=2741430&use=l&cat=p&typeid=i","cat":334133},{"id":88273,"n":"Stylos bille Atlantis Bic x5","p":3.95,"u":"0,79 €/P","img":"https://fd11-photos.leclercdrive.fr/image.ashx?id=2235233&use=l&cat=p&typeid=i","cat":284696},{"id":88310,"n":"Soin hydratant Bioderma Anti-brillance - 30ml","p":10.99,"u":"366,33 €/L","img":"https://fd11-photos.leclercdrive.fr/image.ashx?id=2412714&use=l&cat=p&typeid=i","cat":291166},{"id":88340,"n":"Berries Haribo Sachet bonbons - 200g","p":1.69,"u":"8,45 €/KG","img":"https://fd11-photos.leclercdrive.fr/image.ashx?id=2982411&use=l&cat=p&typeid=i","cat":304250},{"id":88359,"n":"Bougies et chiffres Vahiné Plastique","p":3.51,"img":"https://fd11-photos.leclercdrive.fr/image.ashx?id=2402702&use=l&cat=p&typeid=i","cat":335913},{"id":88413,"n":"Beurre Allégé Elle&Vire Doux - 41% MG - 250g","p":2.08,"u":"8,32 €/KG","img":"https://fd11-photos.leclercdrive.fr/image.ashx?id=2969169&use=l&cat=p&typeid=i","cat":284379},{"id":88438,"n":"Coulommiers Cœur de Lion  Extra-Crèmeux - 385g","p":3.25,"u":"8,44 €/KG","img":"https://fd11-photos.leclercdrive.fr/image.ashx?id=2999958&use=l&cat=p&typeid=i","cat":314033},{"id":88441,"n":"Fromage à tartiner St Môret Nature maxi format - 400g","p":4.17,"u":"10,43 €/KG","img":"https://fd11-photos.leclercdrive.fr/image.ashx?id=2755459&use=l&cat=p&typeid=i","cat":314029},{"id":88448,"n":"Fromage à Tartiner Carré Frais  Nature 0% - 8 Portions - 200g","p":2.21,"u":"11,05 €/KG","img":"https://fd11-photos.leclercdrive.fr/image.ashx?id=2868684&use=l&cat=p&typeid=i","cat":314029},{"id":88450,"n":"Escalope Cordon Bleu Père Dodu  Dinde x2 - 200g","p":2.7,"u":"13,50 €/KG","img":"https://fd11-photos.leclercdrive.fr/image.ashx?id=2957203&use=l&cat=p&typeid=i","cat":333683},{"id":88460,"n":"Fromage de Chèvre Chavroux  9 Portions - 162g","p":2.85,"u":"17,59 €/KG","img":"https://fd11-photos.leclercdrive.fr/image.ashx?id=2936689&use=l&cat=p&typeid=i","cat":314031},{"id":88461,"n":"Salami Danois  Saint-Azay x16 - 160g","p":1.58,"u":"9,88 €/KG","img":"https://fd11-photos.leclercdrive.fr/image.ashx?id=2708354&use=l&cat=p&typeid=i","cat":316007},{"id":88480,"n":"Soin léger réhydratant Jonzac Eau thermale bio - 50ml","p":10.0,"u":"200,00 €/L","img":"https://fd11-photos.leclercdrive.fr/image.ashx?id=2734987&use=l&cat=p&typeid=i","cat":291171},{"id":88548,"n":"Tartines campagne La Boulangère 450g","p":1.72,"u":"3,82 €/KG","img":"https://fd11-photos.leclercdrive.fr/image.ashx?id=2912395&use=l&cat=p&typeid=i","cat":284477},{"id":88560,"n":"Céréales bébé Blédine 6 mois  Biscuit - 400g","p":2.02,"u":"5,05 €/KG","img":"https://fd11-photos.leclercdrive.fr/image.ashx?id=2773295&use=l&cat=p&typeid=i","cat":312225},{"id":88596,"n":"Caillé pur brebis Petit Basque Nature - 2x125g","p":1.9,"u":"7,60 €/KG","img":"https://fd11-photos.leclercdrive.fr/image.ashx?id=2214894&use=l&cat=p&typeid=i","cat":314998},{"id":88662,"n":"Yaourt bifidus Activia Vanille - 4x125g","p":1.59,"u":"3,18 €/KG","img":"https://fd11-photos.leclercdrive.fr/image.ashx?id=3006184&use=l&cat=p&typeid=i","cat":315000},{"id":88698,"n":"Citrons bio Bio Village Sachet x4","p":1.99,"u":"0,50 €/P","img":"https://fd11-photos.leclercdrive.fr/image.ashx?id=2805063&use=l&cat=p&typeid=i","cat":284356},{"id":88707,"n":"Endive bio Bio Village Sachet 400g","p":3.99,"u":"9,98 €/KG","img":"https://fd11-photos.leclercdrive.fr/image.ashx?id=2655619&use=l&cat=p&typeid=i","cat":284352},{"id":88738,"n":"Yaourt bifidus Activia citron vanille coco - 12x125g","p":4.36,"u":"2,91 €/KG","img":"https://fd11-photos.leclercdrive.fr/image.ashx?id=3003149&use=l&cat=p&typeid=i","cat":315000},{"id":88740,"n":"Yaourt bifidus Activia citron - 4x125g","p":1.59,"u":"3,18 €/KG","img":"https://fd11-photos.leclercdrive.fr/image.ashx?id=3006181&use=l&cat=p&typeid=i","cat":315000},{"id":88742,"n":"Yaourt bifidus Activia coco - 4x125g","p":1.59,"u":"3,18 €/KG","img":"https://fd11-photos.leclercdrive.fr/image.ashx?id=2886651&use=l&cat=p&typeid=i","cat":315000},{"id":88986,"n":"Barre Chocolat au Lait KitKat x6 barres - 249g","p":3.05,"u":"12,25 €/KG","img":"https://fd11-photos.leclercdrive.fr/image.ashx?id=2989426&use=l&cat=p&typeid=i","cat":284498},{"id":89088,"n":"Boisson au Soja Alpro Goût vanille - 1L","p":2.3,"u":"2,30 €/L","img":"https://fd11-photos.leclercdrive.fr/image.ashx?id=2944383&use=l&cat=p&typeid=i","cat":316067},{"id":89090,"n":"Boisson végétale Alpro Soja - 1L","p":1.62,"u":"1,62 €/L","img":"https://fd11-photos.leclercdrive.fr/image.ashx?id=2977681&use=l&cat=p&typeid=i","cat":316067},{"id":89093,"n":"Boisson végétale Alpro avoine - 1l","p":2.15,"u":"2,15 €/L","img":"https://fd11-photos.leclercdrive.fr/image.ashx?id=2986852&use=l&cat=p&typeid=i","cat":316067},{"id":89190,"n":"Carotte Bio Bio Village 1kg","p":1.89,"u":"1,89 €/KG","img":"https://fd11-photos.leclercdrive.fr/image.ashx?id=1457160&use=l&cat=p&typeid=i","cat":284352},{"id":89338,"n":"Soin anti-rides Inell Q10 Jour - 50ml","p":2.49,"u":"49,80 €/L","img":"https://fd11-photos.leclercdrive.fr/image.ashx?id=2822132&use=l&cat=p&typeid=i","cat":325345},{"id":89341,"n":"Gel lavant recharge Manava Antibactérien Mandarine - 250ml","p":0.54,"u":"2,16 €/L","img":"https://fd11-photos.leclercdrive.fr/image.ashx?id=2935522&use=l&cat=p&typeid=i","cat":284597},{"id":89345,"n":"Serviettes Super Doulys Ultra mince - x24","p":1.8,"u":"0,08 €/P","img":"https://fd11-photos.leclercdrive.fr/image.ashx?id=2839931&use=l&cat=p&typeid=i","cat":284624},{"id":89346,"n":"Serviettes Nuit Doulys Ultra mince - x20","p":2.55,"u":"0,13 €/P","img":"https://fd11-photos.leclercdrive.fr/image.ashx?id=2839935&use=l&cat=p&typeid=i","cat":284624},{"id":89415,"n":"Mélange salade futée Daco Bello 125g","p":2.08,"u":"16,64 €/KG","img":"https://fd11-photos.leclercdrive.fr/image.ashx?id=2298034&use=l&cat=p&typeid=i","cat":284357},{"id":89424,"n":"Pesto vert Bio Village Bio - 185g","p":1.8,"u":"9,73 €/KG","img":"https://fd11-photos.leclercdrive.fr/image.ashx?id=1466304&use=l&cat=p&typeid=i","cat":287599},{"id":89503,"n":"Mélange de fruits secs  Seeberger - 150g","p":3.78,"u":"25,20 €/KG","img":"https://fd11-photos.leclercdrive.fr/image.ashx?id=2950636&use=l&cat=p&typeid=i","cat":316002},{"id":89506,"n":"Oeufs Plein air  Eco + x12","p":2.59,"u":"0,22 €/P","img":"https://fd11-photos.leclercdrive.fr/image.ashx?id=2670935&use=l&cat=p&typeid=i","cat":284378},{"id":89515,"n":"Velouté de légumes Régal Soupe Instantané - 64g","p":1.35,"u":"21,09 €/KG","img":"https://fd11-photos.leclercdrive.fr/image.ashx?id=1886620&use=l&cat=p&typeid=i","cat":293527},{"id":89519,"n":"Bouillon chinois Régal Soupe Instantané - 48g","p":1.34,"u":"27,92 €/KG","img":"https://fd11-photos.leclercdrive.fr/image.ashx?id=2071345&use=l&cat=p&typeid=i","cat":288992},{"id":89570,"n":"Trio de slips Well Imprimé Invisible - noir nude - T:44/46","p":14.9,"u":"4,97 €/P","img":"https://fd11-photos.leclercdrive.fr/image.ashx?id=2905342&use=l&cat=p&typeid=i","cat":291524},{"id":89571,"n":"Duo cocoon lot de 2 Shorty Well Blanc - Taille 36/38","p":14.9,"u":"4,97 €/P","img":"https://fd11-photos.leclercdrive.fr/image.ashx?id=2056437&use=l&cat=p&typeid=i","cat":291524},{"id":89581,"n":"Duo cocoon lot de 2 Shorty Well Nude - Taille 36/38","p":14.9,"u":"7,45 €/P","img":"https://fd11-photos.leclercdrive.fr/image.ashx?id=2056476&use=l&cat=p&typeid=i","cat":291524},{"id":89585,"n":"Duo cocoon lot de 2 slips Well Blanc - Taille 36/38","p":11.95,"u":"5,98 €/P","img":"https://fd11-photos.leclercdrive.fr/image.ashx?id=2953462&use=l&cat=p&typeid=i","cat":291524},{"id":89617,"n":"Mi-chaussette coton Dim Anthracite/Noir - T35/38 - x2","p":7.95,"u":"3,98 €/P","img":"https://fd11-photos.leclercdrive.fr/image.ashx?id=2534965&use=l&cat=p&typeid=i","cat":334130},{"id":89620,"n":"Mi-chaussette coton Dim Anthracite/Noir - T39/42 - x2","p":7.95,"u":"3,98 €/P","img":"https://fd11-photos.leclercdrive.fr/image.ashx?id=2534968&use=l&cat=p&typeid=i","cat":334130},{"id":89622,"n":"Mi-chaussette Ecodim Dim Noir - T37/41 - x5","p":10.5,"u":"2,10 €/P","img":"https://fd11-photos.leclercdrive.fr/image.ashx?id=2354117&use=l&cat=p&typeid=i","cat":334130},{"id":89686,"n":"Taboulé poulet rôti Bonduelle 500g","p":2.93,"u":"5,86 €/KG","img":"https://fd11-photos.leclercdrive.fr/image.ashx?id=2904694&use=l&cat=p&typeid=i","cat":333657},{"id":89695,"n":"Poulet Weight Watchers Curry-coco - 300g","p":3.07,"u":"10,23 €/KG","img":"https://fd11-photos.leclercdrive.fr/image.ashx?id=2827203&use=l&cat=p&typeid=i","cat":333665},{"id":89914,"n":"Bouillon Cube Maggi Légumes x18 - 180g","p":1.52,"u":"8,44 €/KG","img":"https://fd11-photos.leclercdrive.fr/image.ashx?id=2737039&use=l&cat=p&typeid=i","cat":288379},{"id":89953,"n":"Entonnoir Curver Rouge - Grand modèle","p":1.55,"img":"https://fd11-photos.leclercdrive.fr/image.ashx?id=1870276&use=l&cat=p&typeid=i","cat":334135},{"id":89957,"n":"Essoreuse à salade Ulaop Vintage 4L","p":6.4,"img":"https://fd11-photos.leclercdrive.fr/image.ashx?id=2395766&use=l&cat=p&typeid=i","cat":334135},{"id":90082,"n":"Ciboulette Ducros 4g","p":1.31,"u":"327,50 €/KG","img":"https://fd11-photos.leclercdrive.fr/image.ashx?id=2559487&use=l&cat=p&typeid=i","cat":298297},{"id":90090,"n":"Gnocchi à poêler Lustucru Extra Fromage 500g","p":2.87,"u":"5,74 €/KG","img":"https://fd11-photos.leclercdrive.fr/image.ashx?id=2786171&use=l&cat=p&typeid=i","cat":333682},{"id":90120,"n":"Crème Saint Agur  155g","p":2.58,"u":"16,65 €/KG","img":"https://fd11-photos.leclercdrive.fr/image.ashx?id=2760014&use=l&cat=p&typeid=i","cat":314029},{"id":90122,"n":"Camembert Coeur de Lion 250g","p":1.96,"u":"7,84 €/KG","img":"https://fd11-photos.leclercdrive.fr/image.ashx?id=3008185&use=l&cat=p&typeid=i","cat":314033},{"id":90182,"n":"Savon Bionaïa Lait d'anesse - 100g","p":1.72,"u":"17,20 €/KG","img":"https://fd11-photos.leclercdrive.fr/image.ashx?id=2491047&use=l&cat=p&typeid=i","cat":284597},{"id":90218,"n":"Couteau d'office Ardence 1 pièce","p":5.9,"img":"https://fd11-photos.leclercdrive.fr/image.ashx?id=1474445&use=l&cat=p&typeid=i","cat":334135},{"id":90220,"n":"Couteau de cuisine Ardence 1 pièce","p":6.9,"img":"https://fd11-photos.leclercdrive.fr/image.ashx?id=1474538&use=l&cat=p&typeid=i","cat":334135},{"id":90224,"n":"Ménagère Troquet Lisa D'Alban 24 pièces - Noir","p":11.9,"u":"0,50 €/P","img":"https://fd11-photos.leclercdrive.fr/image.ashx?id=3000656&use=l&cat=p&typeid=i","cat":334134},{"id":90227,"n":"Couteau de Chef Ardence x1","p":11.9,"u":"0,50 €/P","img":"https://fd11-photos.leclercdrive.fr/image.ashx?id=1474460&use=l&cat=p&typeid=i","cat":334135},{"id":90234,"n":"Terrine Familia Wiss Le Parfait Contenance de 350g - x6","p":14.35,"u":"2,39 €/P","img":"https://fd11-photos.leclercdrive.fr/image.ashx?id=2807480&use=l&cat=p&typeid=i","cat":284710},{"id":90236,"n":"Terrine Familia Wiss Le Parfait Contenance de 200g - x6","p":12.19,"u":"2,03 €/P","img":"https://fd11-photos.leclercdrive.fr/image.ashx?id=2807477&use=l&cat=p&typeid=i","cat":284710},{"id":90238,"n":"Capsule Familia Wiss Le Parfait Diamètre 110 mm - x12","p":9.2,"u":"0,77 €/P","img":"https://fd11-photos.leclercdrive.fr/image.ashx?id=2503713&use=l&cat=p&typeid=i","cat":284710},{"id":90240,"n":"Terrine Familia Wiss Le Parfait Contenance de 500g - x6","p":14.89,"u":"2,48 €/P","img":"https://fd11-photos.leclercdrive.fr/image.ashx?id=2503701&use=l&cat=p&typeid=i","cat":284710},{"id":90241,"n":"Terrine Super Le Parfait Contenance de 350g - x6","p":15.75,"u":"2,63 €/P","img":"https://fd11-photos.leclercdrive.fr/image.ashx?id=2807474&use=l&cat=p&typeid=i","cat":284710},{"id":90248,"n":"Boite fraîcheur Snips Rectangulaire - 0.5L - x3","p":3.05,"u":"1,02 €/P","img":"https://fd11-photos.leclercdrive.fr/image.ashx?id=1781996&use=l&cat=p&typeid=i","cat":284710},{"id":90250,"n":"Boite fraîcheur Snips Rectangulaire - 1L - x3","p":3.69,"u":"1,23 €/P","img":"https://fd11-photos.leclercdrive.fr/image.ashx?id=1781999&use=l&cat=p&typeid=i","cat":284710},{"id":90252,"n":"Rondelle Super Le Parfait  Diamètre de 100 mm - x10","p":2.36,"u":"0,24 €/P","img":"https://fd11-photos.leclercdrive.fr/image.ashx?id=2807495&use=l&cat=p&typeid=i","cat":284710},{"id":90253,"n":"Rondelle Classic Hutchinson Diamètre de 70mm - x10","p":1.82,"u":"0,18 €/P","img":"https://fd11-photos.leclercdrive.fr/image.ashx?id=2485620&use=l&cat=p&typeid=i","cat":284710},{"id":90255,"n":"Bouchon Familia Wiss Le parfait Diamètre de 100mm - x6","p":6.48,"u":"1,08 €/P","img":"https://fd11-photos.leclercdrive.fr/image.ashx?id=2319508&use=l&cat=p&typeid=i","cat":284710},{"id":90278,"n":"Set 3 casseroles Homeside 16-18-20cm +manche amovible","p":34.9,"pp":17.45,"img":"https://fd11-photos.leclercdrive.fr/image.ashx?id=1474505&use=l&cat=p&typeid=i","cat":298490},{"id":90279,"n":"Moule à tarte  Revêtement antiadhésif - 30cm","p":6.33,"img":"https://fd11-photos.leclercdrive.fr/image.ashx?id=2805996&use=l&cat=p&typeid=i","cat":298490},{"id":90280,"n":"Plaque à pâtisserie Homeside 38x28cm","p":7.9,"img":"https://fd11-photos.leclercdrive.fr/image.ashx?id=2833041&use=l&cat=p&typeid=i","cat":298490},{"id":90306,"n":"Moule à charlotte Aluminium revêtu - 18cm","p":5.5,"img":"https://fd11-photos.leclercdrive.fr/image.ashx?id=2833035&use=l&cat=p&typeid=i","cat":298490},{"id":90497,"n":"Gobelets bas Ardence x3 - 27cl","p":2.59,"u":"0,86 €/P","img":"https://fd11-photos.leclercdrive.fr/image.ashx?id=1498411&use=l&cat=p&typeid=i","cat":334134},{"id":90501,"n":"Verres hauts Ardence 33.5cl - x3","p":2.89,"u":"0,96 €/P","img":"https://fd11-photos.leclercdrive.fr/image.ashx?id=1498685&use=l&cat=p&typeid=i","cat":334134},{"id":90547,"n":"Croquettes chat Purina One Chat Stérilisé Truite/Blé-1.5kg","p":6.59,"u":"4,39 €/KG","img":"https://fd11-photos.leclercdrive.fr/image.ashx?id=2488064&use=l&cat=p&typeid=i","cat":284680},{"id":90562,"n":"Yaourt bifidus Activia saveur framboise - 4x125g","p":1.74,"u":"3,48 €/KG","img":"https://fd11-photos.leclercdrive.fr/image.ashx?id=2886654&use=l&cat=p&typeid=i","cat":315000},{"id":90667,"n":"Céréales Chocapic Nestlé Bio - 375g","p":3.45,"u":"9,20 €/KG","img":"https://fd11-photos.leclercdrive.fr/image.ashx?id=2997262&use=l&cat=p&typeid=i","cat":309513},{"id":90675,"n":"Crème dessert Mont Blanc Boîte Chocolat - 570g","p":2.29,"u":"4,02 €/KG","img":"https://fd11-photos.leclercdrive.fr/image.ashx?id=3011614&use=l&cat=p&typeid=i","cat":284506},{"id":90682,"n":"Génoise P'tit Déli Fraise - 150g","p":1.41,"u":"9,40 €/KG","img":"https://fd11-photos.leclercdrive.fr/image.ashx?id=2482505&use=l&cat=p&typeid=i","cat":284489},{"id":90689,"n":"Lotus Biscoff Speculoos Biscuit Pocket 248g (16x2p)","p":2.32,"u":"9,35 €/KG","img":"https://fd11-photos.leclercdrive.fr/image.ashx?id=2694986&use=l&cat=p&typeid=i","cat":284487},{"id":90810,"n":"Soupe Liquide Bouteille Liebig  Velouté 5 Légumes - 75cl","p":2.51,"u":"3,35 €/L","img":"https://fd11-photos.leclercdrive.fr/image.ashx?id=2842552&use=l&cat=p&typeid=i","cat":284462},{"id":90820,"n":"Soupe liquide Knorr Potiron - 45cl","p":2.23,"u":"4,96 €/L","img":"https://fd11-photos.leclercdrive.fr/image.ashx?id=2338663&use=l&cat=p&typeid=i","cat":284462},{"id":90822,"n":"Soupe liquide Knorr Légumes du potager - 45cl","p":2.23,"u":"4,96 €/L","img":"https://fd11-photos.leclercdrive.fr/image.ashx?id=2324357&use=l&cat=p&typeid=i","cat":284462},{"id":90843,"n":"Café moulu Grand Mère Familial - 4x250g","p":12.99,"u":"12,99 €/KG","img":"https://fd11-photos.leclercdrive.fr/image.ashx?id=1755049&use=l&cat=p&typeid=i","cat":284750},{"id":90847,"n":"Dosettes café Senseo Grand Mère Corsé x54","p":5.27,"u":"14,80 €/KG","img":"https://fd11-photos.leclercdrive.fr/image.ashx?id=2745817&use=l&cat=p&typeid=i","cat":293238},{"id":90993,"n":"Soda Pepsi Regular - 2L","p":1.58,"u":"0,79 €/L","img":"https://fd11-photos.leclercdrive.fr/image.ashx?id=1583915&use=l&cat=p&typeid=i","cat":284530},{"id":91019,"n":"Pastis de Marseille Sigale 45%vol. - 50cl","p":9.89,"u":"19,78 €/L","img":"https://fd11-photos.leclercdrive.fr/image.ashx?id=2637820&use=l&cat=p&typeid=i","cat":284548},{"id":91176,"n":"Lait Démaquillant Nivea Visage&Yeux Camomille - 200ml","p":4.02,"u":"20,10 €/L","img":"https://fd11-photos.leclercdrive.fr/image.ashx?id=2836097&use=l&cat=p&typeid=i","cat":284603},{"id":91177,"n":"Démaquillant Yeux biphase Nivea Sensibles Waterproof - 125ml","p":2.66,"u":"21,28 €/L","img":"https://fd11-photos.leclercdrive.fr/image.ashx?id=2953944&use=l&cat=p&typeid=i","cat":284603},{"id":91178,"n":"Crème visage Jour FPS 15 Nivea Nourrissante Peau Sèche - 50ml","p":4.22,"u":"84,40 €/L","img":"https://fd11-photos.leclercdrive.fr/image.ashx?id=3014605&use=l&cat=p&typeid=i","cat":325345},{"id":91221,"n":"Pâtes Fusili Panzani Créatives - 500G","p":1.13,"u":"2,26 €/KG","img":"https://fd11-photos.leclercdrive.fr/image.ashx?id=2902942&use=l&cat=p&typeid=i","cat":284427},{"id":91231,"n":"Thé vert Twinings Framboise Passion x20 - 32g","p":2.6,"u":"81,25 €/KG","img":"https://fd11-photos.leclercdrive.fr/image.ashx?id=2893030&use=l&cat=p&typeid=i","cat":293233},{"id":91290,"n":"After Eight Chocolat Noël Saveur orange - 400g","p":6.2,"u":"15,50 €/KG","img":"https://fd11-photos.leclercdrive.fr/image.ashx?id=2401327&use=l&cat=p&typeid=i","cat":327595},{"id":91389,"n":"Assortiment Cuadro Gold  Novi 168g","p":5.84,"u":"34,76 €/KG","img":"https://fd11-photos.leclercdrive.fr/image.ashx?id=2654390&use=l&cat=p&typeid=i","cat":327595},{"id":91391,"n":"Gold Gianduiotti Novi 150g","p":5.85,"u":"39,00 €/KG","img":"https://fd11-photos.leclercdrive.fr/image.ashx?id=2654384&use=l&cat=p&typeid=i","cat":327595},{"id":91462,"n":"Marrons glacés Equador Morceaux - 250g","p":6.6,"u":"26,40 €/KG","img":"https://fd11-photos.leclercdrive.fr/image.ashx?id=2228013&use=l&cat=p&typeid=i","cat":327603},{"id":91482,"n":"Riz Comptoir du Grain Champignons 2 min - 250g","p":1.22,"u":"4,88 €/KG","img":"https://fd11-photos.leclercdrive.fr/image.ashx?id=2856561&use=l&cat=p&typeid=i","cat":287600},{"id":91485,"n":"Riz long Comptoir du Grain Express 2 min - 250g","p":0.99,"u":"3,96 €/KG","img":"https://fd11-photos.leclercdrive.fr/image.ashx?id=2441393&use=l&cat=p&typeid=i","cat":287600},{"id":91553,"n":"Quinoa Céréal Bio  Bio repas express 220g","p":2.12,"u":"9,64 €/KG","img":"https://fd11-photos.leclercdrive.fr/image.ashx?id=2575081&use=l&cat=p&typeid=i","cat":287600},{"id":91557,"n":"Lentilles Riz Soja Céréal Bio Bio repas express-250g","p":1.94,"u":"7,76 €/KG","img":"https://fd11-photos.leclercdrive.fr/image.ashx?id=2575084&use=l&cat=p&typeid=i","cat":287600},{"id":91776,"n":"Crème UHT Elle&Vire Semi-Ep. Entière - 30% MG - 3x20cl","p":4.02,"u":"6,70 €/L","img":"https://fd11-photos.leclercdrive.fr/image.ashx?id=2979866&use=l&cat=p&typeid=i","cat":284381},{"id":91807,"n":"petit suisse aux fruits danonino - 12x50g","p":2.32,"u":"3,87 €/KG","img":"https://fd11-photos.leclercdrive.fr/image.ashx?id=3003140&use=l&cat=p&typeid=i","cat":284414},{"id":91813,"n":"Panés tomate mozza Végé - 2x90g","p":1.88,"u":"10,44 €/KG","img":"https://fd11-photos.leclercdrive.fr/image.ashx?id=2865275&use=l&cat=p&typeid=i","cat":316036},{"id":91814,"n":"Pommes bicolores bio Bio Village Barquette x4","p":1.99,"u":"0,50 €/P","img":"https://fd11-photos.leclercdrive.fr/image.ashx?id=2556538&use=l&cat=p&typeid=i","cat":284356},{"id":92027,"n":"Tablette chocolat au lait Lindt Caramel Pointe de sel - 100g","p":2.32,"u":"23,20 €/KG","img":"https://fd11-photos.leclercdrive.fr/image.ashx?id=2750384&use=l&cat=p&typeid=i","cat":284497},{"id":92073,"n":"Légumes pour Wok Bio Village Bio - 600g","p":2.99,"u":"4,98 €/KG","img":"https://fd11-photos.leclercdrive.fr/image.ashx?id=2898071&use=l&cat=p&typeid=i","cat":319823},{"id":92255,"n":"Soupe liquide brique Liebig  Courgettes Vache Qui Rit 2x30cl","p":2.74,"u":"4,57 €/L","img":"https://fd11-photos.leclercdrive.fr/image.ashx?id=2175518&use=l&cat=p&typeid=i","cat":284462},{"id":92267,"n":"Soupe instantanée Royco  Indienne - 3x200ml","p":1.53,"u":"2,55 €/L","img":"https://fd11-photos.leclercdrive.fr/image.ashx?id=2650988&use=l&cat=p&typeid=i","cat":293527},{"id":92291,"n":"Jus de pomme Decojus  Pomme cassis - 1L","p":2.65,"u":"2,65 €/L","img":"https://fd11-photos.leclercdrive.fr/image.ashx?id=1894129&use=l&cat=p&typeid=i","cat":284522},{"id":92342,"n":"AOP Bordeaux vin blanc Mouton Cadet - 75cl","p":5.59,"u":"7,45 €/L","img":"https://fd11-photos.leclercdrive.fr/image.ashx?id=2845985&use=l&cat=p&typeid=i","cat":289557},{"id":92351,"n":"Crème mains Inell Réparatrice - 100ml","p":1.45,"u":"14,50 €/L","img":"https://fd11-photos.leclercdrive.fr/image.ashx?id=2822135&use=l&cat=p&typeid=i","cat":325354},{"id":92356,"n":"Serviettes Hygieniques Vania  Maxi confort super - x16","p":1.72,"u":"0,11 €/P","img":"https://fd11-photos.leclercdrive.fr/image.ashx?id=2908168&use=l&cat=p&typeid=i","cat":284624},{"id":92436,"n":"Noix de Saint-Jacques ASC Ronde des Mers - 300g","p":8.7,"u":"29,00 €/KG","img":"https://fd11-photos.leclercdrive.fr/image.ashx?id=2835032&use=l&cat=p&typeid=i","cat":319787},{"id":92452,"n":"Tomates cerises bio Bio Village 250g","p":1.59,"u":"6,36 €/KG","img":"https://fd11-photos.leclercdrive.fr/image.ashx?id=2959755&use=l&cat=p&typeid=i","cat":284352},{"id":92454,"n":"Mini bûche Eskiss Fruits rouge x6 - 328g","p":2.29,"u":"6,98 €/KG","img":"https://fd11-photos.leclercdrive.fr/image.ashx?id=2790994&use=l&cat=p&typeid=i","cat":284266},{"id":92516,"n":"Poélée Légume Wok Notre Jardin Inde - 1kg","p":3.99,"u":"3,99 €/KG","img":"https://fd11-photos.leclercdrive.fr/image.ashx?id=2803957&use=l&cat=p&typeid=i","cat":319823},{"id":92529,"n":"Échalotes traditionnelles bio  Bio Village - 250g","p":1.99,"u":"7,96 €/KG","img":"https://fd11-photos.leclercdrive.fr/image.ashx?id=2922454&use=l&cat=p&typeid=i","cat":284352},{"id":92532,"n":"Céréales Quaker Cruesli Chocolat - 900g","p":5.14,"u":"5,71 €/KG","img":"https://fd11-photos.leclercdrive.fr/image.ashx?id=2212153&use=l&cat=p&typeid=i","cat":309512},{"id":92533,"n":"Céréales Quaker Cruesli Chocolat au lait - 450g","p":2.61,"u":"5,80 €/KG","img":"https://fd11-photos.leclercdrive.fr/image.ashx?id=2212156&use=l&cat=p&typeid=i","cat":309512},{"id":92586,"n":"Lait de toilette bébé Klorane Sans rinçage - 750ml","p":7.99,"u":"10,65 €/L","img":"https://fd11-photos.leclercdrive.fr/image.ashx?id=2936848&use=l&cat=p&typeid=i","cat":290425},{"id":92593,"n":"Eau fraîche bébé Klorane Parfumée - 500ml","p":9.19,"u":"18,38 €/L","img":"https://fd11-photos.leclercdrive.fr/image.ashx?id=2936854&use=l&cat=p&typeid=i","cat":290425},{"id":92597,"n":"Gel lavant doux bébé Klorane 500ml","p":6.89,"u":"13,78 €/L","img":"https://fd11-photos.leclercdrive.fr/image.ashx?id=2936857&use=l&cat=p&typeid=i","cat":290425},{"id":92599,"n":"Lingettes bébé Klorane Nettoyantes douces - x70","p":3.4,"u":"0,05 €/P","img":"https://fd11-photos.leclercdrive.fr/image.ashx?id=2420211&use=l&cat=p&typeid=i","cat":290387},{"id":92633,"n":"Gel lavant doux bébé KLorane 2x500ml","p":9.7,"u":"9,70 €/L","img":"https://fd11-photos.leclercdrive.fr/image.ashx?id=2009093&use=l&cat=p&typeid=i","cat":290425},{"id":92702,"n":"Tomate ronde grappe Bio Village Bio - 500g","p":2.49,"u":"4,98 €/KG","img":"https://fd11-photos.leclercdrive.fr/image.ashx?id=2551996&use=l&cat=p&typeid=i","cat":284352},{"id":92710,"n":"Ruban correcteur Tipp-Ex Mini pocket - 5mmx6m","p":2.95,"img":"https://fd11-photos.leclercdrive.fr/image.ashx?id=2174868&use=l&cat=p&typeid=i","cat":334133},{"id":92711,"n":"Crayon à papier Bic Graphite Evolution","p":0.73,"img":"https://fd11-photos.leclercdrive.fr/image.ashx?id=1762173&use=l&cat=p&typeid=i","cat":284696},{"id":92712,"n":"Adhésif transparent Eco+ 19mmx25m - x5","p":0.42,"u":"0,08 €/P","img":"https://fd11-photos.leclercdrive.fr/image.ashx?id=2943127&use=l&cat=p&typeid=i","cat":334133},{"id":92715,"n":"Pochettes coins Esquisses Transparentes - x10","p":1.5,"u":"0,15 €/P","img":"https://fd11-photos.leclercdrive.fr/image.ashx?id=1700197&use=l&cat=p&typeid=i","cat":284745},{"id":92780,"n":"Bière blonde Heineken 6x25cl","p":4.26,"u":"2,84 €/L","img":"https://fd11-photos.leclercdrive.fr/image.ashx?id=3011077&use=l&cat=p&typeid=i","cat":334873},{"id":92782,"n":"Thé glacé Fuze Tea Saveur pêche - 1.25L","p":1.5,"u":"1,20 €/L","img":"https://fd11-photos.leclercdrive.fr/image.ashx?id=2940390&use=l&cat=p&typeid=i","cat":295019},{"id":92818,"n":"Tablette lave-vaisselle Rainett Tout en 1 Bicarbonate x30 -600g","p":4.96,"u":"8,27 €/KG","img":"https://fd11-photos.leclercdrive.fr/image.ashx?id=2506477&use=l&cat=p&typeid=i","cat":284656},{"id":92834,"n":"Chips extra Vico 6x30g","p":1.96,"u":"10,89 €/KG","img":"https://fd11-photos.leclercdrive.fr/image.ashx?id=2917816&use=l&cat=p&typeid=i","cat":284447},{"id":92861,"n":"Crème Visage Jour FPS 15 Nivea Hydratante - 50ml","p":4.08,"u":"81,60 €/L","img":"https://fd11-photos.leclercdrive.fr/image.ashx?id=3015335&use=l&cat=p&typeid=i","cat":325345},{"id":93022,"n":"Bière blonde Heineken 20x25cl","p":12.11,"u":"2,42 €/L","img":"https://fd11-photos.leclercdrive.fr/image.ashx?id=3011074&use=l&cat=p&typeid=i","cat":334873},{"id":93023,"n":"Bière blonde Heineken 12x25cl","p":7.51,"u":"2,50 €/L","img":"https://fd11-photos.leclercdrive.fr/image.ashx?id=3011080&use=l&cat=p&typeid=i","cat":334873},{"id":93029,"n":"Poireau bio Bio Village 750g","p":3.79,"u":"5,05 €/KG","img":"https://fd11-photos.leclercdrive.fr/image.ashx?id=2322956&use=l&cat=p&typeid=i","cat":284352},{"id":93030,"n":"Concombre Bio Bio Village x1","p":1.99,"img":"https://fd11-photos.leclercdrive.fr/image.ashx?id=2334257&use=l&cat=p&typeid=i","cat":284352},{"id":93031,"n":"Raclette nature Les croisés Sans croute - 700g","p":6.79,"u":"9,70 €/KG","img":"https://fd11-photos.leclercdrive.fr/image.ashx?id=2856335&use=l&cat=p&typeid=i","cat":314037},{"id":93032,"n":"Saucisson Justin Bridou Bâton de Berger Nature 250g","p":3.87,"u":"15,48 €/KG","img":"https://fd11-photos.leclercdrive.fr/image.ashx?id=2921313&use=l&cat=p&typeid=i","cat":316006},{"id":93033,"n":"Saucisson Fuet César Moroni  170g","p":3.19,"u":"18,76 €/KG","img":"https://fd11-photos.leclercdrive.fr/image.ashx?id=2916138&use=l&cat=p&typeid=i","cat":316006},{"id":93036,"n":"Rosette tranchée Cochonou  10 tranches - 93g","p":1.84,"u":"19,78 €/KG","img":"https://fd11-photos.leclercdrive.fr/image.ashx?id=2924107&use=l&cat=p&typeid=i","cat":316007},{"id":93037,"n":"Saucisson sec Tranché Cochonou 30 tranches - 93g","p":1.54,"u":"16,56 €/KG","img":"https://fd11-photos.leclercdrive.fr/image.ashx?id=2924104&use=l&cat=p&typeid=i","cat":316007},{"id":93041,"n":"Fromage Caprice Des Dieux 300g","p":3.59,"u":"11,97 €/KG","img":"https://fd11-photos.leclercdrive.fr/image.ashx?id=2763178&use=l&cat=p&typeid=i","cat":314033},{"id":93043,"n":"Crème dessert Bio village Bio - 4x95g  - Vanille","p":1.28,"u":"3,37 €/KG","img":"https://fd11-photos.leclercdrive.fr/image.ashx?id=2992648&use=l&cat=p&typeid=i","cat":285041},{"id":93050,"n":"Poivron Bicolore bio Bio Village x2","p":2.79,"u":"1,40 €/P","img":"https://fd11-photos.leclercdrive.fr/image.ashx?id=2960538&use=l&cat=p&typeid=i","cat":284352},{"id":93070,"n":"Crème dessert Bio Bio village Chocolat - 4x95g","p":1.28,"u":"3,37 €/KG","img":"https://fd11-photos.leclercdrive.fr/image.ashx?id=2992645&use=l&cat=p&typeid=i","cat":285041},{"id":93071,"n":"Champignons de Paris blancs Bio Bio Village - 200g","p":2.39,"u":"11,95 €/KG","img":"https://fd11-photos.leclercdrive.fr/image.ashx?id=2960550&use=l&cat=p&typeid=i","cat":284352},{"id":93079,"n":"Bûche glacée L'Angelys Fruits rouges et exotiques - 500g","p":9.52,"u":"19,04 €/KG","img":"https://fd11-photos.leclercdrive.fr/image.ashx?id=2963664&use=l&cat=p&typeid=i","cat":284266},{"id":93091,"n":"Bûche glacée Eskiss Vanille Caramel Pécan - 534g","p":3.85,"u":"7,21 €/KG","img":"https://fd11-photos.leclercdrive.fr/image.ashx?id=2791329&use=l&cat=p&typeid=i","cat":284266},{"id":93108,"n":"Bière Desperados Pack de 12x33cl","p":14.39,"u":"3,63 €/L","img":"https://fd11-photos.leclercdrive.fr/image.ashx?id=2983123&use=l&cat=p&typeid=i","cat":334878},{"id":93109,"n":"Bière Desperados Pack de 6x33cl","p":7.1,"u":"3,59 €/L","img":"https://fd11-photos.leclercdrive.fr/image.ashx?id=2999865&use=l&cat=p&typeid=i","cat":334878},{"id":93111,"n":"Camembert Le Rustique  250g","p":2.31,"u":"9,24 €/KG","img":"https://fd11-photos.leclercdrive.fr/image.ashx?id=2979722&use=l&cat=p&typeid=i","cat":314033},{"id":93112,"n":"Coulommiers Cœur de Lion  350g","p":2.6,"u":"7,43 €/KG","img":"https://fd11-photos.leclercdrive.fr/image.ashx?id=2766286&use=l&cat=p&typeid=i","cat":314033},{"id":93185,"n":"Epinards hachés Bio Bio Village - 600g","p":1.77,"u":"2,95 €/KG","img":"https://fd11-photos.leclercdrive.fr/image.ashx?id=2898083&use=l&cat=p&typeid=i","cat":319805},{"id":93244,"n":"Sauce bolognaise Panzani 425g","p":1.87,"u":"4,40 €/KG","img":"https://fd11-photos.leclercdrive.fr/image.ashx?id=2989096&use=l&cat=p&typeid=i","cat":287599},{"id":93310,"n":"Yaourt bifidus Activia vanille - 12x125g","p":4.11,"u":"2,74 €/KG","img":"https://fd11-photos.leclercdrive.fr/image.ashx?id=2999835&use=l&cat=p&typeid=i","cat":315000},{"id":93314,"n":"Sirop Monin Cocktail caramel - 33cl","p":2.83,"u":"8,58 €/L","img":"https://fd11-photos.leclercdrive.fr/image.ashx?id=2301319&use=l&cat=p&typeid=i","cat":295020},{"id":93348,"n":"Assortiment 26%mg Les croisés 3 Variétés ss croûte - 700g","p":9.74,"u":"13,91 €/KG","img":"https://fd11-photos.leclercdrive.fr/image.ashx?id=2793269&use=l&cat=p&typeid=i","cat":314037},{"id":93398,"n":"Plat bébé Blédina 12 mois  Butternut dinde - 2x200g","p":2.64,"u":"6,60 €/KG","img":"https://fd11-photos.leclercdrive.fr/image.ashx?id=2975086&use=l&cat=p&typeid=i","cat":312237},{"id":93401,"n":"Bière blonde pression Heineken Fût de 5L","p":17.2,"u":"3,44 €/L","img":"https://fd11-photos.leclercdrive.fr/image.ashx?id=2646194&use=l&cat=p&typeid=i","cat":334879},{"id":93600,"n":"Dessert végétal soja Alpro Nature à la coco - 500g","p":1.71,"u":"3,42 €/KG","img":"https://fd11-photos.leclercdrive.fr/image.ashx?id=2976080&use=l&cat=p&typeid=i","cat":316071},{"id":93624,"n":"Papier toilette Mimosa Blanc 3 plis - x12","p":4.61,"u":"0,38 €/P","img":"https://fd11-photos.leclercdrive.fr/image.ashx?id=2811869&use=l&cat=p&typeid=i","cat":284634},{"id":93625,"n":"Papier toilette Mimosa Rose 3 plis - x12","p":4.69,"u":"0,39 €/P","img":"https://fd11-photos.leclercdrive.fr/image.ashx?id=2837250&use=l&cat=p&typeid=i","cat":284634},{"id":93631,"n":"Graines de tournesol Eco+ 2.5kg","p":3.5,"u":"1,40 €/KG","img":"https://fd11-photos.leclercdrive.fr/image.ashx?id=2162123&use=l&cat=p&typeid=i","cat":284678},{"id":93633,"n":"Aliment naturel Tetra Gammarus Pour tortues d'eau - 250ml","p":4.73,"u":"18,92 €/L","img":"https://fd11-photos.leclercdrive.fr/image.ashx?id=2433202&use=l&cat=p&typeid=i","cat":284679},{"id":93683,"n":"Noix st Jacques Ronde des mers Avec corail - 300g","p":12.89,"u":"42,97 €/KG","img":"https://fd11-photos.leclercdrive.fr/image.ashx?id=2632888&use=l&cat=p&typeid=i","cat":319787},{"id":93685,"n":"Noix St Jacques Ronde des mers Sans Corail - MSC - 300g","p":12.99,"u":"43,30 €/KG","img":"https://fd11-photos.leclercdrive.fr/image.ashx?id=2545930&use=l&cat=p&typeid=i","cat":319787},{"id":93705,"n":"Pulpe de tomates Sacla Bio - 680g","p":2.69,"u":"3,96 €/KG","img":"https://fd11-photos.leclercdrive.fr/image.ashx?id=2507089&use=l&cat=p&typeid=i","cat":288384},{"id":93728,"n":"Clémentine à déguster bio Bio Village Sachet 750g","p":2.99,"u":"3,99 €/KG","img":"https://fd11-photos.leclercdrive.fr/image.ashx?id=2801058&use=l&cat=p&typeid=i","cat":284356},{"id":93750,"n":"Ratatouille Cuisinée Cassegrain à la Provençale 380g","p":2.8,"u":"7,37 €/KG","img":"https://fd11-photos.leclercdrive.fr/image.ashx?id=2970831&use=l&cat=p&typeid=i","cat":312612},{"id":93788,"n":"Escalope Cordon Bleu Père Dodu  Poulet x2 - 200g","p":2.2,"u":"11,00 €/KG","img":"https://fd11-photos.leclercdrive.fr/image.ashx?id=2957170&use=l&cat=p&typeid=i","cat":333683},{"id":93817,"n":"Muesli croustillant 7 fruits  bio Terres et Céréales-1kg","p":6.14,"u":"6,14 €/KG","img":"https://fd11-photos.leclercdrive.fr/image.ashx?id=2802449&use=l&cat=p&typeid=i","cat":309512},{"id":93819,"n":"Poêlée de légume Notre Jardin Wok cuisiné Asie - 1kg","p":3.59,"u":"3,59 €/KG","img":"https://fd11-photos.leclercdrive.fr/image.ashx?id=2878600&use=l&cat=p&typeid=i","cat":319823},{"id":93842,"n":"Coton rectangle bébé Eco+ x200","p":3.99,"u":"0,02 €/P","img":"https://fd11-photos.leclercdrive.fr/image.ashx?id=2869760&use=l&cat=p&typeid=i","cat":284739},{"id":93851,"n":"Petit Pois Tendres et Fondants Cassegrain 280g","p":1.8,"u":"6,43 €/KG","img":"https://fd11-photos.leclercdrive.fr/image.ashx?id=2955318&use=l&cat=p&typeid=i","cat":312607},{"id":93854,"n":"Aubergines Cuisinées Cassegrain à la Provençale 375g","p":2.85,"u":"7,60 €/KG","img":"https://fd11-photos.leclercdrive.fr/image.ashx?id=2962086&use=l&cat=p&typeid=i","cat":312612},{"id":93857,"n":"Répare crevaison TECH9 500ml","p":6.9,"u":"13,80 €/L","img":"https://fd11-photos.leclercdrive.fr/image.ashx?id=2162489&use=l&cat=p&typeid=i","cat":298252},{"id":93936,"n":"Filets de poulet Eco+ Blanc - 1kg","p":9.49,"u":"9,49 €/KG","img":"https://fd11-photos.leclercdrive.fr/image.ashx?id=1514650&use=l&cat=p&typeid=i","cat":284336},{"id":94052,"n":"Haricot Vert Cassegrain Extra Fin Ceuillis main 220g","p":2.03,"u":"9,23 €/KG","img":"https://fd11-photos.leclercdrive.fr/image.ashx?id=2955321&use=l&cat=p&typeid=i","cat":312606},{"id":94163,"n":"Comté AOP Entremont Tranché - 120g","p":2.74,"u":"22,83 €/KG","img":"https://fd11-photos.leclercdrive.fr/image.ashx?id=2983141&use=l&cat=p&typeid=i","cat":314028},{"id":94164,"n":"Fromage Crèmeux Saint Albray  200g","p":2.82,"u":"14,10 €/KG","img":"https://fd11-photos.leclercdrive.fr/image.ashx?id=2731825&use=l&cat=p&typeid=i","cat":329558},{"id":94635,"n":"Brasse végétal nature Andros 4x100g","p":2.58,"u":"6,45 €/KG","img":"https://fd11-photos.leclercdrive.fr/image.ashx?id=2872012&use=l&cat=p&typeid=i","cat":316071},{"id":94643,"n":"Brassé végétal Andros Framboise - 400g","p":2.55,"u":"6,38 €/KG","img":"https://fd11-photos.leclercdrive.fr/image.ashx?id=2879089&use=l&cat=p&typeid=i","cat":316071},{"id":94654,"n":"Yaourt bifidus Activia Vanille - 16x125g","p":5.39,"u":"2,70 €/KG","img":"https://fd11-photos.leclercdrive.fr/image.ashx?id=2741775&use=l&cat=p&typeid=i","cat":315000},{"id":94801,"n":"Oeufs frais De Nos Régions Élevées au Sol - x12","p":2.71,"u":"0,23 €/P","img":"https://fd11-photos.leclercdrive.fr/image.ashx?id=2969836&use=l&cat=p&typeid=i","cat":284378},{"id":94853,"n":"Oeufs frais plein air Bio Bio village - x4","p":1.9,"u":"0,48 €/P","img":"https://fd11-photos.leclercdrive.fr/image.ashx?id=2670992&use=l&cat=p&typeid=i","cat":284378},{"id":94856,"n":"Oeufs frais plein air Oméga 3 - x20","p":4.55,"u":"0,23 €/P","img":"https://fd11-photos.leclercdrive.fr/image.ashx?id=2969991&use=l&cat=p&typeid=i","cat":284378},{"id":94857,"n":"Oeufs frais plein air Oeufs de Nos Régions - x4","p":0.99,"u":"0,25 €/P","img":"https://fd11-photos.leclercdrive.fr/image.ashx?id=2969973&use=l&cat=p&typeid=i","cat":284378},{"id":94859,"n":"Yaourt à la grecque YAOS  Stracciatella - 4x125g","p":2.4,"u":"4,80 €/KG","img":"https://fd11-photos.leclercdrive.fr/image.ashx?id=2679506&use=l&cat=p&typeid=i","cat":314999},{"id":94860,"n":"Oeufs frais De Nos Régions Élevées au sol - x6","p":1.49,"u":"0,25 €/P","img":"https://fd11-photos.leclercdrive.fr/image.ashx?id=2969827&use=l&cat=p&typeid=i","cat":284378},{"id":95077,"n":"Gel anti-calcaire Calgon  Hygiène Plus - 750ml","p":4.89,"u":"6,52 €/L","img":"https://fd11-photos.leclercdrive.fr/image.ashx?id=2953767&use=l&cat=p&typeid=i","cat":284653},{"id":95486,"n":"Boudin blanc Le Gaulois Aux morilles - x6 - 600g","p":5.5,"u":"9,17 €/KG","img":"https://fd11-photos.leclercdrive.fr/image.ashx?id=2609324&use=l&cat=p&typeid=i","cat":316012},{"id":95488,"n":"Boudin blanc Le Gaulois aux pommes x6 - 600g","p":5.03,"u":"8,38 €/KG","img":"https://fd11-photos.leclercdrive.fr/image.ashx?id=2732746&use=l&cat=p&typeid=i","cat":327289},{"id":95489,"n":"Boudin blanc Le Gaulois Nature - x6 - 600g","p":4.99,"u":"8,32 €/KG","img":"https://fd11-photos.leclercdrive.fr/image.ashx?id=2332333&use=l&cat=p&typeid=i","cat":316012},{"id":95517,"n":"Risotto à la truffe 200g","p":3.9,"u":"19,50 €/KG","img":"https://fd11-photos.leclercdrive.fr/image.ashx?id=1558126&use=l&cat=p&typeid=i","cat":333665},{"id":95524,"n":"Essuie-tout bobine Mimosa 500 feuilles","p":3.7,"img":"https://fd11-photos.leclercdrive.fr/image.ashx?id=1523297&use=l&cat=p&typeid=i","cat":284635},{"id":95535,"n":"Saumon fumé ASC Ronde des Mers Norvège x4T - 140g","p":4.99,"u":"35,64 €/KG","img":"https://fd11-photos.leclercdrive.fr/image.ashx?id=2833126&use=l&cat=p&typeid=i","cat":285188},{"id":95548,"n":"Rillettes de sardine 140g","p":1.77,"u":"12,64 €/KG","img":"https://fd11-photos.leclercdrive.fr/image.ashx?id=2981885&use=l&cat=p&typeid=i","cat":285191},{"id":95586,"n":"Eau micellaire bio SoBio Etic Peau sensible aloé véra - 500ml","p":5.49,"u":"10,98 €/L","img":"https://fd11-photos.leclercdrive.fr/image.ashx?id=2801905&use=l&cat=p&typeid=i","cat":284603},{"id":95592,"n":"Sauce Saveurs Forestières Foie gras & Figues - 150g","p":2.89,"u":"19,27 €/KG","img":"https://fd11-photos.leclercdrive.fr/image.ashx?id=2603776&use=l&cat=p&typeid=i","cat":327289},{"id":95593,"n":"Sauce Saveurs Forestières Crème aux cèpes - 150g","p":2.89,"u":"19,27 €/KG","img":"https://fd11-photos.leclercdrive.fr/image.ashx?id=2021826&use=l&cat=p&typeid=i","cat":284382},{"id":95684,"n":"Boudin blanc au Foie gras Le Gaulois x3 - 270g","p":5.75,"u":"21,30 €/KG","img":"https://fd11-photos.leclercdrive.fr/image.ashx?id=2732710&use=l&cat=p&typeid=i","cat":327289},{"id":95696,"n":"Poulet entier blanc Eco+ 1.3kg","p":4.89,"u":"3,76 €/KG","img":"https://fd11-photos.leclercdrive.fr/image.ashx?id=1524161&use=l&cat=p&typeid=i","cat":284336},{"id":95699,"n":"Cuisse de poulet blanc Eco+ 1 Kg","p":3.99,"u":"3,99 €/KG","img":"https://fd11-photos.leclercdrive.fr/image.ashx?id=1524155&use=l&cat=p&typeid=i","cat":284336},{"id":95733,"n":"Fondant d'Autruche mandarine Saveurs Forestières -760g","p":19.9,"u":"26,18 €/KG","img":"https://fd11-photos.leclercdrive.fr/image.ashx?id=1558141&use=l&cat=p&typeid=i","cat":327289},{"id":95815,"n":"Dessert végétal soja alpro Vanille - 500g","p":1.63,"u":"3,26 €/KG","img":"https://fd11-photos.leclercdrive.fr/image.ashx?id=2977672&use=l&cat=p&typeid=i","cat":316071},{"id":95817,"n":"Dessert végétal soja alpro Nature à l'amande - 500g","p":1.75,"u":"3,50 €/KG","img":"https://fd11-photos.leclercdrive.fr/image.ashx?id=2977684&use=l&cat=p&typeid=i","cat":316071},{"id":95945,"n":"Pommes bicolores Panier du Primeur Barquette x6","p":2.49,"u":"0,42 €/P","img":"https://fd11-photos.leclercdrive.fr/image.ashx?id=2553920&use=l&cat=p&typeid=i","cat":284356},{"id":95946,"n":"Pommes vertes Panier du Primeur Barquette x6","p":2.49,"u":"0,42 €/P","img":"https://fd11-photos.leclercdrive.fr/image.ashx?id=2338703&use=l&cat=p&typeid=i","cat":284356},{"id":95947,"n":"Pommes jaunes Panier du Primeur x6","p":2.49,"u":"0,42 €/P","img":"https://fd11-photos.leclercdrive.fr/image.ashx?id=2338700&use=l&cat=p&typeid=i","cat":284356},{"id":95973,"n":"Eau minérale naturelle Evian  6x1,5l","p":3.42,"u":"0,38 €/L","img":"https://fd11-photos.leclercdrive.fr/image.ashx?id=2967717&use=l&cat=p&typeid=i","cat":284535},{"id":95974,"n":"Bière blonde Bud 5% - 12x25cl","p":8.05,"u":"2,68 €/L","img":"https://fd11-photos.leclercdrive.fr/image.ashx?id=2995406&use=l&cat=p&typeid=i","cat":334873},{"id":95976,"n":"Liquide vaisselle Visior Fruit rouge & Fleur - 750ml","p":1.19,"u":"1,59 €/L","img":"https://fd11-photos.leclercdrive.fr/image.ashx?id=2724586&use=l&cat=p&typeid=i","cat":284655},{"id":96057,"n":"Café grains Méo Espresso - 1kg","p":15.25,"u":"15,25 €/KG","img":"https://fd11-photos.leclercdrive.fr/image.ashx?id=2593977&use=l&cat=p&typeid=i","cat":293237},{"id":96060,"n":"Chili con carné Bio Village Bio - 300g","p":3.49,"u":"11,63 €/KG","img":"https://fd11-photos.leclercdrive.fr/image.ashx?id=2437199&use=l&cat=p&typeid=i","cat":284953},{"id":96094,"n":"Gel douche Manava Mangue Acai - 250ml","p":1.15,"u":"4,60 €/L","img":"https://fd11-photos.leclercdrive.fr/image.ashx?id=2805036&use=l&cat=p&typeid=i","cat":284594},{"id":96097,"n":"Gel douche Manava Noisettes caramel - 250ml","p":1.3,"u":"5,20 €/L","img":"https://fd11-photos.leclercdrive.fr/image.ashx?id=2805039&use=l&cat=p&typeid=i","cat":284594},{"id":96284,"n":"Pois chiches - 3x130g","p":1.65,"u":"4,23 €/KG","img":"https://fd11-photos.leclercdrive.fr/image.ashx?id=3002626&use=l&cat=p&typeid=i","cat":312609},{"id":96287,"n":"Café San Marco Grains n°7 - 500g","p":10.77,"u":"21,54 €/KG","img":"https://fd11-photos.leclercdrive.fr/image.ashx?id=2322163&use=l&cat=p&typeid=i","cat":293237},{"id":96289,"n":"Biscuit apéritif ancel Sticks Bretzels Original - 300g","p":1.8,"u":"6,00 €/KG","img":"https://fd11-photos.leclercdrive.fr/image.ashx?id=2841196&use=l&cat=p&typeid=i","cat":297000},{"id":96368,"n":"Champagne Laurent Perrier Brut - La Cuvée - 75cl","p":36.58,"u":"48,77 €/L","img":"https://fd11-photos.leclercdrive.fr/image.ashx?id=2979740&use=l&cat=p&typeid=i","cat":284542},{"id":96416,"n":"Sauce soja Kikkoman 250ml","p":4.38,"u":"17,52 €/L","img":"https://fd11-photos.leclercdrive.fr/image.ashx?id=2544952&use=l&cat=p&typeid=i","cat":288992},{"id":96802,"n":"Foie gras canard IGP Quercy Nos Régions ont du Talent 200g","p":20.95,"u":"104,75 €/KG","img":"https://fd11-photos.leclercdrive.fr/image.ashx?id=2988153&use=l&cat=p&typeid=i","cat":316008},{"id":96832,"n":"Mini viennoiseries Epi d'Or x12 - 372g","p":4.23,"u":"11,37 €/KG","img":"https://fd11-photos.leclercdrive.fr/image.ashx?id=1879302&use=l&cat=p&typeid=i","cat":288858},{"id":96853,"n":"Pommes recette Périgord Findus Cèpes graisse de canard - 600g","p":3.45,"u":"5,75 €/KG","img":"https://fd11-photos.leclercdrive.fr/image.ashx?id=2840605&use=l&cat=p&typeid=i","cat":319823},{"id":96883,"n":"Combustible pétrole Ptx Inodore - 20L","p":39.99,"u":"2,00 €/L","img":"https://fd11-photos.leclercdrive.fr/image.ashx?id=2534114&use=l&cat=p&typeid=i","cat":300577},{"id":96923,"n":"Câbles de démarrage TECH9 35mm2","p":34.95,"img":"https://fd11-photos.leclercdrive.fr/image.ashx?id=2162564&use=l&cat=p&typeid=i","cat":298252},{"id":96932,"n":"Saumon fumé Rondes des Mers ASC Norvège x2T - 75g","p":3.95,"u":"52,67 €/KG","img":"https://fd11-photos.leclercdrive.fr/image.ashx?id=2833123&use=l&cat=p&typeid=i","cat":285188},{"id":96934,"n":"Saumon fumé Bio Bio Village Atlantique x2T - 65g","p":3.6,"u":"55,38 €/KG","img":"https://fd11-photos.leclercdrive.fr/image.ashx?id=2839589&use=l&cat=p&typeid=i","cat":285188},{"id":96935,"n":"Saumon fumé Ronde des Mers Ecosse x2T - 75g","p":3.99,"u":"53,20 €/KG","img":"https://fd11-photos.leclercdrive.fr/image.ashx?id=2823093&use=l&cat=p&typeid=i","cat":285188},{"id":96936,"n":"Saumon fumé Ronde des Mers Ecosse x6T - 200g","p":8.2,"u":"41,00 €/KG","img":"https://fd11-photos.leclercdrive.fr/image.ashx?id=2450059&use=l&cat=p&typeid=i","cat":285188},{"id":96937,"n":"Saumon fumé Eco+ Norvège - 200g","p":4.65,"u":"23,25 €/KG","img":"https://fd11-photos.leclercdrive.fr/image.ashx?id=2794823&use=l&cat=p&typeid=i","cat":285188},{"id":96938,"n":"Saumon fumé Ronde des Mers ASC Norvège x6T - 210g","p":8.5,"u":"40,48 €/KG","img":"https://fd11-photos.leclercdrive.fr/image.ashx?id=2833132&use=l&cat=p&typeid=i","cat":285188},{"id":96959,"n":"Pains au chocolat Epi d'Or x6 - 450g","p":2.95,"u":"6,56 €/KG","img":"https://fd11-photos.leclercdrive.fr/image.ashx?id=1983598&use=l&cat=p&typeid=i","cat":284267},{"id":96964,"n":"Merguez Eco+ x6 - 330g","p":3.01,"u":"9,12 €/KG","img":"https://fd11-photos.leclercdrive.fr/image.ashx?id=2580502&use=l&cat=p&typeid=i","cat":284334},{"id":96966,"n":"Chipolatas Eco+ x6 - 330g","p":2.5,"u":"7,58 €/KG","img":"https://fd11-photos.leclercdrive.fr/image.ashx?id=2580499&use=l&cat=p&typeid=i","cat":284334},{"id":96970,"n":"Feuilletés Epinards Chèvre Côté Table - 2x150g","p":3.09,"u":"10,30 €/KG","img":"https://fd11-photos.leclercdrive.fr/image.ashx?id=2846523&use=l&cat=p&typeid=i","cat":333671},{"id":97031,"n":"Yaourt à la grecque Délisse Café - 4x150g","p":2.49,"u":"4,15 €/KG","img":"https://fd11-photos.leclercdrive.fr/image.ashx?id=2883017&use=l&cat=p&typeid=i","cat":314999},{"id":97045,"n":"Thon entier Petit Navire Au naturel - 2x93g","p":3.14,"u":"16,88 €/KG","img":"https://fd11-photos.leclercdrive.fr/image.ashx?id=2961837&use=l&cat=p&typeid=i","cat":303867},{"id":97060,"n":"Tagada Haribo Sachet bonbons - 400g","p":1.7,"u":"4,25 €/KG","img":"https://fd11-photos.leclercdrive.fr/image.ashx?id=2801854&use=l&cat=p&typeid=i","cat":304250},{"id":97124,"n":"Manchons de poulet Eco+ 250g","p":2.03,"u":"8,12 €/KG","img":"https://fd11-photos.leclercdrive.fr/image.ashx?id=2742676&use=l&cat=p&typeid=i","cat":333685},{"id":97135,"n":"Lait bio Bio Village Brique Demi-écrémé UHT -  6x1L","p":6.3,"u":"1,05 €/L","img":"https://fd11-photos.leclercdrive.fr/image.ashx?id=2970030&use=l&cat=p&typeid=i","cat":284377},{"id":97170,"n":"Mini ruban correcteur Esquisse x6","p":3.95,"u":"0,66 €/P","img":"https://fd11-photos.leclercdrive.fr/image.ashx?id=2943262&use=l&cat=p&typeid=i","cat":334133},{"id":97287,"n":"Feutres de coloriage Esquisse Lavables Pointe large - x12","p":1.79,"u":"0,15 €/P","img":"https://fd11-photos.leclercdrive.fr/image.ashx?id=1698631&use=l&cat=p&typeid=i","cat":284696},{"id":97359,"n":"Gyoza crevettes Ajinomoto Avec sauce soja  - 212g","p":3.71,"u":"17,50 €/KG","img":"https://fd11-photos.leclercdrive.fr/image.ashx?id=2590279&use=l&cat=p&typeid=i","cat":319774},{"id":97362,"n":"Gyoza Ajinomoto Légumes avec sauce soja - 212g","p":4.47,"u":"21,08 €/KG","img":"https://fd11-photos.leclercdrive.fr/image.ashx?id=2590330&use=l&cat=p&typeid=i","cat":319774},{"id":97471,"n":"GROUPE DE VARIANTES Multicoloris","p":1.59,"img":"https://fd11-photos.leclercdrive.fr/image.ashx?id=1707616&use=l&cat=p&typeid=i","cat":284745},{"id":97525,"n":"Chemise élastique Esquisse Multicoloris - 24x32cm","p":1.19,"img":"https://fd11-photos.leclercdrive.fr/image.ashx?id=1665817&use=l&cat=p&typeid=i","cat":284745},{"id":97662,"n":"Thé vert Twinings Menthe x25 - 38g","p":2.36,"u":"62,11 €/KG","img":"https://fd11-photos.leclercdrive.fr/image.ashx?id=2906763&use=l&cat=p&typeid=i","cat":293233},{"id":97665,"n":"Thé vert intense Twinings Menthe intense - x25 - 32g","p":2.71,"u":"84,69 €/KG","img":"https://fd11-photos.leclercdrive.fr/image.ashx?id=2919406&use=l&cat=p&typeid=i","cat":293233},{"id":97667,"n":"Thé russian Twinings Earl grey x20 - 30g","p":2.35,"u":"78,33 €/KG","img":"https://fd11-photos.leclercdrive.fr/image.ashx?id=2878306&use=l&cat=p&typeid=i","cat":293233},{"id":97677,"n":"Thé Twinings English breakfast x25 - 40g","p":2.67,"u":"66,75 €/KG","img":"https://fd11-photos.leclercdrive.fr/image.ashx?id=2893027&use=l&cat=p&typeid=i","cat":293233},{"id":97678,"n":"Céréales Jordans Country Crisp 4 Baies - 550g","p":3.06,"u":"5,56 €/KG","img":"https://fd11-photos.leclercdrive.fr/image.ashx?id=2997205&use=l&cat=p&typeid=i","cat":309512},{"id":97832,"n":"Foie gras canard IGP Sud-Ouest Nos Régions ont du Talent 80g","p":7.99,"u":"99,88 €/KG","img":"https://fd11-photos.leclercdrive.fr/image.ashx?id=2743888&use=l&cat=p&typeid=i","cat":316008},{"id":98098,"n":"Liquide vaisselle Visior Antiodeur - 500ml","p":0.64,"u":"1,28 €/L","img":"https://fd11-photos.leclercdrive.fr/image.ashx?id=2951122&use=l&cat=p&typeid=i","cat":284655},{"id":98252,"n":"Liquide vaisselle Visior Antibactérien - 500ml","p":0.64,"u":"1,28 €/L","img":"https://fd11-photos.leclercdrive.fr/image.ashx?id=2951131&use=l&cat=p&typeid=i","cat":284655},{"id":98253,"n":"Liquide vaisselle Visior Désincrustant sel - 500ml","p":0.64,"u":"1,28 €/L","img":"https://fd11-photos.leclercdrive.fr/image.ashx?id=2951128&use=l&cat=p&typeid=i","cat":284655},{"id":98417,"n":"Liquide vaisselle floral Visior 500ml","p":0.64,"u":"1,28 €/L","img":"https://fd11-photos.leclercdrive.fr/image.ashx?id=2951134&use=l&cat=p&typeid=i","cat":284655},{"id":98421,"n":"Foie gras bloc P. Chaumeyrac À la figue - 100g","p":6.09,"u":"60,90 €/KG","img":"https://fd11-photos.leclercdrive.fr/image.ashx?id=2804335&use=l&cat=p&typeid=i","cat":316008},{"id":98422,"n":"Pavés de Saumon Bio Bio Village 200g","p":8.59,"u":"42,95 €/KG","img":"https://fd11-photos.leclercdrive.fr/image.ashx?id=2953737&use=l&cat=p&typeid=i","cat":319786},{"id":98429,"n":"Petits pains précuits Epi d'Or 4x75g","p":1.57,"u":"5,23 €/KG","img":"https://fd11-photos.leclercdrive.fr/image.ashx?id=2956966&use=l&cat=p&typeid=i","cat":325069},{"id":98438,"n":"Kiwis Bio Bio Village x6","p":3.49,"u":"0,58 €/P","img":"https://fd11-photos.leclercdrive.fr/image.ashx?id=2556443&use=l&cat=p&typeid=i","cat":284356},{"id":98443,"n":"Soda Coca-Cola Original Bouteille - Pack 6x1L","p":10.2,"u":"1,70 €/L","img":"https://fd11-photos.leclercdrive.fr/image.ashx?id=2830897&use=l&cat=p&typeid=i","cat":284530},{"id":98468,"n":"Yaourt à la grecque Délisse Vanille - 8x125g","p":3.59,"u":"3,59 €/KG","img":"https://fd11-photos.leclercdrive.fr/image.ashx?id=2699738&use=l&cat=p&typeid=i","cat":314999},{"id":98499,"n":"Saumon fumé Petit Navire Ecosse - 4 tranches - 120g","p":6.46,"u":"53,83 €/KG","img":"https://fd11-photos.leclercdrive.fr/image.ashx?id=2950474&use=l&cat=p&typeid=i","cat":285188},{"id":98630,"n":"Compotes Douceur du Verger Panachées - x16","p":4.11,"u":"0,26 €/P","img":"https://fd11-photos.leclercdrive.fr/image.ashx?id=1986276&use=l&cat=p&typeid=i","cat":284416},{"id":98632,"n":"Poêlée  tagliatelle Côté Table Fruit de mer - 900g","p":6.55,"u":"7,28 €/KG","img":"https://fd11-photos.leclercdrive.fr/image.ashx?id=2754895&use=l&cat=p&typeid=i","cat":284254},{"id":98715,"n":"Frixion-clicker Pilot Bleu - + Recharge + Fineliner","p":6.21,"img":"https://fd11-photos.leclercdrive.fr/image.ashx?id=2935954&use=l&cat=p&typeid=i","cat":284696},{"id":98807,"n":"Purée fruit bébé Blédina 6 mois Pomme cerise vanille - 4x100g","p":1.73,"u":"4,33 €/KG","img":"https://fd11-photos.leclercdrive.fr/image.ashx?id=2983024&use=l&cat=p&typeid=i","cat":312388},{"id":98811,"n":"Comprimé antibactérien Polident x36","p":2.22,"u":"0,06 €/P","img":"https://fd11-photos.leclercdrive.fr/image.ashx?id=2303843&use=l&cat=p&typeid=i","cat":285158},{"id":98814,"n":"Dentifrice Parodontax Soin quotidien - 75ml","p":3.57,"u":"47,60 €/L","img":"https://fd11-photos.leclercdrive.fr/image.ashx?id=2606394&use=l&cat=p&typeid=i","cat":284612},{"id":98822,"n":"Purée fruit bébé Blédina 6 mois Pomme kiwi ananas - 4x100g","p":1.72,"u":"4,30 €/KG","img":"https://fd11-photos.leclercdrive.fr/image.ashx?id=2983030&use=l&cat=p&typeid=i","cat":312388},{"id":98828,"n":"Purée fruit bébé Blédina 6 mois Pomme poire mandarine - 4x100g","p":1.61,"u":"4,03 €/KG","img":"https://fd11-photos.leclercdrive.fr/image.ashx?id=2983033&use=l&cat=p&typeid=i","cat":312388},{"id":98831,"n":"Purée fruit bébé Blédina 6 mois Harmonie de fruits - 4x100g","p":1.76,"u":"4,40 €/KG","img":"https://fd11-photos.leclercdrive.fr/image.ashx?id=2983036&use=l&cat=p&typeid=i","cat":312388},{"id":98834,"n":"Purée fruit bébé Blédina 6 mois Pomme mangue passion - 4x100g","p":1.63,"u":"4,08 €/KG","img":"https://fd11-photos.leclercdrive.fr/image.ashx?id=2983039&use=l&cat=p&typeid=i","cat":312388},{"id":98875,"n":"Thé glacé Fuze Tea  Pêche Hibiscus - 1,25L","p":1.5,"u":"1,20 €/L","img":"https://fd11-photos.leclercdrive.fr/image.ashx?id=2940393&use=l&cat=p&typeid=i","cat":295019},{"id":98933,"n":"AOP Ecrasé de pdt Florette Beurre - 2x200g","p":2.93,"u":"7,33 €/KG","img":"https://fd11-photos.leclercdrive.fr/image.ashx?id=2767699&use=l&cat=p&typeid=i","cat":333665},{"id":99248,"n":"Bouillon Kub Or Maggi 32 cubes - 128g","p":1.21,"u":"9,45 €/KG","img":"https://fd11-photos.leclercdrive.fr/image.ashx?id=2692737&use=l&cat=p&typeid=i","cat":288379},{"id":99502,"n":"Calmars à l'encre L'origine du goût - 115g","p":4.6,"u":"40,00 €/KG","img":"https://fd11-photos.leclercdrive.fr/image.ashx?id=2689204&use=l&cat=p&typeid=i","cat":285340},{"id":99545,"n":"Mogettes bio Bio VIllage 215g","p":1.73,"u":"8,05 €/KG","img":"https://fd11-photos.leclercdrive.fr/image.ashx?id=3002680&use=l&cat=p&typeid=i","cat":312606},{"id":99547,"n":"Haricots rouge Bio Village Bio - 205g","p":2.31,"u":"11,27 €/KG","img":"https://fd11-photos.leclercdrive.fr/image.ashx?id=3002686&use=l&cat=p&typeid=i","cat":312606},{"id":99553,"n":"Pois chiche Bio VIllage Bio - 215g","p":2.1,"u":"9,77 €/KG","img":"https://fd11-photos.leclercdrive.fr/image.ashx?id=3002683&use=l&cat=p&typeid=i","cat":312609},{"id":99555,"n":"Lentilles Bio Village Bio - 215g","p":2.04,"u":"9,49 €/KG","img":"https://fd11-photos.leclercdrive.fr/image.ashx?id=3002677&use=l&cat=p&typeid=i","cat":312609},{"id":99562,"n":"Haricots verts Eco  Très fins - 440g","p":1.02,"u":"2,32 €/KG","img":"https://fd11-photos.leclercdrive.fr/image.ashx?id=3003723&use=l&cat=p&typeid=i","cat":312606},{"id":99564,"n":"Haricots Blancs à la tomate 800g","p":1.0,"u":"1,89 €/KG","img":"https://fd11-photos.leclercdrive.fr/image.ashx?id=3003735&use=l&cat=p&typeid=i","cat":312606},{"id":99570,"n":"Ratatouille Eco+ 750g","p":1.08,"u":"1,44 €/KG","img":"https://fd11-photos.leclercdrive.fr/image.ashx?id=2703446&use=l&cat=p&typeid=i","cat":312612},{"id":99574,"n":"Poêlée savoyarde  900g","p":4.06,"u":"4,51 €/KG","img":"https://fd11-photos.leclercdrive.fr/image.ashx?id=2478931&use=l&cat=p&typeid=i","cat":319823},{"id":99788,"n":"Capsules café L'Or Espresso Lungo Profondo N°8 x20","p":6.59,"u":"63,37 €/KG","img":"https://fd11-photos.leclercdrive.fr/image.ashx?id=3005796&use=l&cat=p&typeid=i","cat":284749},{"id":99965,"n":"Biscuit speculoos Lotus Biscoff 750g (6x125g)","p":3.32,"u":"4,43 €/KG","img":"https://fd11-photos.leclercdrive.fr/image.ashx?id=2693818&use=l&cat=p&typeid=i","cat":284487},{"id":100122,"n":"Brossette interdentaire Inava Bleue - x1","p":3.49,"img":"https://fd11-photos.leclercdrive.fr/image.ashx?id=2976011&use=l&cat=p&typeid=i","cat":301595},{"id":100250,"n":"Yaourt nature sucré Kit-Kat Billes chocolat - 4x115g","p":2.93,"u":"6,37 €/KG","img":"https://fd11-photos.leclercdrive.fr/image.ashx?id=2875954&use=l&cat=p&typeid=i","cat":284414},{"id":100320,"n":"Brosse adhésive 1 pièce","p":2.29,"img":"https://fd11-photos.leclercdrive.fr/image.ashx?id=2840743&use=l&cat=p&typeid=i","cat":284669},{"id":100322,"n":"Plumeau antistatique 1 pièce","p":4.29,"img":"https://fd11-photos.leclercdrive.fr/image.ashx?id=2083972&use=l&cat=p&typeid=i","cat":325364},{"id":100485,"n":"Chocolat noir Bio Village Bio Dégustation 85% cacao 100g","p":1.87,"u":"18,70 €/KG","img":"https://fd11-photos.leclercdrive.fr/image.ashx?id=2723380&use=l&cat=p&typeid=i","cat":284956},{"id":100493,"n":"Gommes Maped Technic 600 Premium - x2","p":0.95,"u":"0,48 €/P","img":"https://fd11-photos.leclercdrive.fr/image.ashx?id=2384247&use=l&cat=p&typeid=i","cat":334133},{"id":100494,"n":"Gommes Maped Mini softy - 2+1","p":1.1,"u":"0,37 €/P","img":"https://fd11-photos.leclercdrive.fr/image.ashx?id=2147888&use=l&cat=p&typeid=i","cat":334133},{"id":100516,"n":"Crayons de couleur Maped Color'peps - x24","p":3.23,"img":"https://fd11-photos.leclercdrive.fr/image.ashx?id=2384259&use=l&cat=p&typeid=i","cat":284696},{"id":100547,"n":"Gommes triplex Maped 1 gomme dessin +1 gomme duo-gom","p":0.94,"img":"https://fd11-photos.leclercdrive.fr/image.ashx?id=2450676&use=l&cat=p&typeid=i","cat":334133},{"id":100673,"n":"Soda Coca-Cola sans sucres Bouteilles - 6x1L","p":7.5,"pp":4.95,"u":"0,82 €/L","img":"https://fd11-photos.leclercdrive.fr/image.ashx?id=2178352&use=l&cat=p&typeid=i","cat":284530},{"id":100790,"n":"Kit fajitas Old El Paso tomates poivrons - 500g","p":4.85,"u":"9,70 €/KG","img":"https://fd11-photos.leclercdrive.fr/image.ashx?id=2764628&use=l&cat=p&typeid=i","cat":288993},{"id":100792,"n":"Wraps Old El Paso de blé complet x6 - 350g","p":2.77,"u":"7,91 €/KG","img":"https://fd11-photos.leclercdrive.fr/image.ashx?id=2940573&use=l&cat=p&typeid=i","cat":288993},{"id":100950,"n":"Stylo bille 4 en 1 Bic 3couleurs + 1HB","p":3.04,"img":"https://fd11-photos.leclercdrive.fr/image.ashx?id=2972919&use=l&cat=p&typeid=i","cat":284696},{"id":100979,"n":"Chocolat au lait Lindt Création Le Rocher lait - 150g","p":3.01,"u":"20,07 €/KG","img":"https://fd11-photos.leclercdrive.fr/image.ashx?id=2685805&use=l&cat=p&typeid=i","cat":284497},{"id":100981,"n":"Courgettes Cuisinées Cassegrain à la Provençale 375g","p":2.84,"u":"7,57 €/KG","img":"https://fd11-photos.leclercdrive.fr/image.ashx?id=2977951&use=l&cat=p&typeid=i","cat":312612},{"id":100991,"n":"Céréales Trésor de Kellogg's Chocolat Noisettes - 410g","p":2.87,"u":"7,00 €/KG","img":"https://fd11-photos.leclercdrive.fr/image.ashx?id=2584238&use=l&cat=p&typeid=i","cat":309513},{"id":101003,"n":"Maquereaux naturel Saupiquet 3x169g","p":5.91,"u":"11,66 €/KG","img":"https://fd11-photos.leclercdrive.fr/image.ashx?id=2845937&use=l&cat=p&typeid=i","cat":303868},{"id":101010,"n":"Café moulu Carte Noire Classic - 6x250g","p":23.99,"u":"15,99 €/KG","img":"https://fd11-photos.leclercdrive.fr/image.ashx?id=2919027&use=l&cat=p&typeid=i","cat":284750},{"id":101047,"n":"Croquettes chat Ultima  Nature Poulet - 1.25kg","p":6.52,"u":"5,22 €/KG","img":"https://fd11-photos.leclercdrive.fr/image.ashx?id=2569959&use=l&cat=p&typeid=i","cat":284680},{"id":101050,"n":"Croquette chat stérilisé Ultima  Nature - Saumon - 1.25kg","p":6.61,"u":"5,29 €/KG","img":"https://fd11-photos.leclercdrive.fr/image.ashx?id=2569962&use=l&cat=p&typeid=i","cat":284680},{"id":101056,"n":"Adoucissant concentré Hyperdou Rosée du matin - 750ml","p":1.99,"u":"2,65 €/L","img":"https://fd11-photos.leclercdrive.fr/image.ashx?id=2602910&use=l&cat=p&typeid=i","cat":284650},{"id":101058,"n":"Adoucissant concentré Hyperdou Passion tropicale - 750ml","p":1.99,"u":"2,65 €/L","img":"https://fd11-photos.leclercdrive.fr/image.ashx?id=2683565&use=l&cat=p&typeid=i","cat":284650},{"id":101078,"n":"Crème glacée Ben&Jerry's Fan favourites - 4x100ml","p":6.13,"u":"15,33 €/L","img":"https://fd11-photos.leclercdrive.fr/image.ashx?id=3009275&use=l&cat=p&typeid=i","cat":284725},{"id":101080,"n":"Pot crème glacée Ben& Jerry's Cookie/Brownie 4 x 100ml","p":6.03,"u":"15,08 €/L","img":"https://fd11-photos.leclercdrive.fr/image.ashx?id=2657012&use=l&cat=p&typeid=i","cat":284725},{"id":101115,"n":"Céréales Trésor de Kellogg's Chocolat au Lait - 410g","p":2.87,"u":"7,00 €/KG","img":"https://fd11-photos.leclercdrive.fr/image.ashx?id=2584241&use=l&cat=p&typeid=i","cat":309513},{"id":101288,"n":"Mousse végétal Andros Chocolat - 4x55g","p":2.84,"u":"12,91 €/KG","img":"https://fd11-photos.leclercdrive.fr/image.ashx?id=2963433&use=l&cat=p&typeid=i","cat":316071},{"id":101324,"n":"Assiettes plates kraft Homeside 23cm - x50","p":3.64,"u":"0,07 €/P","img":"https://fd11-photos.leclercdrive.fr/image.ashx?id=1660519&use=l&cat=p&typeid=i","cat":334134},{"id":101327,"n":"Yaourt à boire actimel nature 0%mg - 12x100g","p":4.86,"u":"4,05 €/KG","img":"https://fd11-photos.leclercdrive.fr/image.ashx?id=2996479&use=l&cat=p&typeid=i","cat":284415},{"id":101348,"n":"Barres Chocolatées KINDER BUENO  Chocolat au Lait x12 - 516g","p":8.35,"u":"16,18 €/KG","img":"https://fd11-photos.leclercdrive.fr/image.ashx?id=2402946&use=l&cat=p&typeid=i","cat":284498},{"id":101349,"n":"Crème dessert Danette Vanille - 6x125g","p":1.96,"u":"2,61 €/KG","img":"https://fd11-photos.leclercdrive.fr/image.ashx?id=2923498&use=l&cat=p&typeid=i","cat":285041},{"id":101350,"n":"liégeois vanille danette - 4x100g","p":1.41,"u":"3,53 €/KG","img":"https://fd11-photos.leclercdrive.fr/image.ashx?id=2907848&use=l&cat=p&typeid=i","cat":285042},{"id":101352,"n":"Crème dessert Danette  Chocolat - 6x125g","p":1.91,"u":"2,55 €/KG","img":"https://fd11-photos.leclercdrive.fr/image.ashx?id=2915395&use=l&cat=p&typeid=i","cat":285041},{"id":101415,"n":"Couteaux en bois Homeside x20","p":1.38,"u":"0,07 €/P","img":"https://fd11-photos.leclercdrive.fr/image.ashx?id=1663736&use=l&cat=p&typeid=i","cat":334134},{"id":101416,"n":"Fourchettes en bois Homeside x20","p":1.38,"u":"0,07 €/P","img":"https://fd11-photos.leclercdrive.fr/image.ashx?id=1663733&use=l&cat=p&typeid=i","cat":334134},{"id":101418,"n":"Cuillères en bois Homeside x20","p":1.38,"u":"0,07 €/P","img":"https://fd11-photos.leclercdrive.fr/image.ashx?id=1663730&use=l&cat=p&typeid=i","cat":334134},{"id":101426,"n":"Serviettes 3 plis Homeside noires - 40cm - x20","p":1.39,"u":"0,07 €/P","img":"https://fd11-photos.leclercdrive.fr/image.ashx?id=1660205&use=l&cat=p&typeid=i","cat":334134},{"id":101431,"n":"Plateau doré  33x43cm - x2","p":3.5,"u":"1,75 €/P","img":"https://fd11-photos.leclercdrive.fr/image.ashx?id=2940552&use=l&cat=p&typeid=i","cat":334134},{"id":101456,"n":"Barres Chocolatées KINDER Maxi Chocolat au Lait x18 - 378g","p":5.37,"u":"14,21 €/KG","img":"https://fd11-photos.leclercdrive.fr/image.ashx?id=2673854&use=l&cat=p&typeid=i","cat":284498},{"id":101461,"n":"Pâtes Collezione Barilla Fusilli Bucati Corti - 500g","p":1.46,"u":"2,92 €/KG","img":"https://fd11-photos.leclercdrive.fr/image.ashx?id=2991003&use=l&cat=p&typeid=i","cat":284427},{"id":101467,"n":"Nappe damassée Homeside Noire - 7m","p":2.96,"img":"https://fd11-photos.leclercdrive.fr/image.ashx?id=1659759&use=l&cat=p&typeid=i","cat":334134},{"id":101473,"n":"Petit Pois, Carotte Cassegrain Tendre et Fondant 265g","p":1.82,"u":"6,87 €/KG","img":"https://fd11-photos.leclercdrive.fr/image.ashx?id=2951692&use=l&cat=p&typeid=i","cat":312607},{"id":101483,"n":"Tablette chocolat Côte d'Or Chocolat noir 70% - 100g","p":1.81,"u":"18,10 €/KG","img":"https://fd11-photos.leclercdrive.fr/image.ashx?id=2985591&use=l&cat=p&typeid=i","cat":284956},{"id":101489,"n":"Feutres de coloriage Bic Kids - x24","p":2.6,"img":"https://fd11-photos.leclercdrive.fr/image.ashx?id=2871826&use=l&cat=p&typeid=i","cat":284696},{"id":101502,"n":"Crème dessert Danette Vanille - 4x125g","p":1.49,"u":"2,98 €/KG","img":"https://fd11-photos.leclercdrive.fr/image.ashx?id=2029487&use=l&cat=p&typeid=i","cat":285041},{"id":101580,"n":"Banane Bio Max Havelaar  Bio Village x5","p":1.99,"u":"0,40 €/P","img":"https://fd11-photos.leclercdrive.fr/image.ashx?id=2323988&use=l&cat=p&typeid=i","cat":284356},{"id":101620,"n":"Matière grasse Rustica Omega 3 50%MG -Doux -250G","p":0.99,"u":"3,96 €/KG","img":"https://fd11-photos.leclercdrive.fr/image.ashx?id=2904583&use=l&cat=p&typeid=i","cat":315229},{"id":101666,"n":"Flacon doseur 0,5L","p":1.75,"u":"3,50 €/L","img":"https://fd11-photos.leclercdrive.fr/image.ashx?id=2864885&use=l&cat=p&typeid=i","cat":334135},{"id":101667,"n":"Soupe liquide Bio Liebig  Mouliné de Légumes Verts - 1L","p":2.65,"u":"2,65 €/L","img":"https://fd11-photos.leclercdrive.fr/image.ashx?id=2643686&use=l&cat=p&typeid=i","cat":284462},{"id":101697,"n":"crème dessert chocolat noisette danette - 4x125g","p":1.57,"u":"3,14 €/KG","img":"https://fd11-photos.leclercdrive.fr/image.ashx?id=2902630&use=l&cat=p&typeid=i","cat":285041},{"id":101701,"n":"crème dessert chocolat caramel vanille danette - 12x115g","p":3.45,"u":"2,50 €/KG","img":"https://fd11-photos.leclercdrive.fr/image.ashx?id=2949844&use=l&cat=p&typeid=i","cat":285041},{"id":101702,"n":"Crème dessert Danette Caramel - 6x125g","p":2.37,"u":"3,16 €/KG","img":"https://fd11-photos.leclercdrive.fr/image.ashx?id=2915398&use=l&cat=p&typeid=i","cat":285041},{"id":101710,"n":"crème dessert chocolat noir danette - 4x125g","p":1.57,"u":"3,14 €/KG","img":"https://fd11-photos.leclercdrive.fr/image.ashx?id=2927294&use=l&cat=p&typeid=i","cat":285041},{"id":101712,"n":"crème dessert 3 chocolats danette - 12x115g","p":3.59,"u":"2,60 €/KG","img":"https://fd11-photos.leclercdrive.fr/image.ashx?id=2949847&use=l&cat=p&typeid=i","cat":285041},{"id":101715,"n":"Petit beurre Michel et Augustin Comté poivre noir - 100g","p":2.4,"u":"24,00 €/KG","img":"https://fd11-photos.leclercdrive.fr/image.ashx?id=2108975&use=l&cat=p&typeid=i","cat":297000},{"id":101762,"n":"Noix de St Jacques Eco+ Sans corail - MSC - 300g","p":6.85,"u":"22,83 €/KG","img":"https://fd11-photos.leclercdrive.fr/image.ashx?id=2790868&use=l&cat=p&typeid=i","cat":319787},{"id":101782,"n":"Crayon de couleur triangulaire Bic Intensity - x24","p":5.43,"img":"https://fd11-photos.leclercdrive.fr/image.ashx?id=2376509&use=l&cat=p&typeid=i","cat":284696},{"id":101884,"n":"Moule 9 muffins En silicone renforcé x1","p":7.5,"img":"https://fd11-photos.leclercdrive.fr/image.ashx?id=1943295&use=l&cat=p&typeid=i","cat":298490},{"id":101887,"n":"Moule à cake en silicone renforcé - 24cm -x1","p":7.5,"img":"https://fd11-photos.leclercdrive.fr/image.ashx?id=1864536&use=l&cat=p&typeid=i","cat":298490},{"id":101892,"n":"Demi-Grenailles Pom Bistro au Piment d'Espelette - 450g","p":3.73,"u":"8,29 €/KG","img":"https://fd11-photos.leclercdrive.fr/image.ashx?id=2866421&use=l&cat=p&typeid=i","cat":319792},{"id":102077,"n":"Champignons de Paris bruns bio Bio Village - Barquette 200g","p":2.49,"u":"12,45 €/KG","img":"https://fd11-photos.leclercdrive.fr/image.ashx?id=2960559&use=l&cat=p&typeid=i","cat":284352},{"id":102084,"n":"Feutres de coloriage Stabilo Trio A-Z pointe moyenne - x18","p":2.85,"img":"https://fd11-photos.leclercdrive.fr/image.ashx?id=2525282&use=l&cat=p&typeid=i","cat":284696},{"id":102103,"n":"Eau gazeuse St Yorre 6x1,15L","p":3.18,"u":"0,46 €/L","img":"https://fd11-photos.leclercdrive.fr/image.ashx?id=2877730&use=l&cat=p&typeid=i","cat":284536},{"id":102211,"n":"Boule à thé acier inoxydable Feuille silicone M24","p":1.95,"img":"https://fd11-photos.leclercdrive.fr/image.ashx?id=2022897&use=l&cat=p&typeid=i","cat":334135},{"id":102254,"n":"Riz à la provençale Bonduelle Au thon et au basilic - 500g","p":2.69,"u":"5,38 €/KG","img":"https://fd11-photos.leclercdrive.fr/image.ashx?id=2894170&use=l&cat=p&typeid=i","cat":333657},{"id":102265,"n":"Marqueur permanent Bic Pocket noir - 1 pièce","p":0.85,"img":"https://fd11-photos.leclercdrive.fr/image.ashx?id=2350753&use=l&cat=p&typeid=i","cat":284696},{"id":102374,"n":"Bière sans alcool Tourtel Twist Cerise 0,0° - 6x27,5cl","p":4.41,"u":"2,67 €/L","img":"https://fd11-photos.leclercdrive.fr/image.ashx?id=2688803&use=l&cat=p&typeid=i","cat":334877},{"id":102384,"n":"Porte-mines Matic Bic Fun - x5","p":2.1,"img":"https://fd11-photos.leclercdrive.fr/image.ashx?id=2318459&use=l&cat=p&typeid=i","cat":284696},{"id":102411,"n":"Feutres pour ardoise Bic Bleu - x8","p":2.29,"u":"0,29 €/P","img":"https://fd11-photos.leclercdrive.fr/image.ashx?id=2251643&use=l&cat=p&typeid=i","cat":334133},{"id":102415,"n":"Feutres pour ardoise Velleda Bic Assortiment - x8","p":1.59,"u":"0,20 €/P","img":"https://fd11-photos.leclercdrive.fr/image.ashx?id=2251625&use=l&cat=p&typeid=i","cat":334133},{"id":102480,"n":"Petits Suisses Gervais 9,5%MG - 12x60g","p":2.42,"u":"3,36 €/KG","img":"https://fd11-photos.leclercdrive.fr/image.ashx?id=2230381&use=l&cat=p&typeid=i","cat":284409},{"id":102667,"n":"Haricots verts D'Aucy Extra fin - 58cl - 280g","p":2.67,"u":"9,54 €/KG","img":"https://fd11-photos.leclercdrive.fr/image.ashx?id=2110005&use=l&cat=p&typeid=i","cat":312606},{"id":102669,"n":"Capsules café L'Or Espresso Or Rose N°7 x10","p":3.62,"u":"69,62 €/KG","img":"https://fd11-photos.leclercdrive.fr/image.ashx?id=2100290&use=l&cat=p&typeid=i","cat":284749},{"id":102676,"n":"Capsules café L'Or Barista Double Espresso N°7 x10","p":4.91,"u":"47,21 €/KG","img":"https://fd11-photos.leclercdrive.fr/image.ashx?id=1742978&use=l&cat=p&typeid=i","cat":284749},{"id":102699,"n":"Billes chocolatées Lindt Crispy céréales soufflées - 140g","p":2.69,"u":"19,21 €/KG","img":"https://fd11-photos.leclercdrive.fr/image.ashx?id=2425083&use=l&cat=p&typeid=i","cat":304238},{"id":102819,"n":"Panaché Falsbourg Grenadine <0,5% - 20x25cl","p":5.99,"u":"1,20 €/L","img":"https://fd11-photos.leclercdrive.fr/image.ashx?id=2637964&use=l&cat=p&typeid=i","cat":334877},{"id":103032,"n":"Baguette viennoise  La Boulangère - x6 - 510g","p":2.3,"pp":1.61,"u":"3,16 €/KG","img":"https://fd11-photos.leclercdrive.fr/image.ashx?id=2912413&use=l&cat=p&typeid=i","cat":284985},{"id":103036,"n":"Pâte brisée Marie Pur beurre - 230g","p":1.31,"u":"5,70 €/KG","img":"https://fd11-photos.leclercdrive.fr/image.ashx?id=2318540&use=l&cat=p&typeid=i","cat":333681},{"id":103047,"n":"Nutella Biscuit pâte à tartiner Cacao Noisettes - 304g","p":3.01,"u":"9,90 €/KG","img":"https://fd11-photos.leclercdrive.fr/image.ashx?id=2896432&use=l&cat=p&typeid=i","cat":284488},{"id":103063,"n":"Paille Pik Haribo Sachet bonbons acidulés - 180g","p":1.54,"u":"8,56 €/KG","img":"https://fd11-photos.leclercdrive.fr/image.ashx?id=2984922&use=l&cat=p&typeid=i","cat":304250},{"id":103078,"n":"Cocobat Haribo Sachet bonbons réglisse - 300g","p":1.72,"u":"5,73 €/KG","img":"https://fd11-photos.leclercdrive.fr/image.ashx?id=2805231&use=l&cat=p&typeid=i","cat":304250},{"id":103094,"n":"Crème légère semi épaisse  Bridélice 18%mg - 2x25cl","p":2.76,"u":"5,52 €/L","img":"https://fd11-photos.leclercdrive.fr/image.ashx?id=2806156&use=l&cat=p&typeid=i","cat":284381},{"id":103157,"n":"Rissolées Pom Bistro à la Graisse de Canard - 500g","p":3.48,"u":"6,96 €/KG","img":"https://fd11-photos.leclercdrive.fr/image.ashx?id=2866430&use=l&cat=p&typeid=i","cat":319792},{"id":103158,"n":"Tartine Grilletine de Pasquier Sans sucre ajouté - x18 - 255g","p":1.93,"u":"7,57 €/KG","img":"https://fd11-photos.leclercdrive.fr/image.ashx?id=2333057&use=l&cat=p&typeid=i","cat":284479},{"id":103184,"n":"IGP Cidre doux Val de Rance De Dégustation Bretagne - 75cl","p":2.6,"u":"3,47 €/L","img":"https://fd11-photos.leclercdrive.fr/image.ashx?id=2020722&use=l&cat=p&typeid=i","cat":334880},{"id":103185,"n":"Eau minérale naturelle Volvic fontaine - 8L","p":2.79,"u":"0,35 €/L","img":"https://fd11-photos.leclercdrive.fr/image.ashx?id=2771675&use=l&cat=p&typeid=i","cat":284535},{"id":103189,"n":"IGP Cidre Brut Val de Rance De dégustation Bretagne 75cl","p":2.6,"u":"3,47 €/L","img":"https://fd11-photos.leclercdrive.fr/image.ashx?id=2020719&use=l&cat=p&typeid=i","cat":334880},{"id":103191,"n":"Bière sans alcool Tourtel Twist Pêche 0,0° - 6x27,5cl","p":3.97,"u":"2,41 €/L","img":"https://fd11-photos.leclercdrive.fr/image.ashx?id=2896564&use=l&cat=p&typeid=i","cat":334877},{"id":103207,"n":"Noix de Cajou grillées Non salées - 175g","p":4.24,"u":"24,23 €/KG","img":"https://fd11-photos.leclercdrive.fr/image.ashx?id=2298541&use=l&cat=p&typeid=i","cat":316002},{"id":103285,"n":"Poisson pané Findus Colin  Alaska Fish and Chips x4 - 400g","p":2.84,"u":"7,10 €/KG","img":"https://fd11-photos.leclercdrive.fr/image.ashx?id=2985348&use=l&cat=p&typeid=i","cat":319788},{"id":103304,"n":"Litière chats Tranquille L'hygiène - 2.7kg","p":5.3,"u":"1,96 €/KG","img":"https://fd11-photos.leclercdrive.fr/image.ashx?id=1849639&use=l&cat=p&typeid=i","cat":284683},{"id":103308,"n":"Bière Desperados Red Fut - 5L","p":22.66,"u":"4,53 €/L","img":"https://fd11-photos.leclercdrive.fr/image.ashx?id=2770404&use=l&cat=p&typeid=i","cat":334879},{"id":103381,"n":"Whisky Grant's  Triple wood 40%vol - 70cl","p":12.39,"u":"17,70 €/L","img":"https://fd11-photos.leclercdrive.fr/image.ashx?id=2866022&use=l&cat=p&typeid=i","cat":284547},{"id":103384,"n":"IGP Whisky Grant's  Triple wood - 40%vol - 1L","p":17.14,"u":"17,14 €/L","img":"https://fd11-photos.leclercdrive.fr/image.ashx?id=2917531&use=l&cat=p&typeid=i","cat":284547},{"id":103436,"n":"Wrap au blé nature Mission 370g","p":3.06,"u":"8,27 €/KG","img":"https://fd11-photos.leclercdrive.fr/image.ashx?id=2890499&use=l&cat=p&typeid=i","cat":288993},{"id":103453,"n":"Panaché Falsbourg Grenadine - <0,5% vol. - 6x25cl","p":2.71,"u":"1,81 €/L","img":"https://fd11-photos.leclercdrive.fr/image.ashx?id=2637961&use=l&cat=p&typeid=i","cat":334877},{"id":103470,"n":"Croquettes chat Purina One Poulet chat adulte - 450g","p":2.55,"u":"5,67 €/KG","img":"https://fd11-photos.leclercdrive.fr/image.ashx?id=2902265&use=l&cat=p&typeid=i","cat":284680},{"id":103500,"n":"Panaché Falsbourg <0.5% vol. - 20x25cl","p":5.95,"u":"1,19 €/L","img":"https://fd11-photos.leclercdrive.fr/image.ashx?id=2637970&use=l&cat=p&typeid=i","cat":334877},{"id":103503,"n":"Capsules Nescafé Dolce Gusto  Espresso Intenso - x16","p":4.56,"u":"40,71 €/KG","img":"https://fd11-photos.leclercdrive.fr/image.ashx?id=3009110&use=l&cat=p&typeid=i","cat":293239},{"id":103505,"n":"Barre de céréales Nature Valley Protéine chocolat x4-160g","p":2.6,"u":"16,25 €/KG","img":"https://fd11-photos.leclercdrive.fr/image.ashx?id=2657000&use=l&cat=p&typeid=i","cat":285869},{"id":103509,"n":"Yaourt à boire Yop Aromatisé Fraise - 825g","p":1.7,"u":"2,06 €/KG","img":"https://fd11-photos.leclercdrive.fr/image.ashx?id=2855564&use=l&cat=p&typeid=i","cat":284415},{"id":103561,"n":"Barre de céréales Nature Valley  Protéine caramel salé x4 - 160","p":2.7,"u":"16,88 €/KG","img":"https://fd11-photos.leclercdrive.fr/image.ashx?id=2657003&use=l&cat=p&typeid=i","cat":285869},{"id":103563,"n":"Batonnets de glace Nuii Salted Caramel macadamia - 272g","p":4.3,"u":"15,81 €/KG","img":"https://fd11-photos.leclercdrive.fr/image.ashx?id=2506798&use=l&cat=p&typeid=i","cat":284265},{"id":103566,"n":"Batonnets de glaces Nuii Almond & java vanilla - x4","p":4.65,"u":"17,35 €/KG","img":"https://fd11-photos.leclercdrive.fr/image.ashx?id=2506801&use=l&cat=p&typeid=i","cat":284265},{"id":103619,"n":"Crème glacée Häagen-Dazs  Vanille - 400g","p":4.46,"u":"11,15 €/KG","img":"https://fd11-photos.leclercdrive.fr/image.ashx?id=2893429&use=l&cat=p&typeid=i","cat":284725},{"id":103622,"n":"Crème glacée Häagen-Dazs Caramel speculoos Lotus - 400g","p":4.54,"u":"11,35 €/KG","img":"https://fd11-photos.leclercdrive.fr/image.ashx?id=2893441&use=l&cat=p&typeid=i","cat":284725},{"id":103661,"n":"Crème glacée Häagen-Dazs  Vanille caramel brownie - 386g","p":4.69,"u":"12,15 €/KG","img":"https://fd11-photos.leclercdrive.fr/image.ashx?id=2893468&use=l&cat=p&typeid=i","cat":284725},{"id":103665,"n":"Mini pots Häagen-Dazs  Caramel attraction x4 - 318g","p":4.89,"u":"15,23 €/KG","img":"https://fd11-photos.leclercdrive.fr/image.ashx?id=2992852&use=l&cat=p&typeid=i","cat":284725},{"id":103680,"n":"Mini pots Häagen-Dazs Vanille  noix de macadamia x4 - 324g","p":4.89,"u":"15,09 €/KG","img":"https://fd11-photos.leclercdrive.fr/image.ashx?id=3000162&use=l&cat=p&typeid=i","cat":284725},{"id":103684,"n":"Mini pots Häagen-Dazs  Favorite selection x4 - 318g","p":4.39,"u":"13,81 €/KG","img":"https://fd11-photos.leclercdrive.fr/image.ashx?id=3000165&use=l&cat=p&typeid=i","cat":284725},{"id":103697,"n":"Dentifrice Integral 8 Signal Nature Elements Charbon 75ml","p":1.71,"u":"22,80 €/L","img":"https://fd11-photos.leclercdrive.fr/image.ashx?id=2974662&use=l&cat=p&typeid=i","cat":284612},{"id":103728,"n":"Shampoing Violet Elsève Color-Vive Déjaunisseur - 200ml","p":2.93,"u":"14,65 €/L","img":"https://fd11-photos.leclercdrive.fr/image.ashx?id=2278121&use=l&cat=p&typeid=i","cat":284606},{"id":103780,"n":"Pâte feuilletée Marie Pur beurre - 230g","p":1.31,"u":"5,70 €/KG","img":"https://fd11-photos.leclercdrive.fr/image.ashx?id=2318543&use=l&cat=p&typeid=i","cat":333681},{"id":103800,"n":"Bière blonde Leffe  6,6% - 12x25cl","p":9.25,"u":"3,08 €/L","img":"https://fd11-photos.leclercdrive.fr/image.ashx?id=2995424&use=l&cat=p&typeid=i","cat":334852},{"id":103818,"n":"Mangue Douceur du Verger Morceaux - 650g","p":5.71,"u":"8,78 €/KG","img":"https://fd11-photos.leclercdrive.fr/image.ashx?id=2898257&use=l&cat=p&typeid=i","cat":284268},{"id":103822,"n":"Pizza Crousti Moelleuse Extrême Marie Tartiflette - 550g","p":3.91,"u":"7,11 €/KG","img":"https://fd11-photos.leclercdrive.fr/image.ashx?id=2996764&use=l&cat=p&typeid=i","cat":284256},{"id":103826,"n":"Cône Extrême Vanille praline - x6 -426g","p":3.71,"u":"8,71 €/KG","img":"https://fd11-photos.leclercdrive.fr/image.ashx?id=2838422&use=l&cat=p&typeid=i","cat":284264},{"id":103890,"n":"Lasagnes au saumon Côté Table ASC - 300g","p":2.79,"u":"9,30 €/KG","img":"https://fd11-photos.leclercdrive.fr/image.ashx?id=2809879&use=l&cat=p&typeid=i","cat":284254},{"id":103891,"n":"Crème glacée Häagen-Dazs  Caramel au beurre salé - 400g","p":4.51,"u":"11,28 €/KG","img":"https://fd11-photos.leclercdrive.fr/image.ashx?id=2893435&use=l&cat=p&typeid=i","cat":284725},{"id":103918,"n":"Bâtonnets  Maple  Peanut Butter et candian - x4","p":4.66,"u":"1,17 €/P","img":"https://fd11-photos.leclercdrive.fr/image.ashx?id=2506810&use=l&cat=p&typeid=i","cat":284265},{"id":103919,"n":"Bâtonnets  Nuii Idaho Valley  Cookies mint x4 - 244g","p":4.36,"u":"17,87 €/KG","img":"https://fd11-photos.leclercdrive.fr/image.ashx?id=2506807&use=l&cat=p&typeid=i","cat":284265},{"id":103945,"n":"Escalope de dinde Le Gaulois Oui C'est Bon x2 - 240g","p":3.93,"u":"16,38 €/KG","img":"https://fd11-photos.leclercdrive.fr/image.ashx?id=2605580&use=l&cat=p&typeid=i","cat":284337},{"id":103993,"n":"IGP Méditerranée rosé St Sagnol - 75cl","p":3.64,"u":"4,85 €/L","img":"https://fd11-photos.leclercdrive.fr/image.ashx?id=2923768&use=l&cat=p&typeid=i","cat":289558},{"id":104008,"n":"Jus innocent tutti frutti 900ml","p":2.7,"u":"3,00 €/L","img":"https://fd11-photos.leclercdrive.fr/image.ashx?id=2861737&use=l&cat=p&typeid=i","cat":285435},{"id":104036,"n":"Jus innocent plus  énergie chérie 750ml","p":2.98,"u":"3,97 €/L","img":"https://fd11-photos.leclercdrive.fr/image.ashx?id=2901082&use=l&cat=p&typeid=i","cat":284354},{"id":104042,"n":"Croissants et pains au chocolat  10x1P","p":5.3,"u":"0,53 €/P","img":"https://fd11-photos.leclercdrive.fr/image.ashx?id=637558&use=l&cat=p&typeid=i","cat":284984},{"id":104062,"n":"Brioches Doowap Harrys X8 -320g Pépites choco sans additif","p":2.29,"u":"7,16 €/KG","img":"https://fd11-photos.leclercdrive.fr/image.ashx?id=2502998&use=l&cat=p&typeid=i","cat":293505},{"id":104089,"n":"AOP Champagne Fondateur Vranken Brut - 75cl","p":17.9,"u":"23,87 €/L","img":"https://fd11-photos.leclercdrive.fr/image.ashx?id=2662012&use=l&cat=p&typeid=i","cat":284542},{"id":104090,"n":"Bouillon Cube Bio Maggi Volaille - 80g","p":1.79,"u":"22,38 €/KG","img":"https://fd11-photos.leclercdrive.fr/image.ashx?id=2882923&use=l&cat=p&typeid=i","cat":288379},{"id":104091,"n":"Bouillon Bio Cube Maggi Légumes - 80g","p":1.79,"u":"22,38 €/KG","img":"https://fd11-photos.leclercdrive.fr/image.ashx?id=2737786&use=l&cat=p&typeid=i","cat":288379},{"id":104092,"n":"Tagada Zip Fraîcheur Haribo Sachet bonbons - 220g","p":1.3,"u":"5,91 €/KG","img":"https://fd11-photos.leclercdrive.fr/image.ashx?id=2802359&use=l&cat=p&typeid=i","cat":304250},{"id":104105,"n":"Cerneaux de noix pécan Vahiné 50g","p":1.81,"u":"36,20 €/KG","img":"https://fd11-photos.leclercdrive.fr/image.ashx?id=2474314&use=l&cat=p&typeid=i","cat":284504},{"id":104109,"n":"Les Timbales Gourmet Gold Boeuf plet saumon - 12x85g","p":6.66,"u":"6,53 €/KG","img":"https://fd11-photos.leclercdrive.fr/image.ashx?id=2861764&use=l&cat=p&typeid=i","cat":285286},{"id":104113,"n":"Brioches Doowap Harrys X12-480g Pépites choco sans additif","p":3.65,"u":"7,60 €/KG","img":"https://fd11-photos.leclercdrive.fr/image.ashx?id=2503001&use=l&cat=p&typeid=i","cat":293505},{"id":104114,"n":"Brioches Doowap Harrys X8 -320g Pépites choco lait sans additif","p":2.34,"u":"7,31 €/KG","img":"https://fd11-photos.leclercdrive.fr/image.ashx?id=2503004&use=l&cat=p&typeid=i","cat":293505},{"id":104115,"n":"Brioches Doowap Harrys X12-480g Pépites choco lait sans additif","p":3.66,"u":"7,63 €/KG","img":"https://fd11-photos.leclercdrive.fr/image.ashx?id=2503007&use=l&cat=p&typeid=i","cat":293505},{"id":104121,"n":"Noix de cajou Benenuts Grillées à sec -165g","p":4.83,"u":"29,27 €/KG","img":"https://fd11-photos.leclercdrive.fr/image.ashx?id=2391786&use=l&cat=p&typeid=i","cat":284448},{"id":104133,"n":"Pépites chocolat au lait Vahiné 200g","p":3.85,"u":"19,25 €/KG","img":"https://fd11-photos.leclercdrive.fr/image.ashx?id=2559784&use=l&cat=p&typeid=i","cat":284504},{"id":104188,"n":"Chips Tyrrell's Légèrement salées - 150g","p":2.19,"u":"14,60 €/KG","img":"https://fd11-photos.leclercdrive.fr/image.ashx?id=2924731&use=l&cat=p&typeid=i","cat":284447},{"id":104193,"n":"Coton-tiges Inell Recharge Tiges papier - x160","p":0.4,"img":"https://fd11-photos.leclercdrive.fr/image.ashx?id=2357704&use=l&cat=p&typeid=i","cat":284636},{"id":104194,"n":"Coton-tige Lotus Bio - x160 bâtonnets","p":0.75,"img":"https://fd11-photos.leclercdrive.fr/image.ashx?id=2506840&use=l&cat=p&typeid=i","cat":284636},{"id":104245,"n":"Pizzas Crousti Moelleuse Marie 4 fromages 2+1 offerte 1.530kg","p":6.7,"u":"4,38 €/KG","img":"https://fd11-photos.leclercdrive.fr/image.ashx?id=1876709&use=l&cat=p&typeid=i","cat":284256},{"id":104248,"n":"Pizzas Crousti Moelleuse Marie Extrême Américaine 2+ 1 offerte","p":6.55,"u":"4,12 €/KG","img":"https://fd11-photos.leclercdrive.fr/image.ashx?id=2996659&use=l&cat=p&typeid=i","cat":284256},{"id":104290,"n":"Pain de mie Schär - Vital Sans gluten - 350g","p":3.44,"u":"9,83 €/KG","img":"https://fd11-photos.leclercdrive.fr/image.ashx?id=2674890&use=l&cat=p&typeid=i","cat":318654},{"id":104293,"n":"Pépites chunks Vahine 3 chocolats - 100g","p":2.74,"u":"27,40 €/KG","img":"https://fd11-photos.leclercdrive.fr/image.ashx?id=2559871&use=l&cat=p&typeid=i","cat":284504},{"id":104349,"n":"AOP Cabernet d'Anjou rosé Plessis-Duval - 3L","p":15.44,"u":"5,15 €/L","img":"https://fd11-photos.leclercdrive.fr/image.ashx?id=2941038&use=l&cat=p&typeid=i","cat":289558},{"id":104468,"n":"Fromage apéritif Apéricube Long drink 48 cubes","p":4.17,"u":"16,68 €/KG","img":"https://fd11-photos.leclercdrive.fr/image.ashx?id=2882674&use=l&cat=p&typeid=i","cat":314027},{"id":104471,"n":"Fromage apéritif Apericube  Cocktail 48 cubes","p":4.17,"u":"16,68 €/KG","img":"https://fd11-photos.leclercdrive.fr/image.ashx?id=2882680&use=l&cat=p&typeid=i","cat":314027},{"id":104606,"n":"Truite fumée Landvika 2 minis tranches - 60g","p":2.55,"u":"42,50 €/KG","img":"https://fd11-photos.leclercdrive.fr/image.ashx?id=2917855&use=l&cat=p&typeid=i","cat":285188},{"id":104609,"n":"Thon entier Petit Navire Au naturel - MSC - 2x56g","p":2.45,"u":"21,88 €/KG","img":"https://fd11-photos.leclercdrive.fr/image.ashx?id=2909977&use=l&cat=p&typeid=i","cat":303867},{"id":104669,"n":"Bière blonde Bud 5% - 20x25cl","p":13.71,"u":"2,74 €/L","img":"https://fd11-photos.leclercdrive.fr/image.ashx?id=3009047&use=l&cat=p&typeid=i","cat":334873},{"id":104731,"n":"Cuisse de dinde Le Gaulois Oui c'est bon - x1 - 650g","p":4.26,"u":"6,55 €/KG","img":"https://fd11-photos.leclercdrive.fr/image.ashx?id=2605583&use=l&cat=p&typeid=i","cat":284337},{"id":104888,"n":"Miettes de Thon Eco + Huile - 104g","p":0.82,"u":"7,88 €/KG","img":"https://fd11-photos.leclercdrive.fr/image.ashx?id=2824241&use=l&cat=p&typeid=i","cat":303867},{"id":105136,"n":"Jambon supérieur Tradilège S/nitrite Découenne - x6 - 210g","p":2.79,"u":"13,29 €/KG","img":"https://fd11-photos.leclercdrive.fr/image.ashx?id=2991524&use=l&cat=p&typeid=i","cat":316009},{"id":105137,"n":"Jambon supérieur Tradilège Sans nitrite x4 - 140g","p":1.85,"u":"13,21 €/KG","img":"https://fd11-photos.leclercdrive.fr/image.ashx?id=2994381&use=l&cat=p&typeid=i","cat":316009},{"id":105139,"n":"Collant Body Touch Dim Opaque noir - Taille 1","p":8.95,"img":"https://fd11-photos.leclercdrive.fr/image.ashx?id=2876089&use=l&cat=p&typeid=i","cat":334130},{"id":105140,"n":"Jambon supérieur Tradilège Découenne S/nitrite - x2 - 70g","p":1.3,"u":"18,57 €/KG","img":"https://fd11-photos.leclercdrive.fr/image.ashx?id=2994378&use=l&cat=p&typeid=i","cat":316009},{"id":105178,"n":"Tortillas chorizo  Table du Monde - 500g","p":2.89,"u":"5,78 €/KG","img":"https://fd11-photos.leclercdrive.fr/image.ashx?id=1675409&use=l&cat=p&typeid=i","cat":333673},{"id":105181,"n":"Bière blonde bio Bio Village  5.5%vol -75cl","p":2.72,"u":"3,63 €/L","img":"https://fd11-photos.leclercdrive.fr/image.ashx?id=2579147&use=l&cat=p&typeid=i","cat":334873},{"id":105185,"n":"Compote Charles & Alice Pommes Myrtilles - 4x97g","p":1.78,"u":"4,59 €/KG","img":"https://fd11-photos.leclercdrive.fr/image.ashx?id=2900899&use=l&cat=p&typeid=i","cat":284416},{"id":105186,"n":"Compote Charles & Alice Pommes Cerises - 4x97g","p":1.69,"u":"4,36 €/KG","img":"https://fd11-photos.leclercdrive.fr/image.ashx?id=2757686&use=l&cat=p&typeid=i","cat":284416},{"id":105196,"n":"Dessert fruitier Fraise Andros En morceaux - 4x100g","p":2.4,"u":"6,00 €/KG","img":"https://fd11-photos.leclercdrive.fr/image.ashx?id=2845467&use=l&cat=p&typeid=i","cat":284416},{"id":105202,"n":"Collant Body Touch Dim Opaque noir - Taille 2","p":8.95,"img":"https://fd11-photos.leclercdrive.fr/image.ashx?id=2560654&use=l&cat=p&typeid=i","cat":334130},{"id":105203,"n":"Collant Body Touch Dim Opaque noir - Taille 3","p":8.95,"img":"https://fd11-photos.leclercdrive.fr/image.ashx?id=2560657&use=l&cat=p&typeid=i","cat":334130},{"id":105206,"n":"Collant Diam's opaque Dim Jambes fuselées Noir - Taille 1","p":8.72,"img":"https://fd11-photos.leclercdrive.fr/image.ashx?id=2639314&use=l&cat=p&typeid=i","cat":334130},{"id":105207,"n":"Collant Diam's opaque Dim Jambes fuselées Noir - Taille 2","p":8.72,"img":"https://fd11-photos.leclercdrive.fr/image.ashx?id=2639317&use=l&cat=p&typeid=i","cat":334130},{"id":105208,"n":"Collant Diam's opaque Dim Jambes fuselées noir - Taille 3","p":8.72,"img":"https://fd11-photos.leclercdrive.fr/image.ashx?id=2639320&use=l&cat=p&typeid=i","cat":334130},{"id":105209,"n":"Collant Diam's opaque Dim Jambes fuselées Noir - Taille 4","p":8.72,"img":"https://fd11-photos.leclercdrive.fr/image.ashx?id=2639323&use=l&cat=p&typeid=i","cat":334130},{"id":105211,"n":"Collant Beauty Resist Dim Opaque noir - Taille 1","p":6.17,"img":"https://fd11-photos.leclercdrive.fr/image.ashx?id=2534953&use=l&cat=p&typeid=i","cat":334130},{"id":105212,"n":"Collant Beauty Resist Dim Opaque noir - Taille 2","p":6.17,"img":"https://fd11-photos.leclercdrive.fr/image.ashx?id=2841006&use=l&cat=p&typeid=i","cat":334130},{"id":105213,"n":"Collant Beauty Resist Dim Opaque noir - Taille 3","p":6.17,"img":"https://fd11-photos.leclercdrive.fr/image.ashx?id=2534959&use=l&cat=p&typeid=i","cat":334130},{"id":105214,"n":"Boulettes Garden Gourmet légumes 200g","p":2.45,"u":"12,25 €/KG","img":"https://fd11-photos.leclercdrive.fr/image.ashx?id=2986903&use=l&cat=p&typeid=i","cat":316036},{"id":105215,"n":"Collant Beauty Resist Dim Opaque noir - Taille 4","p":6.17,"img":"https://fd11-photos.leclercdrive.fr/image.ashx?id=2841009&use=l&cat=p&typeid=i","cat":334130},{"id":105218,"n":"Poêlée de pâtes Coté Table Poulet/Champignon - 900g","p":3.89,"u":"4,32 €/KG","img":"https://fd11-photos.leclercdrive.fr/image.ashx?id=2626979&use=l&cat=p&typeid=i","cat":284254},{"id":105223,"n":"Glaces cônes Eco+ Vanille - x8 - 556g","p":1.95,"u":"3,51 €/KG","img":"https://fd11-photos.leclercdrive.fr/image.ashx?id=2742682&use=l&cat=p&typeid=i","cat":284264},{"id":105399,"n":"Lait demi-écrémé GrandLait Ferme sélectionnée - 1L","p":1.28,"u":"1,28 €/L","img":"https://fd11-photos.leclercdrive.fr/image.ashx?id=2916177&use=l&cat=p&typeid=i","cat":285609},{"id":105647,"n":"Lait brebis demi-écrémé Lactel UHT Bouteille - 1l","p":4.08,"u":"4,08 €/L","img":"https://fd11-photos.leclercdrive.fr/image.ashx?id=2876626&use=l&cat=p&typeid=i","cat":295251},{"id":105742,"n":"Poivre création moulin Ducros 34g","p":3.63,"u":"106,76 €/KG","img":"https://fd11-photos.leclercdrive.fr/image.ashx?id=2354407&use=l&cat=p&typeid=i","cat":284457},{"id":106006,"n":"Pur jus de pomme Jafaden 2L","p":2.29,"u":"1,15 €/L","img":"https://fd11-photos.leclercdrive.fr/image.ashx?id=2956774&use=l&cat=p&typeid=i","cat":284522},{"id":106026,"n":"Matière grasse Rustica cuisson et patisserie -500G","p":2.79,"u":"5,58 €/KG","img":"https://fd11-photos.leclercdrive.fr/image.ashx?id=2904586&use=l&cat=p&typeid=i","cat":315229},{"id":106050,"n":"Taille-crayon à 2 têtes Maped Bleu avec réserve igloo - x1","p":1.68,"img":"https://fd11-photos.leclercdrive.fr/image.ashx?id=1690526&use=l&cat=p&typeid=i","cat":334133},{"id":106059,"n":"Paire de ciseaux Zenoa Maped Asymétrique - Bleu - 13cm","p":1.89,"img":"https://fd11-photos.leclercdrive.fr/image.ashx?id=1690535&use=l&cat=p&typeid=i","cat":334133},{"id":106064,"n":"Paire de ciseaux Zenoa Maped Asymétrique - Orange - 13cm","p":1.89,"img":"https://fd11-photos.leclercdrive.fr/image.ashx?id=1690538&use=l&cat=p&typeid=i","cat":334133},{"id":106265,"n":"Edulcorant Pure Via Stick x40 - 60g","p":2.9,"u":"48,33 €/KG","img":"https://fd11-photos.leclercdrive.fr/image.ashx?id=2590598&use=l&cat=p&typeid=i","cat":324846},{"id":106269,"n":"Edulcorant Pure Via Boite de 65 morceaux - 130g","p":5.05,"u":"38,85 €/KG","img":"https://fd11-photos.leclercdrive.fr/image.ashx?id=2417291&use=l&cat=p&typeid=i","cat":324846},{"id":106271,"n":"Sucre Doypack Pure Via Poudre cristalisée - 250g","p":5.38,"u":"21,52 €/KG","img":"https://fd11-photos.leclercdrive.fr/image.ashx?id=2805381&use=l&cat=p&typeid=i","cat":324846},{"id":106471,"n":"Plat bébé soir Blédichef 15mois Poireau pomme de terre - 250g","p":1.75,"u":"7,00 €/KG","img":"https://fd11-photos.leclercdrive.fr/image.ashx?id=2143681&use=l&cat=p&typeid=i","cat":312239},{"id":106473,"n":"Repas bébé Blédichef 15 mois Patate légumes poulet - 250g","p":1.73,"u":"6,92 €/KG","img":"https://fd11-photos.leclercdrive.fr/image.ashx?id=2877703&use=l&cat=p&typeid=i","cat":312238},{"id":106474,"n":"Repas bébé Blédichef 15 mois Pdt champignon poulet - 250g","p":1.74,"u":"6,96 €/KG","img":"https://fd11-photos.leclercdrive.fr/image.ashx?id=2479685&use=l&cat=p&typeid=i","cat":312238},{"id":106477,"n":"Repas bébé Blédichef 18 mois  Blanquette de volaille - 250g","p":1.74,"u":"6,96 €/KG","img":"https://fd11-photos.leclercdrive.fr/image.ashx?id=2558861&use=l&cat=p&typeid=i","cat":312238},{"id":106481,"n":"Repas bébé Blédichef 24 mois  Riz légumes poulet curry - 250g","p":1.87,"u":"7,48 €/KG","img":"https://fd11-photos.leclercdrive.fr/image.ashx?id=2951590&use=l&cat=p&typeid=i","cat":312238},{"id":106600,"n":"Lait Lemiel Celia Croissance - 800g","p":14.01,"u":"17,51 €/KG","img":"https://fd11-photos.leclercdrive.fr/image.ashx?id=2975269&use=l&cat=p&typeid=i","cat":290219},{"id":106625,"n":"Lait lemiel age 1 Célia En poudre - 800g","p":17.74,"u":"22,18 €/KG","img":"https://fd11-photos.leclercdrive.fr/image.ashx?id=2977396&use=l&cat=p&typeid=i","cat":284726},{"id":106626,"n":"Lait lemiel age 2 Célia 800g","p":15.47,"u":"19,34 €/KG","img":"https://fd11-photos.leclercdrive.fr/image.ashx?id=2977399&use=l&cat=p&typeid=i","cat":284727},{"id":106627,"n":"Repas bébé Blédichef 15 mois Légumes viandes 2x230g - 2x250g","p":7.15,"u":"7,45 €/KG","img":"https://fd11-photos.leclercdrive.fr/image.ashx?id=2643752&use=l&cat=p&typeid=i","cat":312238},{"id":106732,"n":"Sirop La Maison Guiot Citron jaune de Sicile - 70cl","p":2.99,"u":"4,27 €/L","img":"https://fd11-photos.leclercdrive.fr/image.ashx?id=2857138&use=l&cat=p&typeid=i","cat":295020},{"id":106886,"n":"Petit suisse nature Gervais 9,5% MG - 6x60g","p":1.84,"u":"5,11 €/KG","img":"https://fd11-photos.leclercdrive.fr/image.ashx?id=2230384&use=l&cat=p&typeid=i","cat":284409},{"id":106979,"n":"Crème glacée Häagen-Dazs  Vanille cookie dough - 394g","p":5.03,"u":"12,77 €/KG","img":"https://fd11-photos.leclercdrive.fr/image.ashx?id=2893459&use=l&cat=p&typeid=i","cat":284725},{"id":106985,"n":"Mini pots Häagen-Dazs  Vanille Collection x4 - 321g","p":4.4,"u":"13,71 €/KG","img":"https://fd11-photos.leclercdrive.fr/image.ashx?id=2992858&use=l&cat=p&typeid=i","cat":284725},{"id":106987,"n":"Mini pots Häagen-Dazs Caramel  Beurre salé x4 - 324g","p":4.12,"u":"12,72 €/KG","img":"https://fd11-photos.leclercdrive.fr/image.ashx?id=2992849&use=l&cat=p&typeid=i","cat":284725},{"id":107140,"n":"Sablés Michel et Augustin Beaufort poivre blanc - 100g","p":2.4,"u":"24,00 €/KG","img":"https://fd11-photos.leclercdrive.fr/image.ashx?id=2108981&use=l&cat=p&typeid=i","cat":297000},{"id":107166,"n":"Faisselle Rians 6%mg - 6x100g","p":2.79,"u":"4,65 €/KG","img":"https://fd11-photos.leclercdrive.fr/image.ashx?id=2396701&use=l&cat=p&typeid=i","cat":284409},{"id":107384,"n":"Bacon Justin Bridou  16 Tranches - 160g","p":2.59,"u":"16,19 €/KG","img":"https://fd11-photos.leclercdrive.fr/image.ashx?id=2924110&use=l&cat=p&typeid=i","cat":316007},{"id":107762,"n":"Ardoise double face Esquisse Bleu - Feutre et effacette","p":1.55,"img":"https://fd11-photos.leclercdrive.fr/image.ashx?id=2943283&use=l&cat=p&typeid=i","cat":334133},{"id":107825,"n":"Bac gourmand Eskiss Vanille pécan - 500g","p":3.36,"u":"6,72 €/KG","img":"https://fd11-photos.leclercdrive.fr/image.ashx?id=2982640&use=l&cat=p&typeid=i","cat":284263},{"id":107833,"n":"Vin Union Européenne rosé BIB 5L","p":9.25,"u":"1,85 €/L","img":"https://fd11-photos.leclercdrive.fr/image.ashx?id=2116813&use=l&cat=p&typeid=i","cat":289560},{"id":107841,"n":"Bac gourmand Eskiss Crème brulée - 500g","p":4.36,"u":"8,72 €/KG","img":"https://fd11-photos.leclercdrive.fr/image.ashx?id=2982643&use=l&cat=p&typeid=i","cat":284263},{"id":107864,"n":"Bac gourmand Eskiss Café - 500g","p":2.99,"u":"5,98 €/KG","img":"https://fd11-photos.leclercdrive.fr/image.ashx?id=2982655&use=l&cat=p&typeid=i","cat":284263},{"id":107868,"n":"Bac gourmand Eskiss Chocolat Liegeois - 500g","p":2.99,"u":"5,98 €/KG","img":"https://fd11-photos.leclercdrive.fr/image.ashx?id=2982658&use=l&cat=p&typeid=i","cat":284263},{"id":107870,"n":"Bac gourmand Eskiss Vanille fruits rouge - 500g","p":3.49,"u":"6,98 €/KG","img":"https://fd11-photos.leclercdrive.fr/image.ashx?id=2982661&use=l&cat=p&typeid=i","cat":284263},{"id":108076,"n":"Stylo-bille 4 couleurs Bic   Argent  - shine -x1","p":2.49,"img":"https://fd11-photos.leclercdrive.fr/image.ashx?id=1555207&use=l&cat=p&typeid=i","cat":284696},{"id":108109,"n":"Agrafeuse Universal Maped Multicoloris 26/6 + 400 agrafes","p":7.77,"img":"https://fd11-photos.leclercdrive.fr/image.ashx?id=2510070&use=l&cat=p&typeid=i","cat":334133},{"id":108146,"n":"Boisson aux fruits Oasis Tropical - 2L","p":2.34,"u":"1,17 €/L","img":"https://fd11-photos.leclercdrive.fr/image.ashx?id=2996569&use=l&cat=p&typeid=i","cat":295018},{"id":108181,"n":"Tube de colle Uhu stic 2x21g","p":3.48,"img":"https://fd11-photos.leclercdrive.fr/image.ashx?id=1684914&use=l&cat=p&typeid=i","cat":334133},{"id":108250,"n":"California saumon x8 - 1p","p":6.5,"img":"https://fd11-photos.leclercdrive.fr/image.ashx?id=2539956&use=l&cat=p&typeid=i","cat":286791},{"id":108252,"n":"Sushi saumon x10","p":13.5,"u":"1,35 €/P","img":"https://fd11-photos.leclercdrive.fr/image.ashx?id=1895149&use=l&cat=p&typeid=i","cat":286791},{"id":108256,"n":"Assortiment sushi Fusion x24","p":19.5,"u":"0,81 €/P","img":"https://fd11-photos.leclercdrive.fr/image.ashx?id=2308126&use=l&cat=p&typeid=i","cat":286791},{"id":108418,"n":"Salade de choux  115g","p":2.5,"u":"21,74 €/KG","img":"https://fd11-photos.leclercdrive.fr/image.ashx?id=2308090&use=l&cat=p&typeid=i","cat":286791},{"id":108419,"n":"Crunch saumon x8 - 1p","p":7.99,"img":"https://fd11-photos.leclercdrive.fr/image.ashx?id=2539944&use=l&cat=p&typeid=i","cat":286791},{"id":108421,"n":"Matière grasse Primevere 63%MG - oméga 3 - 480g","p":5.34,"u":"11,13 €/KG","img":"https://fd11-photos.leclercdrive.fr/image.ashx?id=2936041&use=l&cat=p&typeid=i","cat":315229},{"id":108422,"n":"Matière grasse Primevere 63%MG - oméga 3 - 240g","p":2.71,"u":"11,29 €/KG","img":"https://fd11-photos.leclercdrive.fr/image.ashx?id=2979060&use=l&cat=p&typeid=i","cat":315229},{"id":108449,"n":"Déodorant spray Monsavon Fleur Lotus-200ml","p":1.89,"u":"9,45 €/L","img":"https://fd11-photos.leclercdrive.fr/image.ashx?id=2643914&use=l&cat=p&typeid=i","cat":284595},{"id":108498,"n":"Crème BB Hydrance Avène Légère - 40ml","p":16.49,"u":"412,25 €/L","img":"https://fd11-photos.leclercdrive.fr/image.ashx?id=2855906&use=l&cat=p&typeid=i","cat":291171},{"id":108530,"n":"Emulsion Hydrance Avène Légère SPF30 - 40ml","p":14.95,"u":"37,38 €/L","img":"https://fd11-photos.leclercdrive.fr/image.ashx?id=2854504&use=l&cat=p&typeid=i","cat":291171},{"id":108531,"n":"Crème riche Hydrance Avène Riche SPF30 - 40ml","p":14.95,"u":"373,75 €/L","img":"https://fd11-photos.leclercdrive.fr/image.ashx?id=2373543&use=l&cat=p&typeid=i","cat":291171},{"id":108568,"n":"Emulsion hydratante Avène Hydrance Légère - 40ml","p":14.48,"u":"362,00 €/L","img":"https://fd11-photos.leclercdrive.fr/image.ashx?id=2665655&use=l&cat=p&typeid=i","cat":291171},{"id":108571,"n":"Huile lavante La Roche Posay Lipikar AP  - 400ml","p":13.98,"u":"34,95 €/L","img":"https://fd11-photos.leclercdrive.fr/image.ashx?id=2741487&use=l&cat=p&typeid=i","cat":301591},{"id":108644,"n":"Crème Toleriane La Roche Posay Sensitive - 40ml","p":13.79,"u":"344,75 €/L","img":"https://fd11-photos.leclercdrive.fr/image.ashx?id=1991513&use=l&cat=p&typeid=i","cat":291171},{"id":108668,"n":"Bière blonde La Goudale 7.2% vol. - 50cl","p":1.54,"u":"3,08 €/L","img":"https://fd11-photos.leclercdrive.fr/image.ashx?id=2513658&use=l&cat=p&typeid=i","cat":334852},{"id":108673,"n":"Crème nutritive Avène Riche revitalisante - 50ml","p":22.99,"u":"459,80 €/L","img":"https://fd11-photos.leclercdrive.fr/image.ashx?id=2373546&use=l&cat=p&typeid=i","cat":291171},{"id":108674,"n":"Crème nutritive Avène Revitalisante - 50ml","p":22.99,"u":"459,80 €/L","img":"https://fd11-photos.leclercdrive.fr/image.ashx?id=2857320&use=l&cat=p&typeid=i","cat":291171},{"id":108692,"n":"Bâton de colle Uhu stic 9x8.2g+1x21g","p":7.99,"u":"84,11 €/KG","img":"https://fd11-photos.leclercdrive.fr/image.ashx?id=2901049&use=l&cat=p&typeid=i","cat":334133},{"id":108707,"n":"Filtres à café Uni vert Bruns n°4 - x80","p":1.33,"u":"0,02 €/P","img":"https://fd11-photos.leclercdrive.fr/image.ashx?id=2634878&use=l&cat=p&typeid=i","cat":284751},{"id":108711,"n":"Gel Douche Fa Crème Cacao coco flacon - 250ml","p":1.49,"u":"5,96 €/L","img":"https://fd11-photos.leclercdrive.fr/image.ashx?id=2995097&use=l&cat=p&typeid=i","cat":284594},{"id":108797,"n":"Limande Meunière MSC - 200g","p":4.44,"u":"22,20 €/KG","img":"https://fd11-photos.leclercdrive.fr/image.ashx?id=2417363&use=l&cat=p&typeid=i","cat":284344},{"id":108844,"n":"Plat bébé soir Blédichef 12mois Spaghetti crème légumes -2x230g","p":3.32,"u":"7,22 €/KG","img":"https://fd11-photos.leclercdrive.fr/image.ashx?id=2643494&use=l&cat=p&typeid=i","cat":312239},{"id":108997,"n":"Crème dessert Danette vanille chocolat -16x115g","p":4.84,"u":"2,63 €/KG","img":"https://fd11-photos.leclercdrive.fr/image.ashx?id=2949850&use=l&cat=p&typeid=i","cat":285041},{"id":109111,"n":"Calculette Texas Instrument TI-83 premium - Noir/Blanc","p":87.22,"u":"Dont 0,07 € d'éco-part.","img":"https://fd11-photos.leclercdrive.fr/image.ashx?id=2593974&use=l&cat=p&typeid=i","cat":334133},{"id":109120,"n":"Steaks hachés pur boeuf Charal VBF - 15%mg - 10x100g","p":14.21,"u":"14,21 €/KG","img":"https://fd11-photos.leclercdrive.fr/image.ashx?id=2095587&use=l&cat=p&typeid=i","cat":284332},{"id":109136,"n":"Bol carotte riz bio Bio Village Potimarron Dès 6 mois - 2x200g","p":2.19,"u":"5,48 €/KG","img":"https://fd11-photos.leclercdrive.fr/image.ashx?id=2704762&use=l&cat=p&typeid=i","cat":312239},{"id":109140,"n":"Dinde La Nouvelle Agriculture Sauté - 300g","p":3.77,"u":"12,57 €/KG","img":"https://fd11-photos.leclercdrive.fr/image.ashx?id=2364279&use=l&cat=p&typeid=i","cat":284337},{"id":109267,"n":"Panaché Force 4 0,4° - 10x25cl","p":4.17,"u":"1,67 €/L","img":"https://fd11-photos.leclercdrive.fr/image.ashx?id=2473321&use=l&cat=p&typeid=i","cat":334877},{"id":109274,"n":"Yaourt Enfant Petits Filous Aromatisé à la Fraise - 6x100g","p":2.78,"u":"4,63 €/KG","img":"https://fd11-photos.leclercdrive.fr/image.ashx?id=2748434&use=l&cat=p&typeid=i","cat":284415},{"id":109309,"n":"Bol semoule 8 mois Bio Village Bio Patate douce lait - 2x200g","p":2.49,"u":"6,23 €/KG","img":"https://fd11-photos.leclercdrive.fr/image.ashx?id=2704807&use=l&cat=p&typeid=i","cat":312239},{"id":109310,"n":"Bol Bio Village 6 mois bio Petits pois Riz Maïs - 2x200g","p":2.21,"u":"5,53 €/KG","img":"https://fd11-photos.leclercdrive.fr/image.ashx?id=2704819&use=l&cat=p&typeid=i","cat":312239},{"id":109317,"n":"Bol Bio village 6 mois Bio Ratatouille Quinoa - 2x200g","p":2.45,"u":"6,13 €/KG","img":"https://fd11-photos.leclercdrive.fr/image.ashx?id=2704822&use=l&cat=p&typeid=i","cat":312239},{"id":109321,"n":"Bol carotte tomates Bio Village Riz poulet bio 6 mois - 2x200g","p":2.49,"u":"6,23 €/KG","img":"https://fd11-photos.leclercdrive.fr/image.ashx?id=2704834&use=l&cat=p&typeid=i","cat":312235},{"id":109322,"n":"Bol legume vert riz Bio Village Saumon bio - 6 mois - 2x200g","p":2.55,"u":"6,38 €/KG","img":"https://fd11-photos.leclercdrive.fr/image.ashx?id=2704792&use=l&cat=p&typeid=i","cat":312235},{"id":109323,"n":"Rillettes thon blanc tomséchées Les Mouettes d'Arvor - 125g","p":3.09,"u":"24,72 €/KG","img":"https://fd11-photos.leclercdrive.fr/image.ashx?id=1901269&use=l&cat=p&typeid=i","cat":303867},{"id":109328,"n":"Rillettes Les Mouettes d'Arvor Thon poivre vert- 125g","p":2.94,"u":"23,52 €/KG","img":"https://fd11-photos.leclercdrive.fr/image.ashx?id=1901272&use=l&cat=p&typeid=i","cat":303867},{"id":109369,"n":"Panaché Falsbourg  <0.5% vol. - 10X25cl","p":2.99,"u":"1,20 €/L","img":"https://fd11-photos.leclercdrive.fr/image.ashx?id=2637967&use=l&cat=p&typeid=i","cat":334877},{"id":109398,"n":"Filet de poulet  La Nouvelle Agriculture x2 260g","p":4.76,"u":"18,31 €/KG","img":"https://fd11-photos.leclercdrive.fr/image.ashx?id=2629079&use=l&cat=p&typeid=i","cat":284336},{"id":109418,"n":"Rillettes de Thon MSC Ronde des Mers - 125g","p":1.69,"u":"13,52 €/KG","img":"https://fd11-photos.leclercdrive.fr/image.ashx?id=2436696&use=l&cat=p&typeid=i","cat":303867},{"id":109433,"n":"Mélange Gourmand Les Crudettes - 200g","p":1.98,"u":"9,90 €/KG","img":"https://fd11-photos.leclercdrive.fr/image.ashx?id=2217383&use=l&cat=p&typeid=i","cat":284353},{"id":109437,"n":"Repas bébé Blédichef 12 mois  Couscous - 2x230g","p":3.57,"u":"7,76 €/KG","img":"https://fd11-photos.leclercdrive.fr/image.ashx?id=2479706&use=l&cat=p&typeid=i","cat":312237},{"id":109441,"n":"Thon entier MSC Pêche Océan Naturel - 140g","p":2.17,"u":"15,50 €/KG","img":"https://fd11-photos.leclercdrive.fr/image.ashx?id=2942211&use=l&cat=p&typeid=i","cat":303867},{"id":109444,"n":"Bol brocolis Bio Village Pomme de terre bio 4mois 2x120g","p":1.45,"u":"6,04 €/KG","img":"https://fd11-photos.leclercdrive.fr/image.ashx?id=2704756&use=l&cat=p&typeid=i","cat":312234},{"id":109447,"n":"Bol carottes Bio Village Bio - 4 mois - 2x120g","p":1.25,"u":"5,21 €/KG","img":"https://fd11-photos.leclercdrive.fr/image.ashx?id=2704768&use=l&cat=p&typeid=i","cat":312239},{"id":109450,"n":"Bol haricots verts bio Bio Village - 4 mois - 2x120g","p":1.29,"u":"5,38 €/KG","img":"https://fd11-photos.leclercdrive.fr/image.ashx?id=2704777&use=l&cat=p&typeid=i","cat":312239},{"id":109452,"n":"Bol potiron courge bio Bio Village - 4 mois - 2x120g","p":1.45,"u":"6,04 €/KG","img":"https://fd11-photos.leclercdrive.fr/image.ashx?id=2704816&use=l&cat=p&typeid=i","cat":312234},{"id":109453,"n":"Bol petit pois bio Bio Village - 4 mois - 2x120g","p":1.45,"u":"6,04 €/KG","img":"https://fd11-photos.leclercdrive.fr/image.ashx?id=2704810&use=l&cat=p&typeid=i","cat":312234},{"id":109555,"n":"Poudre à lever Bio Village Bio - 5x35g","p":0.72,"u":"20,57 €/KG","img":"https://fd11-photos.leclercdrive.fr/image.ashx?id=1694832&use=l&cat=p&typeid=i","cat":284504},{"id":109564,"n":"AdBlue Diframa avec flexible 10L","p":14.9,"u":"1,49 €/L","img":"https://fd11-photos.leclercdrive.fr/image.ashx?id=1863624&use=l&cat=p&typeid=i","cat":298253},{"id":109565,"n":"Thon entier MSC Pêche Océan Naturel - 93g","p":1.99,"u":"21,40 €/KG","img":"https://fd11-photos.leclercdrive.fr/image.ashx?id=2942217&use=l&cat=p&typeid=i","cat":303867},{"id":109567,"n":"AdBlue Diframa avec flexible 5L","p":6.9,"u":"1,38 €/L","img":"https://fd11-photos.leclercdrive.fr/image.ashx?id=1867723&use=l&cat=p&typeid=i","cat":298253},{"id":109607,"n":"Skyr Danone nature 0%mg - 480g","p":3.13,"u":"6,52 €/KG","img":"https://fd11-photos.leclercdrive.fr/image.ashx?id=2810615&use=l&cat=p&typeid=i","cat":284409},{"id":109666,"n":"Café en grains L'OR Sélection 100% Arabica N° 6 1kg","p":18.26,"u":"18,26 €/KG","img":"https://fd11-photos.leclercdrive.fr/image.ashx?id=3000483&use=l&cat=p&typeid=i","cat":293237},{"id":109742,"n":"Jus pour bébé NATURNES BIO Poire Abricot 6M+ - 20cl","p":0.95,"u":"4,75 €/L","img":"https://fd11-photos.leclercdrive.fr/image.ashx?id=2532258&use=l&cat=p&typeid=i","cat":312388},{"id":109753,"n":"Sauce crudité Amora Nature - 380ml","p":1.82,"u":"4,79 €/KG","img":"https://fd11-photos.leclercdrive.fr/image.ashx?id=2644995&use=l&cat=p&typeid=i","cat":284456},{"id":109761,"n":"Assiette dessert Luminarc 19cm Harena noir - 1 pièce","p":1.4,"img":"https://fd11-photos.leclercdrive.fr/image.ashx?id=1854551&use=l&cat=p&typeid=i","cat":334134},{"id":109763,"n":"Assiette dessert Eco+ Opale 20cm - 1 pièce","p":0.77,"img":"https://fd11-photos.leclercdrive.fr/image.ashx?id=1706760&use=l&cat=p&typeid=i","cat":334134},{"id":109764,"n":"Assiette creuse Eco+ Ronda 20cm - 1 pièce","p":0.77,"img":"https://fd11-photos.leclercdrive.fr/image.ashx?id=1707697&use=l&cat=p&typeid=i","cat":334134},{"id":109766,"n":"Assiette dessert Ardence 20 cm rouge faïence - 1 pièce","p":1.9,"img":"https://fd11-photos.leclercdrive.fr/image.ashx?id=1706766&use=l&cat=p&typeid=i","cat":334134},{"id":109892,"n":"Soda Coca-Cola Cherry Bouteille - 1,25L","p":1.75,"u":"1,40 €/L","img":"https://fd11-photos.leclercdrive.fr/image.ashx?id=2678161&use=l&cat=p&typeid=i","cat":284530},{"id":109893,"n":"Soda Coca-Cola Vanille Bouteille - 1,25L","p":1.75,"u":"1,40 €/L","img":"https://fd11-photos.leclercdrive.fr/image.ashx?id=2678164&use=l&cat=p&typeid=i","cat":284530},{"id":110000,"n":"Cornichons fins AMORA Bocal - 540g","p":3.77,"u":"6,98 €/KG","img":"https://fd11-photos.leclercdrive.fr/image.ashx?id=2672710&use=l&cat=p&typeid=i","cat":284458},{"id":110007,"n":"Tam Tam l'Original Saint-Michel - 275g","p":1.97,"u":"7,16 €/KG","img":"https://fd11-photos.leclercdrive.fr/image.ashx?id=2936239&use=l&cat=p&typeid=i","cat":284495},{"id":110009,"n":"Boisson végétale Bio Village Epeautre bio - 1l","p":1.9,"u":"1,90 €/L","img":"https://fd11-photos.leclercdrive.fr/image.ashx?id=2384935&use=l&cat=p&typeid=i","cat":316067},{"id":110039,"n":"Boisson amande Nat & Vie Sans sucre - 1L","p":1.36,"u":"1,36 €/L","img":"https://fd11-photos.leclercdrive.fr/image.ashx?id=2882340&use=l&cat=p&typeid=i","cat":316067},{"id":110066,"n":"Mini Pizza Jambon Fromage Turini x9 - 270g","p":2.15,"u":"7,96 €/KG","img":"https://fd11-photos.leclercdrive.fr/image.ashx?id=1702044&use=l&cat=p&typeid=i","cat":319822},{"id":110071,"n":"Mini Pizzas Fromage Turini  x9 - 270g","p":2.09,"u":"7,74 €/KG","img":"https://fd11-photos.leclercdrive.fr/image.ashx?id=1702062&use=l&cat=p&typeid=i","cat":319822},{"id":110121,"n":"Whisky Aberlour 10 ans Forest Single Malt Scotch 40% vol 70cl","p":24.9,"u":"35,57 €/L","img":"https://fd11-photos.leclercdrive.fr/image.ashx?id=3014871&use=l&cat=p&typeid=i","cat":284547},{"id":110130,"n":"Dessert lacté Bio Village Bio - Abricot 6-9 mois 4x100g","p":2.04,"u":"5,10 €/KG","img":"https://fd11-photos.leclercdrive.fr/image.ashx?id=2709752&use=l&cat=p&typeid=i","cat":312392},{"id":110133,"n":"Dessert lacté bio Bio Village Fraise brassé - 6-9 mois 4x100g","p":2.09,"u":"5,23 €/KG","img":"https://fd11-photos.leclercdrive.fr/image.ashx?id=2709755&use=l&cat=p&typeid=i","cat":312392},{"id":110134,"n":"Dessert lacté Bio Village Bio  6-9 mois 4x100g","p":2.12,"u":"5,30 €/KG","img":"https://fd11-photos.leclercdrive.fr/image.ashx?id=2709758&use=l&cat=p&typeid=i","cat":312392},{"id":110139,"n":"Dessert lacté bio Bio Village Brassé nature sucré - 4x100g","p":2.12,"u":"5,30 €/KG","img":"https://fd11-photos.leclercdrive.fr/image.ashx?id=2709761&use=l&cat=p&typeid=i","cat":312392},{"id":110143,"n":"Bol carotte bio Bio Village Pomme de terre saumon 2x200g","p":2.65,"u":"6,63 €/KG","img":"https://fd11-photos.leclercdrive.fr/image.ashx?id=2704765&use=l&cat=p&typeid=i","cat":312236},{"id":110145,"n":"Bol courgette Bio Village Riz veau bio - 12 mois - 200g","p":2.69,"u":"6,73 €/KG","img":"https://fd11-photos.leclercdrive.fr/image.ashx?id=2704774&use=l&cat=p&typeid=i","cat":312237},{"id":110147,"n":"Bol boulghour bio Bio Village Carotte Boeuf 12 mois 2x200g","p":2.69,"u":"6,73 €/KG","img":"https://fd11-photos.leclercdrive.fr/image.ashx?id=2704759&use=l&cat=p&typeid=i","cat":312237},{"id":110150,"n":"Bol légumes  Bio Village Bio Poulet - 8mois - 2x200g","p":2.49,"u":"6,23 €/KG","img":"https://fd11-photos.leclercdrive.fr/image.ashx?id=2704780&use=l&cat=p&typeid=i","cat":312236},{"id":110159,"n":"Bol légumes saumon Bio Village Bio - 12 mois - 2x200g","p":2.69,"u":"6,73 €/KG","img":"https://fd11-photos.leclercdrive.fr/image.ashx?id=2704783&use=l&cat=p&typeid=i","cat":312237},{"id":110164,"n":"Bol légumes vert Bio Village Pâtes dinde bio 8 mois - 2x200g","p":2.59,"u":"6,48 €/KG","img":"https://fd11-photos.leclercdrive.fr/image.ashx?id=2704789&use=l&cat=p&typeid=i","cat":312236},{"id":110165,"n":"Repas bébé bio Bio Village Légumes à la provençale 2x120g","p":1.45,"u":"6,04 €/KG","img":"https://fd11-photos.leclercdrive.fr/image.ashx?id=2704786&use=l&cat=p&typeid=i","cat":312239},{"id":110169,"n":"Bol panais Bio Village 4 mois bio - 2x120g","p":1.45,"u":"6,04 €/KG","img":"https://fd11-photos.leclercdrive.fr/image.ashx?id=2704798&use=l&cat=p&typeid=i","cat":312234},{"id":110170,"n":"Bol panais carotte Bio Village Poulet bio - 12 mois - 2x200g","p":2.69,"u":"6,73 €/KG","img":"https://fd11-photos.leclercdrive.fr/image.ashx?id=2704801&use=l&cat=p&typeid=i","cat":312237},{"id":110171,"n":"Bol Bio Village Patate douce bio 4 mois 2x120g","p":1.43,"u":"5,96 €/KG","img":"https://fd11-photos.leclercdrive.fr/image.ashx?id=2704804&use=l&cat=p&typeid=i","cat":312239},{"id":110177,"n":"Bol Bio Village Pot au feu bio 8 mois - 2x200g","p":2.57,"u":"6,43 €/KG","img":"https://fd11-photos.leclercdrive.fr/image.ashx?id=2704813&use=l&cat=p&typeid=i","cat":312236},{"id":110178,"n":"Radis ronds  Panier du Primeur - 250g","p":0.99,"u":"3,96 €/KG","img":"https://fd11-photos.leclercdrive.fr/image.ashx?id=3015117&use=l&cat=p&typeid=i","cat":284352},{"id":110179,"n":"Bol risotto Tomate Bio Village Aubergine bio - 2x200g","p":2.55,"u":"6,38 €/KG","img":"https://fd11-photos.leclercdrive.fr/image.ashx?id=2704825&use=l&cat=p&typeid=i","cat":312237},{"id":110182,"n":"Bol Spaghetti Bio Village 8mois Bio Bolognaise - 2x200g","p":2.59,"u":"6,48 €/KG","img":"https://fd11-photos.leclercdrive.fr/image.ashx?id=2704828&use=l&cat=p&typeid=i","cat":312236},{"id":110186,"n":"Bol légume soleil Bio Village Pâtes bio - 12 mois 2x200g","p":2.55,"u":"6,38 €/KG","img":"https://fd11-photos.leclercdrive.fr/image.ashx?id=2704831&use=l&cat=p&typeid=i","cat":312239},{"id":110566,"n":"Crème dépilatoire Veet Men Corps Peaux Sensibles 200ml","p":4.12,"u":"20,60 €/L","img":"https://fd11-photos.leclercdrive.fr/image.ashx?id=2965689&use=l&cat=p&typeid=i","cat":284617},{"id":110568,"n":"Gel Lubrifiant Intime Durex Naturel Confort Base Eau 100ml","p":7.15,"u":"71,50 €/L","img":"https://fd11-photos.leclercdrive.fr/image.ashx?id=2960687&use=l&cat=p&typeid=i","cat":285160},{"id":110590,"n":"Recharge Électrique Glade Bois de Santal & Jasmin 20ml","p":3.84,"img":"https://fd11-photos.leclercdrive.fr/image.ashx?id=2600773&use=l&cat=p&typeid=i","cat":311629},{"id":110595,"n":"Gel Lave-Vaisselle Sun Tout-en-1 Expert Plus 52 Lavage","p":7.9,"u":"8,78 €/L","img":"https://fd11-photos.leclercdrive.fr/image.ashx?id=2835580&use=l&cat=p&typeid=i","cat":284656},{"id":110596,"n":"Poudre Lave Vaisselle Sun Classique 90 Lavages","p":8.53,"u":"2,99 €/KG","img":"https://fd11-photos.leclercdrive.fr/image.ashx?id=2866172&use=l&cat=p&typeid=i","cat":284656},{"id":110649,"n":"Assiette creuse Ardence Forme coupe - 1 pièce","p":1.99,"img":"https://fd11-photos.leclercdrive.fr/image.ashx?id=1704314&use=l&cat=p&typeid=i","cat":334134},{"id":110654,"n":"Carafe sans bouchon Luminarc 1L - 1 pièce","p":3.15,"img":"https://fd11-photos.leclercdrive.fr/image.ashx?id=1853100&use=l&cat=p&typeid=i","cat":334134},{"id":110656,"n":"Bocal Le Parfait Super 1/2 litre - Pack de 6","p":13.6,"u":"2,27 €/P","img":"https://fd11-photos.leclercdrive.fr/image.ashx?id=2807462&use=l&cat=p&typeid=i","cat":284710},{"id":110659,"n":"Bocal Le Parfait Super 1 litre - Pack de 6","p":15.14,"u":"2,52 €/P","img":"https://fd11-photos.leclercdrive.fr/image.ashx?id=2807468&use=l&cat=p&typeid=i","cat":284710},{"id":110664,"n":"Bol parisien Eco+ Transparent 51cl - 1 pièce","p":1.08,"img":"https://fd11-photos.leclercdrive.fr/image.ashx?id=1704284&use=l&cat=p&typeid=i","cat":334134},{"id":110665,"n":"Assiette plate Opale Eco+ 24cm - 1 pièce","p":0.77,"img":"https://fd11-photos.leclercdrive.fr/image.ashx?id=1704287&use=l&cat=p&typeid=i","cat":334134},{"id":110678,"n":"Bouillon cube Bio Village Volaille Bio - x8 - 80g","p":1.43,"u":"17,88 €/KG","img":"https://fd11-photos.leclercdrive.fr/image.ashx?id=2140950&use=l&cat=p&typeid=i","cat":288379},{"id":110682,"n":"Saladier Eco+ 23cm - 1 pièce","p":1.77,"img":"https://fd11-photos.leclercdrive.fr/image.ashx?id=1704281&use=l&cat=p&typeid=i","cat":334134},{"id":110707,"n":"Beurre gastronomique Les Croisé Doux - 82% MG - 250g","p":2.49,"u":"9,96 €/KG","img":"https://fd11-photos.leclercdrive.fr/image.ashx?id=2833005&use=l&cat=p&typeid=i","cat":284379},{"id":110708,"n":"Beurre Les Croisés Demi-sel - 80% MG - 250g","p":2.49,"u":"9,96 €/KG","img":"https://fd11-photos.leclercdrive.fr/image.ashx?id=2778084&use=l&cat=p&typeid=i","cat":284379},{"id":110712,"n":"Boisson lacté Délisse Vanille - 6x20cl","p":2.19,"u":"1,83 €/L","img":"https://fd11-photos.leclercdrive.fr/image.ashx?id=2171916&use=l&cat=p&typeid=i","cat":295246},{"id":110767,"n":"Tasse Ardence 9cl - 1 pièce","p":0.9,"img":"https://fd11-photos.leclercdrive.fr/image.ashx?id=1704508&use=l&cat=p&typeid=i","cat":334134},{"id":110776,"n":"Eplucheur Ardence 1 pièce","p":2.9,"img":"https://fd11-photos.leclercdrive.fr/image.ashx?id=1704556&use=l&cat=p&typeid=i","cat":334135},{"id":110786,"n":"Plat à cake porcelaine 1 pièce","p":4.0,"img":"https://fd11-photos.leclercdrive.fr/image.ashx?id=1704547&use=l&cat=p&typeid=i","cat":334134},{"id":110813,"n":"Coupelle Ardence 1 pièce","p":1.2,"img":"https://fd11-photos.leclercdrive.fr/image.ashx?id=1705093&use=l&cat=p&typeid=i","cat":334134},{"id":110827,"n":"Jus pour bébé Naturnes Bio Pomme mangue 6M+ 20cl","p":0.78,"u":"3,90 €/L","img":"https://fd11-photos.leclercdrive.fr/image.ashx?id=2406235&use=l&cat=p&typeid=i","cat":312388},{"id":110849,"n":"Dentifrice Bionaïa Charbon bio - 75ml","p":1.99,"u":"26,53 €/L","img":"https://fd11-photos.leclercdrive.fr/image.ashx?id=2529546&use=l&cat=p&typeid=i","cat":284612},{"id":110856,"n":"Pack bières blondes 8.6 8.6%vol - 4x50cl","p":5.24,"u":"2,62 €/L","img":"https://fd11-photos.leclercdrive.fr/image.ashx?id=2841601&use=l&cat=p&typeid=i","cat":334853},{"id":110857,"n":"Boisson effervescente base vin Désalcoolisé Diane D’Arria 75cl","p":2.79,"u":"3,72 €/L","img":"https://fd11-photos.leclercdrive.fr/image.ashx?id=2149728&use=l&cat=p&typeid=i","cat":289460},{"id":110858,"n":"Jus pour bébé Naturnes 6 mois Poire Banane Bio - 200ml","p":0.97,"u":"4,85 €/L","img":"https://fd11-photos.leclercdrive.fr/image.ashx?id=2406238&use=l&cat=p&typeid=i","cat":312388},{"id":110859,"n":"Bières blonde original 8.6 8.6%vol - 50cl","p":1.32,"u":"2,64 €/L","img":"https://fd11-photos.leclercdrive.fr/image.ashx?id=2112516&use=l&cat=p&typeid=i","cat":334853},{"id":110865,"n":"Le kebab lamelles France Kebab Sans conservateurs 400g","p":6.21,"u":"15,53 €/KG","img":"https://fd11-photos.leclercdrive.fr/image.ashx?id=2288422&use=l&cat=p&typeid=i","cat":null},{"id":110882,"n":"Compote bébé Babybio  6mois Bio Pomme Banane Lait  Coco 260g","p":2.23,"u":"8,58 €/KG","img":"https://fd11-photos.leclercdrive.fr/image.ashx?id=2827515&use=l&cat=p&typeid=i","cat":312388},{"id":110884,"n":"Viande hachée Bio Yooji Dinde - 6 mois et   - 120g","p":4.57,"u":"38,08 €/KG","img":"https://fd11-photos.leclercdrive.fr/image.ashx?id=2575738&use=l&cat=p&typeid=i","cat":290631},{"id":111085,"n":"Gourde bébé bio Babybio kiwi, Mangue, Coco 6 mois 360g","p":3.79,"u":"10,53 €/KG","img":"https://fd11-photos.leclercdrive.fr/image.ashx?id=2858237&use=l&cat=p&typeid=i","cat":312393},{"id":111207,"n":"Jenlain ambrée 75cl","p":2.84,"u":"3,79 €/L","img":"https://fd11-photos.leclercdrive.fr/image.ashx?id=2732848&use=l&cat=p&typeid=i","cat":334852},{"id":111211,"n":"Pain de mie La Boulangère Seigle graines - 500g","p":1.91,"u":"3,82 €/KG","img":"https://fd11-photos.leclercdrive.fr/image.ashx?id=2912425&use=l&cat=p&typeid=i","cat":284477},{"id":111363,"n":"Allumettes Eco+ Nature - 2x100g","p":1.19,"u":"5,95 €/KG","img":"https://fd11-photos.leclercdrive.fr/image.ashx?id=2688255&use=l&cat=p&typeid=i","cat":316011},{"id":111369,"n":"Allumettes Eco+ Fumées - 2x100g","p":1.17,"u":"5,85 €/KG","img":"https://fd11-photos.leclercdrive.fr/image.ashx?id=2688258&use=l&cat=p&typeid=i","cat":316011},{"id":111414,"n":"Repas bébé Blédichef 12 mois  Spaghetti bolognaise - 230g","p":1.65,"u":"7,17 €/KG","img":"https://fd11-photos.leclercdrive.fr/image.ashx?id=2643491&use=l&cat=p&typeid=i","cat":312237},{"id":111415,"n":"Repas bébé Blédichef 12 mois Purée épinards saumon - 230g","p":1.62,"u":"6,48 €/KG","img":"https://fd11-photos.leclercdrive.fr/image.ashx?id=1710731&use=l&cat=p&typeid=i","cat":312237},{"id":111418,"n":"Repas bébé Blédichef 15 mois Risotto courgette saumon - 250g","p":1.86,"u":"7,44 €/KG","img":"https://fd11-photos.leclercdrive.fr/image.ashx?id=2643488&use=l&cat=p&typeid=i","cat":312238},{"id":111419,"n":"Repas bébé Blédichef 24 mois  Macaroni carotte boeuf - 250g","p":1.93,"u":"7,72 €/KG","img":"https://fd11-photos.leclercdrive.fr/image.ashx?id=2951593&use=l&cat=p&typeid=i","cat":312238},{"id":111422,"n":"Compotes Pom'Potes Gourdes  Pomm P. Frais P. Framb - 32x90g","p":12.01,"u":"4,17 €/KG","img":"https://fd11-photos.leclercdrive.fr/image.ashx?id=2870182&use=l&cat=p&typeid=i","cat":284508},{"id":111424,"n":"Repas bébé Blédichef 12 mois  Hachis parmentier - 230g","p":1.61,"u":"7,00 €/KG","img":"https://fd11-photos.leclercdrive.fr/image.ashx?id=2478571&use=l&cat=p&typeid=i","cat":312237},{"id":111425,"n":"Chips lentilles Vico Fines herbes - 85g","p":1.54,"u":"18,12 €/KG","img":"https://fd11-photos.leclercdrive.fr/image.ashx?id=3000096&use=l&cat=p&typeid=i","cat":284447},{"id":111426,"n":"Chips lentille Vico Tomate mozzarella - 85g","p":1.54,"u":"18,12 €/KG","img":"https://fd11-photos.leclercdrive.fr/image.ashx?id=2989255&use=l&cat=p&typeid=i","cat":284447},{"id":111432,"n":"Plat bébé soir Blédichef 15mois Pomme de terre chou fleur -250g","p":1.83,"u":"7,32 €/KG","img":"https://fd11-photos.leclercdrive.fr/image.ashx?id=2479018&use=l&cat=p&typeid=i","cat":312239},{"id":111433,"n":"Repas bébé Blédichef 18 mois  Paëlla - 250g","p":1.83,"u":"7,32 €/KG","img":"https://fd11-photos.leclercdrive.fr/image.ashx?id=2951587&use=l&cat=p&typeid=i","cat":312238},{"id":111435,"n":"Repas bébé Blédichef 18 mois  Ratatouille poulet - 250g","p":1.82,"u":"7,28 €/KG","img":"https://fd11-photos.leclercdrive.fr/image.ashx?id=2951596&use=l&cat=p&typeid=i","cat":312238},{"id":111454,"n":"Céréales Babybio Bio Dès 6 mois Céréales 3 fruits - 220g","p":3.96,"u":"18,00 €/KG","img":"https://fd11-photos.leclercdrive.fr/image.ashx?id=2837754&use=l&cat=p&typeid=i","cat":312225},{"id":111455,"n":"Pot bébé truite 6-9mois Babybio Carotte potimarron bio - 2x200g","p":3.19,"u":"7,98 €/KG","img":"https://fd11-photos.leclercdrive.fr/image.ashx?id=2857344&use=l&cat=p&typeid=i","cat":312236},{"id":111587,"n":"Café dosettes Tassimo L'Or XL Classique x16","p":4.75,"u":"34,93 €/KG","img":"https://fd11-photos.leclercdrive.fr/image.ashx?id=2100308&use=l&cat=p&typeid=i","cat":293240},{"id":111590,"n":"Capsules café L'Or Espresso Lungo Mattinata N°5 x10","p":3.59,"u":"69,04 €/KG","img":"https://fd11-photos.leclercdrive.fr/image.ashx?id=3002309&use=l&cat=p&typeid=i","cat":284749},{"id":111828,"n":"Compote Charles & Alice Pommes Framboises - 4x100g","p":1.7,"u":"4,25 €/KG","img":"https://fd11-photos.leclercdrive.fr/image.ashx?id=2757341&use=l&cat=p&typeid=i","cat":284416},{"id":111829,"n":"Compote Charles & Alice Pommes Fraises - 4x100g","p":1.61,"u":"4,03 €/KG","img":"https://fd11-photos.leclercdrive.fr/image.ashx?id=2757338&use=l&cat=p&typeid=i","cat":284416},{"id":111832,"n":"Lotion Eau Précieuse 375ml","p":10.0,"u":"26,67 €/L","img":"https://fd11-photos.leclercdrive.fr/image.ashx?id=2057251&use=l&cat=p&typeid=i","cat":301587},{"id":111895,"n":"Coloration Perfect Mousse Schwarzkopf - 500 châtain","p":6.64,"img":"https://fd11-photos.leclercdrive.fr/image.ashx?id=2970882&use=l&cat=p&typeid=i","cat":288899},{"id":111896,"n":"Coloration Perfect Mousse Schwarzkopf - 200 noir","p":6.47,"img":"https://fd11-photos.leclercdrive.fr/image.ashx?id=2970885&use=l&cat=p&typeid=i","cat":288899},{"id":111899,"n":"Coloration Perfect Mousse Schwarzkopf - 465 châtain choco","p":6.47,"img":"https://fd11-photos.leclercdrive.fr/image.ashx?id=2921555&use=l&cat=p&typeid=i","cat":288899},{"id":111900,"n":"Coloration Permanente Olia 4.0 Chatain Pur sans ammoniaque","p":8.16,"img":"https://fd11-photos.leclercdrive.fr/image.ashx?id=2471319&use=l&cat=p&typeid=i","cat":288899},{"id":111901,"n":"Coloration Permanente Olia 4.15 Marron Glacé","p":8.23,"img":"https://fd11-photos.leclercdrive.fr/image.ashx?id=2471322&use=l&cat=p&typeid=i","cat":288899},{"id":111903,"n":"Coloration Permanente Olia 5.3 Chatain Clair Doré","p":8.28,"img":"https://fd11-photos.leclercdrive.fr/image.ashx?id=2520494&use=l&cat=p&typeid=i","cat":288899},{"id":111914,"n":"Bière ambrée Grimbergen 6,5° - 12x25cl","p":10.24,"u":"3,41 €/L","img":"https://fd11-photos.leclercdrive.fr/image.ashx?id=2294378&use=l&cat=p&typeid=i","cat":334852},{"id":111938,"n":"Bière blonde Affligem  Sans alcool - 6x25cl","p":4.91,"u":"3,27 €/L","img":"https://fd11-photos.leclercdrive.fr/image.ashx?id=2979695&use=l&cat=p&typeid=i","cat":334877},{"id":111972,"n":"Serviettes Discreet Tena Lady Extra Plus - x16","p":5.99,"u":"0,37 €/P","img":"https://fd11-photos.leclercdrive.fr/image.ashx?id=2597250&use=l&cat=p&typeid=i","cat":284628},{"id":111986,"n":"Repas bébé Blédichef 12 mois  Ratatouille duo poissons - 230g","p":2.01,"u":"8,74 €/KG","img":"https://fd11-photos.leclercdrive.fr/image.ashx?id=2852366&use=l&cat=p&typeid=i","cat":312237},{"id":111987,"n":"Repas bébé Blédichef 18 mois  Pâtes boeuf bourguignon - 250g","p":1.88,"u":"7,52 €/KG","img":"https://fd11-photos.leclercdrive.fr/image.ashx?id=2643746&use=l&cat=p&typeid=i","cat":312238},{"id":111988,"n":"Plat bébé soir Blédichef 18mois Pâtes carotte - 250g","p":1.72,"u":"6,88 €/KG","img":"https://fd11-photos.leclercdrive.fr/image.ashx?id=2479024&use=l&cat=p&typeid=i","cat":312239},{"id":111989,"n":"Plat bébé soir Blédichef 12mois Semoule carotte - 230g","p":1.74,"u":"7,57 €/KG","img":"https://fd11-photos.leclercdrive.fr/image.ashx?id=2852363&use=l&cat=p&typeid=i","cat":312239},{"id":111990,"n":"Plat bébé soir Blédichef 18mois Pâtes épinards carotte - 250g","p":1.99,"u":"7,96 €/KG","img":"https://fd11-photos.leclercdrive.fr/image.ashx?id=2479027&use=l&cat=p&typeid=i","cat":312239},{"id":111991,"n":"Repas bébé Blédichef 18 mois  Légumes volaille basquaise-250g","p":1.92,"u":"7,68 €/KG","img":"https://fd11-photos.leclercdrive.fr/image.ashx?id=2852369&use=l&cat=p&typeid=i","cat":312238},{"id":112001,"n":"Recharge Power Tabs Rubson Aero Neutre - Lot de 6","p":25.47,"img":"https://fd11-photos.leclercdrive.fr/image.ashx?id=1971368&use=l&cat=p&typeid=i","cat":300576},{"id":112026,"n":"Fromage Saint Félicien Dauphine NRT - 180g","p":2.65,"u":"14,72 €/KG","img":"https://fd11-photos.leclercdrive.fr/image.ashx?id=2600617&use=l&cat=p&typeid=i","cat":329558},{"id":112033,"n":"Sauce Charal Figue et sauterne - 120g","p":2.01,"u":"16,75 €/KG","img":"https://fd11-photos.leclercdrive.fr/image.ashx?id=2144284&use=l&cat=p&typeid=i","cat":327293},{"id":112040,"n":"Mastic Perfect Home Rubson Acrylique murs-fenêtres - 280ml","p":6.75,"u":"24,11 €/L","img":"https://fd11-photos.leclercdrive.fr/image.ashx?id=2563964&use=l&cat=p&typeid=i","cat":300576},{"id":112125,"n":"Crème nutritive nuit So'bio Précieux Argan bio  - 50ml","p":11.63,"u":"232,60 €/L","img":"https://fd11-photos.leclercdrive.fr/image.ashx?id=2990715&use=l&cat=p&typeid=i","cat":325345},{"id":112126,"n":"Crème rose jour So'Bio Etic Précieux Argan bio - 50ml","p":11.06,"u":"221,20 €/L","img":"https://fd11-photos.leclercdrive.fr/image.ashx?id=2792687&use=l&cat=p&typeid=i","cat":325345},{"id":112143,"n":"Oignon rouge Panier du Primeur x4","p":1.79,"u":"0,45 €/P","img":"https://fd11-photos.leclercdrive.fr/image.ashx?id=2966490&use=l&cat=p&typeid=i","cat":284352},{"id":112145,"n":"Pomme de terre de consommation Eco+ 5kg","p":2.99,"u":"0,60 €/KG","img":"https://fd11-photos.leclercdrive.fr/image.ashx?id=2888926&use=l&cat=p&typeid=i","cat":284352},{"id":112150,"n":"Graisse à Frire Vegétaline 100% végétale - 1kg","p":6.28,"u":"6,28 €/KG","img":"https://fd11-photos.leclercdrive.fr/image.ashx?id=1928297&use=l&cat=p&typeid=i","cat":315229},{"id":112153,"n":"Planta Fin Cuisson 79%MG - 500ml","p":2.48,"u":"4,96 €/L","img":"https://fd11-photos.leclercdrive.fr/image.ashx?id=2793083&use=l&cat=p&typeid=i","cat":315229},{"id":112210,"n":"Bière blonde Affligem 6x25cl","p":5.12,"u":"3,41 €/L","img":"https://fd11-photos.leclercdrive.fr/image.ashx?id=2530323&use=l&cat=p&typeid=i","cat":334852},{"id":112367,"n":"Protège matelas Tissaia Imperméable 90x190cm coton","p":15.95,"img":"https://fd11-photos.leclercdrive.fr/image.ashx?id=2380244&use=l&cat=p&typeid=i","cat":288835},{"id":112369,"n":"Protège matelas Tissaia Imperméable 160x200cm coton","p":23.85,"img":"https://fd11-photos.leclercdrive.fr/image.ashx?id=2380250&use=l&cat=p&typeid=i","cat":288835},{"id":112374,"n":"Matière grasse Saint Hubert Sans sel - 50mg omega 3 - 250g","p":2.31,"u":"9,24 €/KG","img":"https://fd11-photos.leclercdrive.fr/image.ashx?id=3000120&use=l&cat=p&typeid=i","cat":315229},{"id":112394,"n":"Gazpacho Alvalle 50 cl","p":2.38,"u":"4,76 €/L","img":"https://fd11-photos.leclercdrive.fr/image.ashx?id=2672533&use=l&cat=p&typeid=i","cat":287365},{"id":112471,"n":"Mousse Danette  Chocolat - 4x60g","p":1.66,"u":"6,92 €/KG","img":"https://fd11-photos.leclercdrive.fr/image.ashx?id=2964923&use=l&cat=p&typeid=i","cat":284417},{"id":112550,"n":"Feuille de chêne 125g","p":1.46,"u":"11,68 €/KG","img":"https://fd11-photos.leclercdrive.fr/image.ashx?id=2657966&use=l&cat=p&typeid=i","cat":284353},{"id":112556,"n":"Oignon rouge Bio  Bio Village - 500g","p":2.49,"u":"4,98 €/KG","img":"https://fd11-photos.leclercdrive.fr/image.ashx?id=2922460&use=l&cat=p&typeid=i","cat":284352},{"id":112557,"n":"Gnocchi à poêler Lustucru Fromage - 2x300g+ 300g offerts","p":3.18,"u":"3,53 €/KG","img":"https://fd11-photos.leclercdrive.fr/image.ashx?id=2192398&use=l&cat=p&typeid=i","cat":333682},{"id":112562,"n":"Radis ronds bio Bio Village - 250g","p":1.49,"u":"5,96 €/KG","img":"https://fd11-photos.leclercdrive.fr/image.ashx?id=3015156&use=l&cat=p&typeid=i","cat":284352},{"id":112621,"n":"Riz au lait La Laitière Vanille - 4x115g","p":1.58,"u":"3,43 €/KG","img":"https://fd11-photos.leclercdrive.fr/image.ashx?id=2661151&use=l&cat=p&typeid=i","cat":284418},{"id":112623,"n":"Riz au lait La Laitière Vanille - 8x115g","p":3.04,"u":"3,30 €/KG","img":"https://fd11-photos.leclercdrive.fr/image.ashx?id=2610783&use=l&cat=p&typeid=i","cat":284418},{"id":112624,"n":"Semoule au lait La Laitière Vanille - 4x115g","p":1.61,"u":"3,50 €/KG","img":"https://fd11-photos.leclercdrive.fr/image.ashx?id=2654578&use=l&cat=p&typeid=i","cat":284418},{"id":112662,"n":"Vin mousseux Charles Volner Soirée blanche - 75cl","p":4.11,"pp":2.71,"u":"3,61 €/L","img":"https://fd11-photos.leclercdrive.fr/image.ashx?id=1727814&use=l&cat=p&typeid=i","cat":284544},{"id":112666,"n":"Meringues Valdelice Fantaisie P'tit bout - 250g","p":2.19,"u":"8,76 €/KG","img":"https://fd11-photos.leclercdrive.fr/image.ashx?id=2865854&use=l&cat=p&typeid=i","cat":327605},{"id":112679,"n":"Coffret Artisan Provençal 9 marrons - 160g","p":10.28,"u":"64,25 €/KG","img":"https://fd11-photos.leclercdrive.fr/image.ashx?id=1911453&use=l&cat=p&typeid=i","cat":327603},{"id":112690,"n":"Gianduiotti noir Novi 150g","p":4.47,"u":"29,80 €/KG","img":"https://fd11-photos.leclercdrive.fr/image.ashx?id=2615158&use=l&cat=p&typeid=i","cat":327595},{"id":112695,"n":"Gianduiotti chocolat Novi 160g","p":4.48,"u":"28,00 €/KG","img":"https://fd11-photos.leclercdrive.fr/image.ashx?id=2615155&use=l&cat=p&typeid=i","cat":327595},{"id":112698,"n":"yaourt bifidus activia muesli quinoa amande chia -170g","p":1.87,"u":"11,00 €/KG","img":"https://fd11-photos.leclercdrive.fr/image.ashx?id=2965885&use=l&cat=p&typeid=i","cat":315000},{"id":112699,"n":"yaourt bifidus activia muesli framboise chia - 170g","p":1.83,"u":"10,76 €/KG","img":"https://fd11-photos.leclercdrive.fr/image.ashx?id=2965888&use=l&cat=p&typeid=i","cat":315000},{"id":112728,"n":"Coffret Mini feuilletés Blini Sapin - x32","p":5.27,"u":"0,16 €/P","img":"https://fd11-photos.leclercdrive.fr/image.ashx?id=2023847&use=l&cat=p&typeid=i","cat":319774},{"id":112761,"n":"Kid Smile McCain 850g","p":2.55,"u":"3,00 €/KG","img":"https://fd11-photos.leclercdrive.fr/image.ashx?id=2745802&use=l&cat=p&typeid=i","cat":319792},{"id":112764,"n":"Potatoes aux herbes McCain Country Potatoes - 780g","p":2.55,"u":"3,27 €/KG","img":"https://fd11-photos.leclercdrive.fr/image.ashx?id=2973342&use=l&cat=p&typeid=i","cat":319791},{"id":112806,"n":"Soupe Liquide Liebig  10 Légumes & Crème fraiche - 1L","p":2.26,"u":"2,26 €/L","img":"https://fd11-photos.leclercdrive.fr/image.ashx?id=2941484&use=l&cat=p&typeid=i","cat":284462},{"id":112807,"n":"Soupe liquide Liebig  Légumes et vermicelles - 2x30cl","p":1.91,"u":"3,18 €/L","img":"https://fd11-photos.leclercdrive.fr/image.ashx?id=2164075&use=l&cat=p&typeid=i","cat":284462},{"id":112808,"n":"Soupe liquide Liebig légumes Et vermicelles - Brique 1L","p":2.11,"u":"2,11 €/L","img":"https://fd11-photos.leclercdrive.fr/image.ashx?id=2892142&use=l&cat=p&typeid=i","cat":284462},{"id":112811,"n":"Gel Lave-Vaisselle Sun Tout-en-1 Citron 52 Lavages","p":7.9,"u":"8,78 €/L","img":"https://fd11-photos.leclercdrive.fr/image.ashx?id=2356268&use=l&cat=p&typeid=i","cat":284656},{"id":112859,"n":"Tripes à la mode de Caen Bigard Barquette - 1kg","p":5.9,"u":"5,90 €/KG","img":"https://fd11-photos.leclercdrive.fr/image.ashx?id=1731305&use=l&cat=p&typeid=i","cat":333666},{"id":112861,"n":"Tripes à la tomate Bigard Barquette - 1kg","p":5.9,"u":"5,90 €/KG","img":"https://fd11-photos.leclercdrive.fr/image.ashx?id=1870357&use=l&cat=p&typeid=i","cat":333666},{"id":113108,"n":"Tartine Grilletine de Pasquier Froment - x18 - 242g","p":1.61,"u":"6,65 €/KG","img":"https://fd11-photos.leclercdrive.fr/image.ashx?id=2333060&use=l&cat=p&typeid=i","cat":284479},{"id":113110,"n":"Tartine Grilletine de Pasquier Blé complet - x18 - 242g","p":1.59,"u":"6,57 €/KG","img":"https://fd11-photos.leclercdrive.fr/image.ashx?id=2333063&use=l&cat=p&typeid=i","cat":284479},{"id":113127,"n":"Groseilles Panier du Primeur 125g","p":2.89,"u":"23,12 €/KG","img":"https://fd11-photos.leclercdrive.fr/image.ashx?id=2414573&use=l&cat=p&typeid=i","cat":284356},{"id":113128,"n":"Mûre Panier du Primeur 125g","p":3.49,"u":"27,92 €/KG","img":"https://fd11-photos.leclercdrive.fr/image.ashx?id=2414576&use=l&cat=p&typeid=i","cat":284356},{"id":113130,"n":"Citrons verts Panier du Primeur 500g","p":1.99,"u":"3,98 €/KG","img":"https://fd11-photos.leclercdrive.fr/image.ashx?id=2373018&use=l&cat=p&typeid=i","cat":284356},{"id":113163,"n":"Framboises Panier du Primeur 125g","p":2.59,"u":"20,72 €/KG","img":"https://fd11-photos.leclercdrive.fr/image.ashx?id=2843800&use=l&cat=p&typeid=i","cat":284356},{"id":113279,"n":"Foies de poulet Maître Coq 600g","p":5.41,"u":"9,02 €/KG","img":"https://fd11-photos.leclercdrive.fr/image.ashx?id=2203952&use=l&cat=p&typeid=i","cat":284715},{"id":113280,"n":"Gésiers de poulet Maitre Coq 600g","p":6.45,"u":"10,75 €/KG","img":"https://fd11-photos.leclercdrive.fr/image.ashx?id=2203949&use=l&cat=p&typeid=i","cat":284715},{"id":113327,"n":"Recharges absorbeur d'humidité Foxter - Galet percés - x4 450g","p":9.9,"u":"22,00 €/KG","img":"https://fd11-photos.leclercdrive.fr/image.ashx?id=1735987&use=l&cat=p&typeid=i","cat":300576},{"id":113680,"n":"Brioche tressée Nature Harrys Sucre perlé sans additif - 500g","p":2.83,"u":"5,66 €/KG","img":"https://fd11-photos.leclercdrive.fr/image.ashx?id=2503013&use=l&cat=p&typeid=i","cat":284478},{"id":113685,"n":"Bûche glacée L'Angelys Vanille  Caramel beurre salé - 500g","p":9.13,"u":"18,26 €/KG","img":"https://fd11-photos.leclercdrive.fr/image.ashx?id=2950435&use=l&cat=p&typeid=i","cat":284266},{"id":113709,"n":"Crème dessert La Laitière Pot de crème caramel - 4x100g","p":2.2,"u":"5,50 €/KG","img":"https://fd11-photos.leclercdrive.fr/image.ashx?id=2849683&use=l&cat=p&typeid=i","cat":285041},{"id":113716,"n":"Saumon fumé Norvège Delpierre 6 tranches - 180g","p":8.64,"u":"48,00 €/KG","img":"https://fd11-photos.leclercdrive.fr/image.ashx?id=2921465&use=l&cat=p&typeid=i","cat":285188},{"id":113717,"n":"Saumon fumé d'Ecosse Delpierre 6 tranches - 180g","p":8.27,"u":"45,94 €/KG","img":"https://fd11-photos.leclercdrive.fr/image.ashx?id=2921471&use=l&cat=p&typeid=i","cat":285188},{"id":113774,"n":"Assiette riz Bio Village Bio Légumes vert  12 mois 230g","p":1.45,"u":"6,30 €/KG","img":"https://fd11-photos.leclercdrive.fr/image.ashx?id=2900205&use=l&cat=p&typeid=i","cat":312237},{"id":113775,"n":"Assiette bio Bio Village Panais carotte riz 12 mois 230g","p":1.45,"u":"6,30 €/KG","img":"https://fd11-photos.leclercdrive.fr/image.ashx?id=2900208&use=l&cat=p&typeid=i","cat":312237},{"id":113776,"n":"Assiette pâtes bio Bio Village Epinard carotte 15 mois - 250g","p":1.75,"u":"7,00 €/KG","img":"https://fd11-photos.leclercdrive.fr/image.ashx?id=2900211&use=l&cat=p&typeid=i","cat":312238},{"id":113777,"n":"Assiette Bio Village Carotte pâtes 18 mois bio 260g","p":1.85,"u":"7,12 €/KG","img":"https://fd11-photos.leclercdrive.fr/image.ashx?id=2900214&use=l&cat=p&typeid=i","cat":312238},{"id":113779,"n":"Assiette bio Bio Village Haricot vert dinde 12 mois 230g","p":1.45,"u":"6,30 €/KG","img":"https://fd11-photos.leclercdrive.fr/image.ashx?id=2900217&use=l&cat=p&typeid=i","cat":312237},{"id":113783,"n":"Assiette bio Bio Village Hachis parmentier 12 mois 230g","p":1.45,"u":"6,30 €/KG","img":"https://fd11-photos.leclercdrive.fr/image.ashx?id=2900220&use=l&cat=p&typeid=i","cat":312237},{"id":113785,"n":"Assiette bio Bio Village Légumes saumon riz 15 mois 250g","p":1.85,"u":"7,40 €/KG","img":"https://fd11-photos.leclercdrive.fr/image.ashx?id=2900223&use=l&cat=p&typeid=i","cat":312238},{"id":113786,"n":"Assiette Tajine Bio Village Bio  15 mois 250g","p":1.85,"u":"7,40 €/KG","img":"https://fd11-photos.leclercdrive.fr/image.ashx?id=2878756&use=l&cat=p&typeid=i","cat":312238},{"id":113787,"n":"Assiette pâtes bio Bio Village Légumes saumon 18 mois 260g","p":1.95,"u":"7,50 €/KG","img":"https://fd11-photos.leclercdrive.fr/image.ashx?id=2900232&use=l&cat=p&typeid=i","cat":312238},{"id":113789,"n":"Assiette bio Bio Village Pot au feu - 18 mois - 260g","p":1.89,"u":"7,27 €/KG","img":"https://fd11-photos.leclercdrive.fr/image.ashx?id=2900235&use=l&cat=p&typeid=i","cat":312238},{"id":113790,"n":"Assiette 12 mois Bio Village Spaghetti bolognaise bio - 230g","p":1.59,"u":"6,91 €/KG","img":"https://fd11-photos.leclercdrive.fr/image.ashx?id=2900238&use=l&cat=p&typeid=i","cat":312237},{"id":113792,"n":"Assiette bio 15mois Bio Village Legumes volaille basquaise 250g","p":1.79,"u":"7,16 €/KG","img":"https://fd11-photos.leclercdrive.fr/image.ashx?id=2900244&use=l&cat=p&typeid=i","cat":312238},{"id":113793,"n":"Assiette bio Bio Village Carotte boeuf pdt 15mois 250g","p":1.85,"u":"7,40 €/KG","img":"https://fd11-photos.leclercdrive.fr/image.ashx?id=2900241&use=l&cat=p&typeid=i","cat":312238},{"id":113794,"n":"Assiette bio Bio Village Tomate aubergine 18 mois 260g","p":1.85,"u":"7,12 €/KG","img":"https://fd11-photos.leclercdrive.fr/image.ashx?id=2900247&use=l&cat=p&typeid=i","cat":312238},{"id":113796,"n":"Bol lentille corail Bio Village Dès 8 mois bio - 2x200g","p":2.49,"u":"6,23 €/KG","img":"https://fd11-photos.leclercdrive.fr/image.ashx?id=2704795&use=l&cat=p&typeid=i","cat":312239},{"id":113808,"n":"Crème dessert La Laitière Pot de crème vanille - 4x100g","p":2.17,"u":"5,43 €/KG","img":"https://fd11-photos.leclercdrive.fr/image.ashx?id=2875969&use=l&cat=p&typeid=i","cat":285041},{"id":113811,"n":"Crème dessert La Laitière Pot de crème chocolat - 4x100g","p":2.17,"u":"5,43 €/KG","img":"https://fd11-photos.leclercdrive.fr/image.ashx?id=2875966&use=l&cat=p&typeid=i","cat":285041},{"id":113813,"n":"Crème dessert La Laitière Pot de crème café - 4x100g","p":2.4,"u":"6,00 €/KG","img":"https://fd11-photos.leclercdrive.fr/image.ashx?id=2875963&use=l&cat=p&typeid=i","cat":285041},{"id":113842,"n":"Allumettes cuisine Silex 3x240","p":1.2,"img":"https://fd11-photos.leclercdrive.fr/image.ashx?id=1733406&use=l&cat=p&typeid=i","cat":300578},{"id":113858,"n":"Yaourt à la grecque YAOS Nature - 8x125g","p":3.32,"u":"3,32 €/KG","img":"https://fd11-photos.leclercdrive.fr/image.ashx?id=2418462&use=l&cat=p&typeid=i","cat":314999},{"id":113902,"n":"Gel lavant quotidien Hydralin Hypoallergénique - 2x400ml","p":14.99,"u":"18,74 €/L","img":"https://fd11-photos.leclercdrive.fr/image.ashx?id=2905426&use=l&cat=p&typeid=i","cat":301348},{"id":113910,"n":"Euphytose nuit Bayer x30","p":9.78,"u":"0,33 €/P","img":"https://fd11-photos.leclercdrive.fr/image.ashx?id=1975676&use=l&cat=p&typeid=i","cat":301265},{"id":113913,"n":"Eau micellaire douceur Jonzac Nettoyante bébé bio - 500ml","p":7.9,"u":"15,80 €/L","img":"https://fd11-photos.leclercdrive.fr/image.ashx?id=2461033&use=l&cat=p&typeid=i","cat":290425},{"id":113929,"n":"Soin anti-âge Normaderm Vichy 50ml","p":16.0,"u":"320,00 €/L","img":"https://fd11-photos.leclercdrive.fr/image.ashx?id=1950329&use=l&cat=p&typeid=i","cat":291168},{"id":113930,"n":"Déodorant bille 48h Vichy Anti-transpirant - 2x50ml","p":12.53,"u":"125,30 €/L","img":"https://fd11-photos.leclercdrive.fr/image.ashx?id=1971470&use=l&cat=p&typeid=i","cat":301593},{"id":113947,"n":"Déodorant anti-traces Vichy Anti-transpirant bille - 2x50ml","p":12.53,"u":"125,30 €/L","img":"https://fd11-photos.leclercdrive.fr/image.ashx?id=1886058&use=l&cat=p&typeid=i","cat":301593},{"id":113979,"n":"Dentifrice Parodontax Protection complète - 2x75ml","p":8.29,"u":"55,27 €/L","img":"https://fd11-photos.leclercdrive.fr/image.ashx?id=2537246&use=l&cat=p&typeid=i","cat":290419},{"id":113980,"n":"Café dosettes Tassimo Grand-mère - Expresso x16","p":4.29,"u":"41,25 €/KG","img":"https://fd11-photos.leclercdrive.fr/image.ashx?id=1749617&use=l&cat=p&typeid=i","cat":293240},{"id":113991,"n":"Répulsif poux Puressentiel Spray - 200ml","p":15.11,"u":"75,55 €/L","img":"https://fd11-photos.leclercdrive.fr/image.ashx?id=2057035&use=l&cat=p&typeid=i","cat":301248},{"id":113994,"n":"Lotion Anti-Poux&Lentes Pouxit XF - 200ml","p":18.95,"u":"94,75 €/L","img":"https://fd11-photos.leclercdrive.fr/image.ashx?id=2022027&use=l&cat=p&typeid=i","cat":301248},{"id":113998,"n":"Girasoli Lustucru Selection  Ricotta Epinard - 250g","p":2.29,"u":"9,16 €/KG","img":"https://fd11-photos.leclercdrive.fr/image.ashx?id=2974351&use=l&cat=p&typeid=i","cat":333682},{"id":114017,"n":"Bière blonde Heineken 5%vol - 12x33cl","p":8.92,"u":"2,25 €/L","img":"https://fd11-photos.leclercdrive.fr/image.ashx?id=3008125&use=l&cat=p&typeid=i","cat":334853},{"id":114023,"n":"Thon au naturel Petit Navire Démarche Responsable - 280g","p":4.42,"u":"15,79 €/KG","img":"https://fd11-photos.leclercdrive.fr/image.ashx?id=2909974&use=l&cat=p&typeid=i","cat":303867},{"id":114040,"n":"Bûchettes crunch Nestlé x4 - 326g","p":5.38,"u":"16,50 €/KG","img":"https://fd11-photos.leclercdrive.fr/image.ashx?id=2584533&use=l&cat=p&typeid=i","cat":284266},{"id":114047,"n":"Plat bébé soir Blédichef 12mois Macaroni courgette - 2x230g","p":3.43,"u":"7,46 €/KG","img":"https://fd11-photos.leclercdrive.fr/image.ashx?id=2560690&use=l&cat=p&typeid=i","cat":312239},{"id":114095,"n":"Mouchoirs blancs 3 plis Caresse Boîte - x150","p":1.65,"u":"0,01 €/P","img":"https://fd11-photos.leclercdrive.fr/image.ashx?id=2779298&use=l&cat=p&typeid=i","cat":284638},{"id":114102,"n":"Change culottes Mots d'enfants T5 : 12/18kg - x40","p":9.75,"u":"0,24 €/P","img":"https://fd11-photos.leclercdrive.fr/image.ashx?id=2907237&use=l&cat=p&typeid=i","cat":290633},{"id":114103,"n":"Change culottes Mots d'enfants T6 : +16kg - x36","p":9.75,"u":"0,27 €/P","img":"https://fd11-photos.leclercdrive.fr/image.ashx?id=2907240&use=l&cat=p&typeid=i","cat":290633},{"id":114170,"n":"Père Noël Milka Noisettes - 95g","p":3.68,"u":"38,74 €/KG","img":"https://fd11-photos.leclercdrive.fr/image.ashx?id=2881503&use=l&cat=p&typeid=i","cat":327592},{"id":114172,"n":"Bonbons de Noël Milka Lait - 86g","p":2.71,"u":"31,51 €/KG","img":"https://fd11-photos.leclercdrive.fr/image.ashx?id=2937995&use=l&cat=p&typeid=i","cat":327592},{"id":114187,"n":"Barres amandes Toblerone 360g","p":9.05,"u":"25,14 €/KG","img":"https://fd11-photos.leclercdrive.fr/image.ashx?id=2912650&use=l&cat=p&typeid=i","cat":327595},{"id":114190,"n":"Chocolat Mon Chéri cerise Etui Noël - 262g","p":9.01,"u":"34,39 €/KG","img":"https://fd11-photos.leclercdrive.fr/image.ashx?id=2940501&use=l&cat=p&typeid=i","cat":327601},{"id":114242,"n":"Taboulé Oriental Pierre Martinet - 510g","p":2.15,"u":"4,22 €/KG","img":"https://fd11-photos.leclercdrive.fr/image.ashx?id=2684491&use=l&cat=p&typeid=i","cat":333657},{"id":114406,"n":"Taboulé Pierre Martinet Oriental à l'huile d'olive 310g","p":1.42,"u":"4,58 €/KG","img":"https://fd11-photos.leclercdrive.fr/image.ashx?id=2432241&use=l&cat=p&typeid=i","cat":333657},{"id":114522,"n":"Bière blonde Leffe Triple 8,5% - 12x25cl","p":10.64,"u":"3,55 €/L","img":"https://fd11-photos.leclercdrive.fr/image.ashx?id=2548294&use=l&cat=p&typeid=i","cat":334852},{"id":114570,"n":"Traîneau chocolat oeuf Kinder Bleu - 75g","p":3.42,"u":"45,60 €/KG","img":"https://fd11-photos.leclercdrive.fr/image.ashx?id=2417549&use=l&cat=p&typeid=i","cat":327592},{"id":114580,"n":"IGP Foie gras Jean Larnaudie Bloc - barquette - 2x170g","p":27.5,"u":"80,88 €/KG","img":"https://fd11-photos.leclercdrive.fr/image.ashx?id=2915784&use=l&cat=p&typeid=i","cat":316008},{"id":114652,"n":"Mouchoirs blanc 2 plis Caresse Boîte mouchoirs papier - x180","p":1.69,"u":"0,01 €/P","img":"https://fd11-photos.leclercdrive.fr/image.ashx?id=2752640&use=l&cat=p&typeid=i","cat":284638},{"id":114805,"n":"Coeur Coulant Bonne Maman Chocolat - 2x80g","p":2.7,"u":"16,88 €/KG","img":"https://fd11-photos.leclercdrive.fr/image.ashx?id=2912326&use=l&cat=p&typeid=i","cat":284419},{"id":114807,"n":"Dessert Fruitier Andros Poire Williams morceaux 4x100g","p":3.09,"u":"7,73 €/KG","img":"https://fd11-photos.leclercdrive.fr/image.ashx?id=2908198&use=l&cat=p&typeid=i","cat":284416},{"id":114825,"n":"Mini Fondentenero Novi 160g","p":4.48,"u":"28,00 €/KG","img":"https://fd11-photos.leclercdrive.fr/image.ashx?id=2615149&use=l&cat=p&typeid=i","cat":327595},{"id":114865,"n":"Père Noel Smarties Orange - 85g","p":3.25,"u":"38,24 €/KG","img":"https://fd11-photos.leclercdrive.fr/image.ashx?id=1985742&use=l&cat=p&typeid=i","cat":284958},{"id":114901,"n":"Plat bébé Blédina 12 mois  Artichaut dinde - 2x200g","p":2.81,"u":"7,03 €/KG","img":"https://fd11-photos.leclercdrive.fr/image.ashx?id=2975089&use=l&cat=p&typeid=i","cat":312237},{"id":114902,"n":"Foie gras de canard Sel de  Guérande Delpeyrat 330g","p":14.99,"u":"45,42 €/KG","img":"https://fd11-photos.leclercdrive.fr/image.ashx?id=1760629&use=l&cat=p&typeid=i","cat":305148},{"id":114911,"n":"Bloc de Foie gras de canard  Armagnac Delpeyrat 330g","p":14.99,"u":"45,42 €/KG","img":"https://fd11-photos.leclercdrive.fr/image.ashx?id=1755205&use=l&cat=p&typeid=i","cat":305148},{"id":114956,"n":"Skyr Myrtille Délisse 450g","p":2.78,"u":"6,18 €/KG","img":"https://fd11-photos.leclercdrive.fr/image.ashx?id=2992552&use=l&cat=p&typeid=i","cat":315000},{"id":114970,"n":"Beurrier tendre Président Doux - 82% MG - 125g","p":2.1,"u":"16,80 €/KG","img":"https://fd11-photos.leclercdrive.fr/image.ashx?id=2917435&use=l&cat=p&typeid=i","cat":284379},{"id":115011,"n":"Lingettes bébé Mots d'enfants à l'eau - x60","p":1.66,"u":"0,03 €/P","img":"https://fd11-photos.leclercdrive.fr/image.ashx?id=2856582&use=l&cat=p&typeid=i","cat":284738},{"id":115013,"n":"Liquide vaisselle Uni Vert Ecologique citron - 750ml","p":1.59,"u":"2,12 €/L","img":"https://fd11-photos.leclercdrive.fr/image.ashx?id=2999517&use=l&cat=p&typeid=i","cat":284655},{"id":115113,"n":"Tirlibibi Haribo Boîte bonbons - 750g","p":4.34,"u":"5,79 €/KG","img":"https://fd11-photos.leclercdrive.fr/image.ashx?id=2806922&use=l&cat=p&typeid=i","cat":304250},{"id":115114,"n":"Polka Haribo Sachet bonbons - 300g","p":1.34,"u":"4,47 €/KG","img":"https://fd11-photos.leclercdrive.fr/image.ashx?id=2982414&use=l&cat=p&typeid=i","cat":304250},{"id":115115,"n":"Les Schtroumpfs Haribo Sachet bonbons - 300g","p":1.43,"u":"4,77 €/KG","img":"https://fd11-photos.leclercdrive.fr/image.ashx?id=2788475&use=l&cat=p&typeid=i","cat":304250},{"id":115116,"n":"Chamallows Haribo Guimauves   - 300g","p":1.41,"u":"4,70 €/KG","img":"https://fd11-photos.leclercdrive.fr/image.ashx?id=2984937&use=l&cat=p&typeid=i","cat":304250},{"id":115127,"n":"Pain burger Epi d'Or Brioché x4 - 300g","p":1.38,"u":"4,60 €/KG","img":"https://fd11-photos.leclercdrive.fr/image.ashx?id=1958880&use=l&cat=p&typeid=i","cat":325067},{"id":115128,"n":"Pain de mie Epi d'Or Grandes tranches nature - 550g","p":1.31,"u":"2,38 €/KG","img":"https://fd11-photos.leclercdrive.fr/image.ashx?id=2860775&use=l&cat=p&typeid=i","cat":284477},{"id":115130,"n":"Pain de mie Epi d'Or Sans croute - 500g","p":1.56,"u":"3,12 €/KG","img":"https://fd11-photos.leclercdrive.fr/image.ashx?id=3012872&use=l&cat=p&typeid=i","cat":284477},{"id":115163,"n":"Infusion Twinings Ayurveda gingembre miel et citron x20","p":2.7,"u":"84,38 €/KG","img":"https://fd11-photos.leclercdrive.fr/image.ashx?id=2893036&use=l&cat=p&typeid=i","cat":293234},{"id":115187,"n":"Toasts ronds Persil citron Jacquet - 250g","p":1.54,"u":"6,16 €/KG","img":"https://fd11-photos.leclercdrive.fr/image.ashx?id=2729821&use=l&cat=p&typeid=i","cat":285454},{"id":115188,"n":"Toasts ronds Seigle Jacquet - 250g","p":1.42,"u":"5,68 €/KG","img":"https://fd11-photos.leclercdrive.fr/image.ashx?id=2741340&use=l&cat=p&typeid=i","cat":285454},{"id":115189,"n":"Toasts ronds Figues Jacquet - 250g","p":1.47,"u":"5,88 €/KG","img":"https://fd11-photos.leclercdrive.fr/image.ashx?id=2741337&use=l&cat=p&typeid=i","cat":285454},{"id":115320,"n":"Capsules café Plantation Equilibré n°6 - x10 - 52g","p":2.19,"u":"42,12 €/KG","img":"https://fd11-photos.leclercdrive.fr/image.ashx?id=2418101&use=l&cat=p&typeid=i","cat":284749},{"id":115321,"n":"Capsules café Plantation Intense n°10 - x10 - 52g","p":2.19,"u":"42,12 €/KG","img":"https://fd11-photos.leclercdrive.fr/image.ashx?id=2418104&use=l&cat=p&typeid=i","cat":284749},{"id":115345,"n":"Capsules café Plantation Café vanille n°6 - x10 - 52g","p":2.39,"u":"45,96 €/KG","img":"https://fd11-photos.leclercdrive.fr/image.ashx?id=2918475&use=l&cat=p&typeid=i","cat":284749},{"id":115348,"n":"Capsules café Plantation Noisette n°7 - x10 - 52g","p":2.39,"u":"45,96 €/KG","img":"https://fd11-photos.leclercdrive.fr/image.ashx?id=2418134&use=l&cat=p&typeid=i","cat":284749},{"id":115349,"n":"Capsules café Plantation Intense n°10 - x30 - 156g","p":5.19,"u":"33,27 €/KG","img":"https://fd11-photos.leclercdrive.fr/image.ashx?id=2865095&use=l&cat=p&typeid=i","cat":284749},{"id":115350,"n":"Capsules café Plantation Equilibré N°6 - x30 - 156g","p":5.19,"u":"33,27 €/KG","img":"https://fd11-photos.leclercdrive.fr/image.ashx?id=2852249&use=l&cat=p&typeid=i","cat":284749},{"id":115357,"n":"Tablette De Chocolat A Patisser Pralinoise Praline - 180g","p":2.86,"u":"15,89 €/KG","img":"https://fd11-photos.leclercdrive.fr/image.ashx?id=2890265&use=l&cat=p&typeid=i","cat":285562},{"id":115359,"n":"Pancakes Nature Epi d'Or x18 - 360g","p":1.69,"u":"4,69 €/KG","img":"https://fd11-photos.leclercdrive.fr/image.ashx?id=2860763&use=l&cat=p&typeid=i","cat":284495},{"id":115363,"n":"Lait bébé en poudre Blédilait 1er âge 0-6 mois 900g","p":14.53,"u":"16,14 €/KG","img":"https://fd11-photos.leclercdrive.fr/image.ashx?id=2855052&use=l&cat=p&typeid=i","cat":284726},{"id":115364,"n":"Lait bébé en poudre Blédilait 2e âge 6-12 mois 900g","p":13.31,"u":"14,79 €/KG","img":"https://fd11-photos.leclercdrive.fr/image.ashx?id=2616853&use=l&cat=p&typeid=i","cat":284727},{"id":115421,"n":"Pruneaux Maison Roucadil Mi-cuits - 500g","p":6.12,"u":"12,24 €/KG","img":"https://fd11-photos.leclercdrive.fr/image.ashx?id=2213832&use=l&cat=p&typeid=i","cat":284357},{"id":115455,"n":"Bougies d'anniversaire Vahiné Bleues - blister de 16 bougies","p":1.4,"u":"0,09 €/P","img":"https://fd11-photos.leclercdrive.fr/image.ashx?id=1584569&use=l&cat=p&typeid=i","cat":284504},{"id":115457,"n":"Frites de Patate Douce McCain 500g","p":4.44,"u":"8,88 €/KG","img":"https://fd11-photos.leclercdrive.fr/image.ashx?id=2840632&use=l&cat=p&typeid=i","cat":319791},{"id":115463,"n":"Litière chats Tranquille Carbonite - 7.1kg","p":6.05,"u":"0,85 €/KG","img":"https://fd11-photos.leclercdrive.fr/image.ashx?id=2421871&use=l&cat=p&typeid=i","cat":284683},{"id":115488,"n":"Bière blonde 1664 5,5° - 12x25cl","p":7.48,"u":"2,49 €/L","img":"https://fd11-photos.leclercdrive.fr/image.ashx?id=2215566&use=l&cat=p&typeid=i","cat":334873},{"id":115492,"n":"Bière blonde 1664 5,5° - 6x25cl","p":4.03,"u":"2,69 €/L","img":"https://fd11-photos.leclercdrive.fr/image.ashx?id=2215572&use=l&cat=p&typeid=i","cat":334873},{"id":115502,"n":"Persil et Ail Rustica 75g","p":1.99,"u":"26,53 €/KG","img":"https://fd11-photos.leclercdrive.fr/image.ashx?id=2365493&use=l&cat=p&typeid=i","cat":319804},{"id":115505,"n":"Fromage Fourme d'Ambert NRT  AOP - 250g","p":3.23,"u":"12,92 €/KG","img":"https://fd11-photos.leclercdrive.fr/image.ashx?id=2459397&use=l&cat=p&typeid=i","cat":314032},{"id":115771,"n":"Lait bébé en poudre Gallia Calisma 2e âge 6-12mois 2x600g","p":19.78,"u":"16,48 €/KG","img":"https://fd11-photos.leclercdrive.fr/image.ashx?id=2935750&use=l&cat=p&typeid=i","cat":284727},{"id":115772,"n":"Pâte à tartiner Bio Village Aux noisette bio - 600g","p":4.16,"u":"6,93 €/KG","img":"https://fd11-photos.leclercdrive.fr/image.ashx?id=2977201&use=l&cat=p&typeid=i","cat":284481},{"id":115773,"n":"Lait bébé en poudre Gallia Calisma 1er âge 0-6 mois 2x600g","p":24.13,"u":"20,11 €/KG","img":"https://fd11-photos.leclercdrive.fr/image.ashx?id=2953755&use=l&cat=p&typeid=i","cat":284726},{"id":115850,"n":"Compote Charles & Alice Pommes Passion - 4x97g","p":1.75,"u":"4,51 €/KG","img":"https://fd11-photos.leclercdrive.fr/image.ashx?id=2757692&use=l&cat=p&typeid=i","cat":284416},{"id":115874,"n":"Dessert fruitier pomme pêche Andros x4","p":1.46,"u":"3,65 €/KG","img":"https://fd11-photos.leclercdrive.fr/image.ashx?id=2968100&use=l&cat=p&typeid=i","cat":284416},{"id":115910,"n":"Yaourt brassé Perle de Lait Vanille - 8x125g","p":3.28,"u":"3,28 €/KG","img":"https://fd11-photos.leclercdrive.fr/image.ashx?id=2990568&use=l&cat=p&typeid=i","cat":314999},{"id":115991,"n":"Squidgies Haribo Sachet bonbons - 200g","p":1.6,"u":"8,00 €/KG","img":"https://fd11-photos.leclercdrive.fr/image.ashx?id=2984934&use=l&cat=p&typeid=i","cat":304250},{"id":116002,"n":"Porto Cruz Blanc - 18%vol - 75cl","p":7.39,"u":"9,85 €/L","img":"https://fd11-photos.leclercdrive.fr/image.ashx?id=2535822&use=l&cat=p&typeid=i","cat":284913},{"id":116010,"n":"Biscotte Pasquier Blé sans sucre ajoutés - 300g","p":1.62,"u":"5,40 €/KG","img":"https://fd11-photos.leclercdrive.fr/image.ashx?id=2507952&use=l&cat=p&typeid=i","cat":284479},{"id":116047,"n":"Bouchées pâtissières Tipiak x12 - 300g","p":2.9,"u":"9,67 €/KG","img":"https://fd11-photos.leclercdrive.fr/image.ashx?id=2504272&use=l&cat=p&typeid=i","cat":284441},{"id":116199,"n":"Vin blanc pétillant Roche Mazet Brut Chardonnay - 75cl","p":4.5,"pp":2.97,"u":"3,96 €/L","img":"https://fd11-photos.leclercdrive.fr/image.ashx?id=2475615&use=l&cat=p&typeid=i","cat":284544},{"id":116221,"n":"Crème de jour L'Oréal Paris  Revitalift Anti-âge - 50ml","p":14.05,"u":"281,00 €/L","img":"https://fd11-photos.leclercdrive.fr/image.ashx?id=2926581&use=l&cat=p&typeid=i","cat":325345},{"id":116224,"n":"Porto Tawny Cruz 18%vol - 75cl","p":7.39,"u":"9,85 €/L","img":"https://fd11-photos.leclercdrive.fr/image.ashx?id=2536373&use=l&cat=p&typeid=i","cat":284913},{"id":116236,"n":"Crème Cicalfate+ Avène Réparatrice protectrice - 100ml","p":11.99,"u":"119,90 €/L","img":"https://fd11-photos.leclercdrive.fr/image.ashx?id=2895843&use=l&cat=p&typeid=i","cat":290421},{"id":116239,"n":"Crème Cicalfate+ Avène Réparatrice protectrice - 40ml","p":7.6,"u":"190,00 €/L","img":"https://fd11-photos.leclercdrive.fr/image.ashx?id=2895229&use=l&cat=p&typeid=i","cat":290421},{"id":116240,"n":"Lait bébé liquide Blédilait croissance 1-3 ans 6x1L","p":12.24,"u":"2,04 €/L","img":"https://fd11-photos.leclercdrive.fr/image.ashx?id=2685799&use=l&cat=p&typeid=i","cat":284728},{"id":116321,"n":"Soupe liquide Liebig tomates  Et vermicelles - Brique 1L","p":2.06,"u":"2,06 €/L","img":"https://fd11-photos.leclercdrive.fr/image.ashx?id=2941481&use=l&cat=p&typeid=i","cat":284462},{"id":116387,"n":"Pâte à tartiner Poulain  Cacao noisette - 400g","p":2.88,"u":"7,20 €/KG","img":"https://fd11-photos.leclercdrive.fr/image.ashx?id=2806354&use=l&cat=p&typeid=i","cat":284481},{"id":116448,"n":"Huile lavante Dexyane Ducray 400ml","p":9.9,"u":"24,75 €/L","img":"https://fd11-photos.leclercdrive.fr/image.ashx?id=2338952&use=l&cat=p&typeid=i","cat":301591},{"id":116458,"n":"Crème émolliente Dexyane Ducray Anti-grattage - 200ml","p":13.8,"u":"69,00 €/L","img":"https://fd11-photos.leclercdrive.fr/image.ashx?id=2415984&use=l&cat=p&typeid=i","cat":290421},{"id":116493,"n":"Soin Effaclar La Roche Posay Duo  SPF30 - 40ml","p":14.98,"u":"374,50 €/L","img":"https://fd11-photos.leclercdrive.fr/image.ashx?id=2087002&use=l&cat=p&typeid=i","cat":291166},{"id":116520,"n":"Crème émolliente Ictyane Ducray Nutritive visage/corps - 200ml","p":10.4,"u":"52,00 €/L","img":"https://fd11-photos.leclercdrive.fr/image.ashx?id=2968883&use=l&cat=p&typeid=i","cat":290421},{"id":116521,"n":"Lait hydratant Ictyane Ducray Corps - 400ml","p":17.19,"u":"42,98 €/L","img":"https://fd11-photos.leclercdrive.fr/image.ashx?id=2756284&use=l&cat=p&typeid=i","cat":290421},{"id":116523,"n":"Crème hydratante teintée Avène Hydrance BB Riche SPF30 - 40ml","p":16.49,"u":"412,25 €/L","img":"https://fd11-photos.leclercdrive.fr/image.ashx?id=2968271&use=l&cat=p&typeid=i","cat":291171},{"id":116528,"n":"Soin puissant Liftactiv Vichy Re-tenseur anti-rides yeux-15ml","p":19.99,"img":"https://fd11-photos.leclercdrive.fr/image.ashx?id=1975619&use=l&cat=p&typeid=i","cat":291172},{"id":116532,"n":"Soin concentré La Roche-Posay Hydraphase intense yeux - 15ml","p":12.49,"u":"832,67 €/L","img":"https://fd11-photos.leclercdrive.fr/image.ashx?id=2086975&use=l&cat=p&typeid=i","cat":291172},{"id":116552,"n":"Soin hydratant quotidien Vichy Minéral 89 - 50ml","p":19.78,"u":"395,60 €/L","img":"https://fd11-photos.leclercdrive.fr/image.ashx?id=1975625&use=l&cat=p&typeid=i","cat":291171},{"id":116553,"n":"Soin rénovation La Roche-Posay Effaclar K  Peaux grasses -40ml","p":14.89,"u":"372,25 €/L","img":"https://fd11-photos.leclercdrive.fr/image.ashx?id=2165140&use=l&cat=p&typeid=i","cat":291166},{"id":116557,"n":"Mouche bébé Prohinel  x2 embouts jetables","p":6.43,"img":"https://fd11-photos.leclercdrive.fr/image.ashx?id=2918817&use=l&cat=p&typeid=i","cat":289435},{"id":116561,"n":"Déodorant bille Vichy Anti-transpirant 48H - 2x50ml","p":12.53,"u":"125,30 €/L","img":"https://fd11-photos.leclercdrive.fr/image.ashx?id=2352795&use=l&cat=p&typeid=i","cat":301593},{"id":116569,"n":"Huile lavante Xémose Uriage Apaisante - 1L","p":15.05,"u":"15,05 €/L","img":"https://fd11-photos.leclercdrive.fr/image.ashx?id=2967283&use=l&cat=p&typeid=i","cat":301591},{"id":116581,"n":"Frites au four Bio Bio Village - 600g","p":1.99,"u":"3,32 €/KG","img":"https://fd11-photos.leclercdrive.fr/image.ashx?id=2436329&use=l&cat=p&typeid=i","cat":319791},{"id":116704,"n":"Bonbons La Vosgienne Miel Citron - 36g","p":1.11,"u":"30,83 €/KG","img":"https://fd11-photos.leclercdrive.fr/image.ashx?id=2083036&use=l&cat=p&typeid=i","cat":304256},{"id":116716,"n":"Saumon fumé Labeyrie Sauvage - 2 tranches - 65g","p":4.89,"u":"75,23 €/KG","img":"https://fd11-photos.leclercdrive.fr/image.ashx?id=2313699&use=l&cat=p&typeid=i","cat":285188},{"id":116751,"n":"Sojasun mandarine citron vert 4x100g","p":1.6,"u":"4,00 €/KG","img":"https://fd11-photos.leclercdrive.fr/image.ashx?id=2355683&use=l&cat=p&typeid=i","cat":316071},{"id":116967,"n":"Carottes filière  Panier du Primeur - 1kg","p":1.49,"u":"1,49 €/KG","img":"https://fd11-photos.leclercdrive.fr/image.ashx?id=2920229&use=l&cat=p&typeid=i","cat":284352},{"id":116985,"n":"Parmesan Râpé Giovanni Ferrari  22 mois AOP - 60g","p":1.72,"u":"28,67 €/KG","img":"https://fd11-photos.leclercdrive.fr/image.ashx?id=3002297&use=l&cat=p&typeid=i","cat":314035},{"id":117131,"n":"Bouillon Cube Maggi Bouquet garni - 100g","p":1.76,"u":"17,60 €/KG","img":"https://fd11-photos.leclercdrive.fr/image.ashx?id=2697306&use=l&cat=p&typeid=i","cat":288379},{"id":117132,"n":"Bouillon kub légumes Maggi -25% sel - 120g","p":1.54,"u":"12,83 €/KG","img":"https://fd11-photos.leclercdrive.fr/image.ashx?id=2758443&use=l&cat=p&typeid=i","cat":288379},{"id":117222,"n":"Lotion eau précieuse Pureté de la peau - 2x375ml","p":18.0,"u":"24,00 €/L","img":"https://fd11-photos.leclercdrive.fr/image.ashx?id=2057254&use=l&cat=p&typeid=i","cat":301587},{"id":117225,"n":"Sirop Moulin de Valdonne Grenadine - 70cl","p":2.99,"u":"4,27 €/L","img":"https://fd11-photos.leclercdrive.fr/image.ashx?id=2170610&use=l&cat=p&typeid=i","cat":295020},{"id":117235,"n":"Sirop Moulin de Valdonne Pêche abricot - 70cl","p":3.33,"u":"4,76 €/L","img":"https://fd11-photos.leclercdrive.fr/image.ashx?id=2170613&use=l&cat=p&typeid=i","cat":295020},{"id":117248,"n":"Biscuits Gerblé Bio Amande cranberry - 132g","p":2.01,"u":"15,23 €/KG","img":"https://fd11-photos.leclercdrive.fr/image.ashx?id=2662868&use=l&cat=p&typeid=i","cat":318651},{"id":117252,"n":"Mouliné Régal Soupe Légumes d'autrefois - 1L","p":1.65,"u":"1,65 €/L","img":"https://fd11-photos.leclercdrive.fr/image.ashx?id=2607590&use=l&cat=p&typeid=i","cat":284462},{"id":117570,"n":"Galettes de riz Tables du monde Sachet - 100g","p":2.25,"u":"22,50 €/KG","img":"https://fd11-photos.leclercdrive.fr/image.ashx?id=2920223&use=l&cat=p&typeid=i","cat":288992},{"id":117657,"n":"IGP Foie gras Maison Montfort Canard Entier Sélection - 320g","p":27.95,"u":"87,34 €/KG","img":"https://fd11-photos.leclercdrive.fr/image.ashx?id=2730982&use=l&cat=p&typeid=i","cat":316008},{"id":117675,"n":"Bisque hormard bleu NRT 490g","p":3.41,"u":"6,96 €/KG","img":"https://fd11-photos.leclercdrive.fr/image.ashx?id=2954160&use=l&cat=p&typeid=i","cat":285192},{"id":117705,"n":"Ras El Hanout Ducros Epices couscous - 38g","p":1.83,"u":"48,16 €/KG","img":"https://fd11-photos.leclercdrive.fr/image.ashx?id=2559490&use=l&cat=p&typeid=i","cat":298297},{"id":117721,"n":"Truite Fumée  Ronde des Mers  4 tranches - 120g","p":4.3,"u":"35,83 €/KG","img":"https://fd11-photos.leclercdrive.fr/image.ashx?id=2084096&use=l&cat=p&typeid=i","cat":285188},{"id":117745,"n":"Bloc foie gras Maison Montfort 30% grande selection - 450g","p":27.95,"u":"62,11 €/KG","img":"https://fd11-photos.leclercdrive.fr/image.ashx?id=2731003&use=l&cat=p&typeid=i","cat":316008},{"id":117828,"n":"Lardons fumés au bois CharcuFine du Forez - 140g","p":1.29,"u":"9,21 €/KG","img":"https://fd11-photos.leclercdrive.fr/image.ashx?id=2913268&use=l&cat=p&typeid=i","cat":316011},{"id":118113,"n":"Sauce soja Bio Village Bio - 150ml","p":1.99,"u":"13,27 €/L","img":"https://fd11-photos.leclercdrive.fr/image.ashx?id=2913772&use=l&cat=p&typeid=i","cat":288992},{"id":118116,"n":"Sauce soja sucrée Bio Village Bio - 150ml","p":1.99,"u":"13,27 €/L","img":"https://fd11-photos.leclercdrive.fr/image.ashx?id=2913775&use=l&cat=p&typeid=i","cat":288992},{"id":118119,"n":"Nouilles sautées Yakiniku au boeuf et oignons - 300g","p":4.2,"u":"14,00 €/KG","img":"https://fd11-photos.leclercdrive.fr/image.ashx?id=1849600&use=l&cat=p&typeid=i","cat":284254},{"id":118217,"n":"Mini coquilles Saint-Jacques  Tipiak x8 - 100g","p":3.75,"u":"37,50 €/KG","img":"https://fd11-photos.leclercdrive.fr/image.ashx?id=2484212&use=l&cat=p&typeid=i","cat":319775},{"id":118220,"n":"Mini croustillants Tipiak Saint Jacques - x10 - 120g","p":3.75,"u":"31,25 €/KG","img":"https://fd11-photos.leclercdrive.fr/image.ashx?id=2484209&use=l&cat=p&typeid=i","cat":319774},{"id":118408,"n":"Lait bébé en poudre Galliagest 1er âge 0-6 mois 820g","p":19.44,"u":"23,71 €/KG","img":"https://fd11-photos.leclercdrive.fr/image.ashx?id=2983054&use=l&cat=p&typeid=i","cat":284726},{"id":118412,"n":"Lait bébé en poudre Galliagest 2 âge 6-12 mois 820g","p":18.2,"u":"22,20 €/KG","img":"https://fd11-photos.leclercdrive.fr/image.ashx?id=2771666&use=l&cat=p&typeid=i","cat":284727},{"id":118414,"n":"Lait bébé en poudre Blédilait 1er âge 0-6 mois 820g","p":15.17,"u":"18,50 €/KG","img":"https://fd11-photos.leclercdrive.fr/image.ashx?id=2500051&use=l&cat=p&typeid=i","cat":284726},{"id":118426,"n":"Lait bébé en poudre Blédilait 2e âge 6-12 mois 820g","p":14.7,"u":"17,93 €/KG","img":"https://fd11-photos.leclercdrive.fr/image.ashx?id=2500054&use=l&cat=p&typeid=i","cat":284727},{"id":118442,"n":"Bonbons Tic Tac Menthe extra fraîche x100 - 49g","p":1.57,"u":"32,04 €/KG","img":"https://fd11-photos.leclercdrive.fr/image.ashx?id=2737243&use=l&cat=p&typeid=i","cat":304256},{"id":118447,"n":"Soupe deshydratée Knorr Tomate mozzarella - 75cl","p":1.18,"u":"1,57 €/L","img":"https://fd11-photos.leclercdrive.fr/image.ashx?id=2788919&use=l&cat=p&typeid=i","cat":284463},{"id":118574,"n":"Saumon fumé de Norvège Petit Navire 10 tranches - 325g","p":10.7,"u":"32,92 €/KG","img":"https://fd11-photos.leclercdrive.fr/image.ashx?id=2159949&use=l&cat=p&typeid=i","cat":285188},{"id":118612,"n":"Crêpes fourrées  Whaou Chocolat au lait  - x8 - 256g","p":2.16,"u":"8,44 €/KG","img":"https://fd11-photos.leclercdrive.fr/image.ashx?id=2960171&use=l&cat=p&typeid=i","cat":284494},{"id":118614,"n":"Blinis pour saumon fumé Labeyrie x8 - 200g","p":1.95,"u":"9,75 €/KG","img":"https://fd11-photos.leclercdrive.fr/image.ashx?id=2971023&use=l&cat=p&typeid=i","cat":285191},{"id":119022,"n":"Fromage Le Mottin  Crémeux - 185g","p":2.39,"u":"12,92 €/KG","img":"https://fd11-photos.leclercdrive.fr/image.ashx?id=2415574&use=l&cat=p&typeid=i","cat":329558},{"id":119080,"n":"Sauce pour saumon Labeyrie Aux fines herbes - 145g","p":2.29,"u":"15,79 €/KG","img":"https://fd11-photos.leclercdrive.fr/image.ashx?id=2467811&use=l&cat=p&typeid=i","cat":285191},{"id":119161,"n":"Maki saumon x6 1p","p":4.99,"img":"https://fd11-photos.leclercdrive.fr/image.ashx?id=2735740&use=l&cat=p&typeid=i","cat":286791},{"id":119163,"n":"Crunch tuna  x8 - 1p","p":6.99,"img":"https://fd11-photos.leclercdrive.fr/image.ashx?id=2539941&use=l&cat=p&typeid=i","cat":286791},{"id":119165,"n":"Tuna box  x12 - 1p","p":7.99,"img":"https://fd11-photos.leclercdrive.fr/image.ashx?id=2631165&use=l&cat=p&typeid=i","cat":286791},{"id":119167,"n":"Market Découverte Sushi Market 305g","p":14.99,"u":"49,15 €/KG","img":"https://fd11-photos.leclercdrive.fr/image.ashx?id=2614233&use=l&cat=p&typeid=i","cat":286791},{"id":119168,"n":"Plateau découverte 1p","p":15.99,"img":"https://fd11-photos.leclercdrive.fr/image.ashx?id=2614230&use=l&cat=p&typeid=i","cat":286791},{"id":119262,"n":"Sauce bolognaise Panzani 100% Pur Bœuf - 400G","p":2.21,"u":"5,53 €/KG","img":"https://fd11-photos.leclercdrive.fr/image.ashx?id=2984754&use=l&cat=p&typeid=i","cat":287599},{"id":119264,"n":"Sauce Bolognaise Panzani 100% Pur Bœuf - 650G","p":3.41,"u":"5,25 €/KG","img":"https://fd11-photos.leclercdrive.fr/image.ashx?id=2977933&use=l&cat=p&typeid=i","cat":287599},{"id":119271,"n":"Haricots rouge Notre Jardin 3x125g","p":1.91,"u":"5,09 €/KG","img":"https://fd11-photos.leclercdrive.fr/image.ashx?id=2988111&use=l&cat=p&typeid=i","cat":312606},{"id":119273,"n":"Carottes Notre Jardin 3x130g","p":2.25,"u":"5,77 €/KG","img":"https://fd11-photos.leclercdrive.fr/image.ashx?id=2537364&use=l&cat=p&typeid=i","cat":312607},{"id":119337,"n":"Crème légère jour So Bio Etic Anti-âge argan bio - 50ml","p":8.58,"u":"171,60 €/L","img":"https://fd11-photos.leclercdrive.fr/image.ashx?id=2788730&use=l&cat=p&typeid=i","cat":325345},{"id":119432,"n":"Capsules Café Royal  Espresso - x36 - 190g","p":9.05,"u":"47,63 €/KG","img":"https://fd11-photos.leclercdrive.fr/image.ashx?id=2787815&use=l&cat=p&typeid=i","cat":284749},{"id":119510,"n":"Blancs de poireaux filière Panier du Primeur - 500g","p":2.99,"u":"5,98 €/KG","img":"https://fd11-photos.leclercdrive.fr/image.ashx?id=2930894&use=l&cat=p&typeid=i","cat":284352},{"id":119594,"n":"Endives jeunes pousses  Nos Régions ont du Talent x6","p":2.49,"u":"9,58 €/KG","img":"https://fd11-photos.leclercdrive.fr/image.ashx?id=2778099&use=l&cat=p&typeid=i","cat":284352},{"id":119709,"n":"Fromage Persillée Saint Agur  125g","p":2.35,"u":"18,80 €/KG","img":"https://fd11-photos.leclercdrive.fr/image.ashx?id=2981515&use=l&cat=p&typeid=i","cat":314032},{"id":119743,"n":"Emmental français Entremont Portion - 500g","p":6.18,"u":"12,36 €/KG","img":"https://fd11-photos.leclercdrive.fr/image.ashx?id=2966980&use=l&cat=p&typeid=i","cat":314034},{"id":119797,"n":"Comté fromage bloc Les Croisés 200g","p":2.85,"u":"14,25 €/KG","img":"https://fd11-photos.leclercdrive.fr/image.ashx?id=2856585&use=l&cat=p&typeid=i","cat":314034},{"id":119893,"n":"Skyr Nature Délisse 450g","p":1.89,"u":"4,20 €/KG","img":"https://fd11-photos.leclercdrive.fr/image.ashx?id=2992549&use=l&cat=p&typeid=i","cat":315000},{"id":119904,"n":"Tripes provençales Bigard 1kg","p":5.95,"u":"5,95 €/KG","img":"https://fd11-photos.leclercdrive.fr/image.ashx?id=1870354&use=l&cat=p&typeid=i","cat":333666},{"id":119911,"n":"Filet cabillaud pané MSC Cité Marine - 220g","p":5.0,"u":"22,73 €/KG","img":"https://fd11-photos.leclercdrive.fr/image.ashx?id=2022525&use=l&cat=p&typeid=i","cat":284344},{"id":119914,"n":"Lasagnes de thon Maison Briau 850g","p":8.48,"u":"9,98 €/KG","img":"https://fd11-photos.leclercdrive.fr/image.ashx?id=2853224&use=l&cat=p&typeid=i","cat":333666},{"id":119928,"n":"Cannellonis aux crevettes Maison Briau - 750g","p":8.81,"u":"11,75 €/KG","img":"https://fd11-photos.leclercdrive.fr/image.ashx?id=2842765&use=l&cat=p&typeid=i","cat":285340},{"id":119941,"n":"Fromage à Tartiner Tartare Ail et Fines Herbes 10P - 160g","p":2.07,"u":"12,94 €/KG","img":"https://fd11-photos.leclercdrive.fr/image.ashx?id=2867410&use=l&cat=p&typeid=i","cat":314029},{"id":119954,"n":"Crevettes Delpierre ASC décortiquées - 100g","p":3.71,"u":"37,10 €/KG","img":"https://fd11-photos.leclercdrive.fr/image.ashx?id=2870530&use=l&cat=p&typeid=i","cat":284343},{"id":119956,"n":"Filets de limande du Nord MSC L'Atelier Poissonnerie x2 200g","p":3.39,"u":"16,95 €/KG","img":"https://fd11-photos.leclercdrive.fr/image.ashx?id=2652101&use=l&cat=p&typeid=i","cat":284344},{"id":119957,"n":"Acras de morue Maison Briau A la créole ciboule piment 200g","p":3.23,"u":"16,15 €/KG","img":"https://fd11-photos.leclercdrive.fr/image.ashx?id=2959469&use=l&cat=p&typeid=i","cat":333673},{"id":119958,"n":"Filets de colin d'Alaska Meunière MSC x2 - 200g","p":2.49,"u":"12,45 €/KG","img":"https://fd11-photos.leclercdrive.fr/image.ashx?id=2652107&use=l&cat=p&typeid=i","cat":284344},{"id":119959,"n":"Filets de limande du Nord MSC L'Atelier Poissonnerie x4 400g","p":6.49,"u":"16,23 €/KG","img":"https://fd11-photos.leclercdrive.fr/image.ashx?id=2855292&use=l&cat=p&typeid=i","cat":284344},{"id":119960,"n":"Filets de colin pané d'Alaska MSC sans arrêtes x2 - 220g","p":2.99,"u":"13,59 €/KG","img":"https://fd11-photos.leclercdrive.fr/image.ashx?id=2652110&use=l&cat=p&typeid=i","cat":284344},{"id":119962,"n":"Tielles gourmandes de Sète Pêcheries Sétoises x2 - 150g","p":3.77,"u":"25,13 €/KG","img":"https://fd11-photos.leclercdrive.fr/image.ashx?id=2944813&use=l&cat=p&typeid=i","cat":285094},{"id":119963,"n":"Pavés de saumon de Norvège ASC L'Atelier Poissonnerie x2 250g","p":5.99,"u":"23,96 €/KG","img":"https://fd11-photos.leclercdrive.fr/image.ashx?id=2340590&use=l&cat=p&typeid=i","cat":284342},{"id":119965,"n":"Pavés de saumon ASC Norvège L'Atelier Poissonnerie x4 -500g","p":11.49,"u":"22,98 €/KG","img":"https://fd11-photos.leclercdrive.fr/image.ashx?id=2349926&use=l&cat=p&typeid=i","cat":284342},{"id":120212,"n":"Nouilles soba Cup Nissin Classique - 90g","p":1.99,"u":"22,11 €/KG","img":"https://fd11-photos.leclercdrive.fr/image.ashx?id=2433512&use=l&cat=p&typeid=i","cat":288992},{"id":120225,"n":"Percarbonate de sodium Clair 500g","p":2.99,"u":"5,98 €/KG","img":"https://fd11-photos.leclercdrive.fr/image.ashx?id=2822141&use=l&cat=p&typeid=i","cat":325365},{"id":120331,"n":"Eau gazeuse minérale Salvetat Pauvre en sodium - 6x1,15L","p":3.0,"u":"0,43 €/L","img":"https://fd11-photos.leclercdrive.fr/image.ashx?id=2578693&use=l&cat=p&typeid=i","cat":284536},{"id":120346,"n":"Mini gratins chorizo Côté Table 400g","p":3.79,"u":"9,48 €/KG","img":"https://fd11-photos.leclercdrive.fr/image.ashx?id=2641292&use=l&cat=p&typeid=i","cat":319802},{"id":120348,"n":"Purée 4 mois Bio Village Pomme pruneaux bio - 4x100g","p":1.69,"u":"4,23 €/KG","img":"https://fd11-photos.leclercdrive.fr/image.ashx?id=2704837&use=l&cat=p&typeid=i","cat":312387},{"id":120349,"n":"Purée 4 mois Bio Village Pomme Abricot bio - 4x100g","p":1.89,"u":"4,73 €/KG","img":"https://fd11-photos.leclercdrive.fr/image.ashx?id=2704690&use=l&cat=p&typeid=i","cat":312387},{"id":120350,"n":"Purée 4 mois Bio Village Pomme coing bio - 4x100g","p":1.79,"u":"4,48 €/KG","img":"https://fd11-photos.leclercdrive.fr/image.ashx?id=2704840&use=l&cat=p&typeid=i","cat":312387},{"id":120351,"n":"Purée 4 mois Bio Village Pomme myrtilles bio - 4x100g","p":1.99,"u":"4,98 €/KG","img":"https://fd11-photos.leclercdrive.fr/image.ashx?id=2704843&use=l&cat=p&typeid=i","cat":312387},{"id":120401,"n":"Boisson aux fruits Oasis Tropical - 4x2L","p":9.63,"u":"1,20 €/L","img":"https://fd11-photos.leclercdrive.fr/image.ashx?id=3011089&use=l&cat=p&typeid=i","cat":295018},{"id":120403,"n":"Adoucissant L'Arbre Vert Souffle de pureté x53 - 800ml","p":2.6,"u":"3,25 €/L","img":"https://fd11-photos.leclercdrive.fr/image.ashx?id=3001386&use=l&cat=p&typeid=i","cat":284650},{"id":120421,"n":"Crème de coco Real Thai 200ml","p":1.82,"u":"9,10 €/L","img":"https://fd11-photos.leclercdrive.fr/image.ashx?id=2857944&use=l&cat=p&typeid=i","cat":288992},{"id":120422,"n":"Lait de coco uht Real Thai 200ml","p":1.69,"u":"8,45 €/L","img":"https://fd11-photos.leclercdrive.fr/image.ashx?id=2872249&use=l&cat=p&typeid=i","cat":288992},{"id":120488,"n":"Riz parfumé Comptoir du Grain Basmati -1kg","p":2.48,"u":"2,48 €/KG","img":"https://fd11-photos.leclercdrive.fr/image.ashx?id=2923399&use=l&cat=p&typeid=i","cat":284428},{"id":120492,"n":"Céréales fourrées P'tit Déli Chocolat noisette - 450g","p":2.19,"u":"4,87 €/KG","img":"https://fd11-photos.leclercdrive.fr/image.ashx?id=2819636&use=l&cat=p&typeid=i","cat":309513},{"id":120499,"n":"Pavés truite arc en ciel Atelier Poissonnerie x2 - 250g","p":5.89,"u":"23,56 €/KG","img":"https://fd11-photos.leclercdrive.fr/image.ashx?id=2927875&use=l&cat=p&typeid=i","cat":284342},{"id":120519,"n":"Correcteur anticerne Maybelline Instant Anti-Age 02 Beige Nu","p":8.49,"img":"https://fd11-photos.leclercdrive.fr/image.ashx?id=2423172&use=l&cat=p&typeid=i","cat":287029},{"id":120660,"n":"Purée 4 mois Bio Village Fruits verger bio - 4x100g","p":1.89,"u":"4,73 €/KG","img":"https://fd11-photos.leclercdrive.fr/image.ashx?id=2704846&use=l&cat=p&typeid=i","cat":312387},{"id":120661,"n":"Purée 4 mois Bio Village Pomme Fraise Banane bio -4x100g","p":1.69,"u":"4,23 €/KG","img":"https://fd11-photos.leclercdrive.fr/image.ashx?id=2704849&use=l&cat=p&typeid=i","cat":312387},{"id":120663,"n":"Purée 6 mois Bio Village Pomme carotte mangue bio-4x100g","p":1.79,"u":"4,48 €/KG","img":"https://fd11-photos.leclercdrive.fr/image.ashx?id=2704852&use=l&cat=p&typeid=i","cat":312388},{"id":120665,"n":"Purée 6 mois Bio Village Pomme Biscuit bio - 4x100g","p":1.79,"u":"4,48 €/KG","img":"https://fd11-photos.leclercdrive.fr/image.ashx?id=2704855&use=l&cat=p&typeid=i","cat":312388},{"id":120669,"n":"Assiette 18 mois Bio Village Blanquette dinde bio - 260g","p":1.89,"u":"7,27 €/KG","img":"https://fd11-photos.leclercdrive.fr/image.ashx?id=2900229&use=l&cat=p&typeid=i","cat":312238},{"id":120679,"n":"Petits pots bébé P'TIT SOUPER Petits pois pâtes 12M+ - 2x200g","p":1.66,"u":"4,15 €/KG","img":"https://fd11-photos.leclercdrive.fr/image.ashx?id=2526517&use=l&cat=p&typeid=i","cat":312239},{"id":120681,"n":"Petits pots bébé P'TIT SOUPER Légumes Pâtes 8M+ - 2x200g","p":1.76,"u":"4,40 €/KG","img":"https://fd11-photos.leclercdrive.fr/image.ashx?id=2526520&use=l&cat=p&typeid=i","cat":312239},{"id":120683,"n":"Petits pots bébé P'TITE RECETTE Bœuf bourguignon 12M+ - 2x200g","p":2.12,"u":"5,30 €/KG","img":"https://fd11-photos.leclercdrive.fr/image.ashx?id=2525714&use=l&cat=p&typeid=i","cat":312237},{"id":120798,"n":"Filet de poulet jaune Volandrie Extra tendre - 300g","p":3.8,"u":"12,67 €/KG","img":"https://fd11-photos.leclercdrive.fr/image.ashx?id=2714894&use=l&cat=p&typeid=i","cat":284336},{"id":120799,"n":"Filet de poulet jaune Volandrie 300g","p":3.69,"u":"12,30 €/KG","img":"https://fd11-photos.leclercdrive.fr/image.ashx?id=2647910&use=l&cat=p&typeid=i","cat":284336},{"id":120800,"n":"Filet de poulet blanc Volandrie Extra tendre - 300g","p":3.8,"u":"12,67 €/KG","img":"https://fd11-photos.leclercdrive.fr/image.ashx?id=2647904&use=l&cat=p&typeid=i","cat":284336},{"id":120801,"n":"Filets poulet blanc Volandrie 300g","p":3.69,"u":"12,30 €/KG","img":"https://fd11-photos.leclercdrive.fr/image.ashx?id=2647907&use=l&cat=p&typeid=i","cat":284336},{"id":120828,"n":"Poêle 24cm Easy Cook'n Clean Tous feux sauf induction","p":15.22,"img":"https://fd11-photos.leclercdrive.fr/image.ashx?id=2531856&use=l&cat=p&typeid=i","cat":298490},{"id":120832,"n":"Casserole Easy Cook'n Clean 20cm Tous feux sauf induction","p":15.22,"img":"https://fd11-photos.leclercdrive.fr/image.ashx?id=2606921&use=l&cat=p&typeid=i","cat":298490},{"id":120869,"n":"Poudre d'amande Bio Village Doypack bio - 100g","p":2.5,"u":"25,00 €/KG","img":"https://fd11-photos.leclercdrive.fr/image.ashx?id=1873546&use=l&cat=p&typeid=i","cat":284504},{"id":120870,"n":"Amande effilée Bio Village Doypack bio - 100g","p":3.06,"u":"30,60 €/KG","img":"https://fd11-photos.leclercdrive.fr/image.ashx?id=1873549&use=l&cat=p&typeid=i","cat":284504},{"id":120872,"n":"Pépites chocolat Bio Village Bio - 100g","p":2.22,"u":"22,20 €/KG","img":"https://fd11-photos.leclercdrive.fr/image.ashx?id=2590544&use=l&cat=p&typeid=i","cat":284504},{"id":120940,"n":"Solution micellaire Bioderma ABCDerm H2O - 1L","p":9.99,"u":"9,99 €/L","img":"https://fd11-photos.leclercdrive.fr/image.ashx?id=2956514&use=l&cat=p&typeid=i","cat":290425},{"id":121096,"n":"Chocolat Peluche mix Kinder Ours - 133g","p":13.88,"u":"104,36 €/KG","img":"https://fd11-photos.leclercdrive.fr/image.ashx?id=1895392&use=l&cat=p&typeid=i","cat":327789},{"id":121156,"n":"Foie gras de canard Delpeyrat 270g","p":30.99,"u":"114,78 €/KG","img":"https://fd11-photos.leclercdrive.fr/image.ashx?id=2906085&use=l&cat=p&typeid=i","cat":316008},{"id":121157,"n":"Foie gras de canard Delpeyrat Entier - 270g","p":30.99,"u":"114,78 €/KG","img":"https://fd11-photos.leclercdrive.fr/image.ashx?id=2906082&use=l&cat=p&typeid=i","cat":316008},{"id":121235,"n":"Pandoro beurre La Fornareta 750g","p":6.8,"u":"9,07 €/KG","img":"https://fd11-photos.leclercdrive.fr/image.ashx?id=1879780&use=l&cat=p&typeid=i","cat":289010},{"id":121266,"n":"Chocolat en poudre Poulain Grand Arôme: 32% cacao - 450g","p":3.0,"u":"6,67 €/KG","img":"https://fd11-photos.leclercdrive.fr/image.ashx?id=2867116&use=l&cat=p&typeid=i","cat":293235},{"id":121315,"n":"Haché Happy Family Charal 20x80g - 1,6kg","p":17.87,"u":"11,17 €/KG","img":"https://fd11-photos.leclercdrive.fr/image.ashx?id=2739776&use=l&cat=p&typeid=i","cat":319778},{"id":121356,"n":"Dentifrice Original Parodontax Complete protect - 75ml","p":5.43,"u":"72,40 €/L","img":"https://fd11-photos.leclercdrive.fr/image.ashx?id=2546749&use=l&cat=p&typeid=i","cat":284612},{"id":121417,"n":"Couches écologiques Biolane Jumbo T3 - x52","p":17.06,"u":"0,33 €/P","img":"https://fd11-photos.leclercdrive.fr/image.ashx?id=2876521&use=l&cat=p&typeid=i","cat":284737},{"id":121436,"n":"Crème anti-âge L'Oréal Paris Revitalift SPF 25 - 50ml","p":14.11,"u":"282,20 €/L","img":"https://fd11-photos.leclercdrive.fr/image.ashx?id=2853230&use=l&cat=p&typeid=i","cat":325345},{"id":121438,"n":"Sérum repulpant L'Oréal Paris Revitalift Anti-rides - 30ml","p":13.7,"u":"456,67 €/L","img":"https://fd11-photos.leclercdrive.fr/image.ashx?id=2926584&use=l&cat=p&typeid=i","cat":325345},{"id":121447,"n":"Flanbolo Haribo Sachet bonbons - 200g","p":1.72,"u":"8,60 €/KG","img":"https://fd11-photos.leclercdrive.fr/image.ashx?id=2806117&use=l&cat=p&typeid=i","cat":304250},{"id":121453,"n":"Ricola sans sucre citron vert Thé vert - 50g","p":1.86,"u":"37,20 €/KG","img":"https://fd11-photos.leclercdrive.fr/image.ashx?id=2382189&use=l&cat=p&typeid=i","cat":304256},{"id":121708,"n":"Céréales fourrées P'tit Déli Chocolat noisette - 650g","p":3.08,"u":"4,74 €/KG","img":"https://fd11-photos.leclercdrive.fr/image.ashx?id=2840740&use=l&cat=p&typeid=i","cat":309513},{"id":121888,"n":"Baume Lipikar La Roche Posay AP  M - 400ml","p":19.74,"u":"49,35 €/L","img":"https://fd11-photos.leclercdrive.fr/image.ashx?id=2497328&use=l&cat=p&typeid=i","cat":290421},{"id":121992,"n":"Secret de mousse La laitière Chocolat Lait et Blanc - 4x59 g","p":1.4,"u":"5,93 €/KG","img":"https://fd11-photos.leclercdrive.fr/image.ashx?id=2729782&use=l&cat=p&typeid=i","cat":284417},{"id":122102,"n":"Noix de coco bio Bio Village En poudre - 100g","p":1.63,"u":"16,30 €/KG","img":"https://fd11-photos.leclercdrive.fr/image.ashx?id=1879994&use=l&cat=p&typeid=i","cat":284504},{"id":122221,"n":"Concentré Sodastream Pepsi - 440ml","p":5.99,"pp":4.99,"u":"11,34 €/L","img":"https://fd11-photos.leclercdrive.fr/image.ashx?id=2665532&use=l&cat=p&typeid=i","cat":295020},{"id":122222,"n":"Concentré Sodastream Pepsi Max- 440ml","p":5.99,"pp":4.99,"u":"11,34 €/L","img":"https://fd11-photos.leclercdrive.fr/image.ashx?id=2665535&use=l&cat=p&typeid=i","cat":295020},{"id":122223,"n":"Concentré Sodastream 7UP - 440ml","p":5.99,"pp":4.99,"u":"11,34 €/L","img":"https://fd11-photos.leclercdrive.fr/image.ashx?id=2814211&use=l&cat=p&typeid=i","cat":295020},{"id":122224,"n":"Concentré Sodastream 7UP Free - 440ml","p":5.99,"pp":4.99,"u":"11,34 €/L","img":"https://fd11-photos.leclercdrive.fr/image.ashx?id=2665822&use=l&cat=p&typeid=i","cat":295020},{"id":122344,"n":"Pots bébé soir bio Babybio Légumes riz - 8 mois - 2x200g","p":2.83,"u":"7,08 €/KG","img":"https://fd11-photos.leclercdrive.fr/image.ashx?id=2838314&use=l&cat=p&typeid=i","cat":312239},{"id":122346,"n":"Babybio Optima croissance 3 Bio 800g","p":16.43,"u":"20,54 €/KG","img":"https://fd11-photos.leclercdrive.fr/image.ashx?id=2944029&use=l&cat=p&typeid=i","cat":290219},{"id":122347,"n":"Lait Primea 2 Bio Babybio 800g","p":17.04,"u":"21,30 €/KG","img":"https://fd11-photos.leclercdrive.fr/image.ashx?id=2962824&use=l&cat=p&typeid=i","cat":284727},{"id":122348,"n":"Lait Primea 3 Bio Babybio 800g","p":14.28,"u":"17,85 €/KG","img":"https://fd11-photos.leclercdrive.fr/image.ashx?id=2944026&use=l&cat=p&typeid=i","cat":290219},{"id":122356,"n":"Bruschetta saumon La pièce","p":4.15,"img":"https://fd11-photos.leclercdrive.fr/image.ashx?id=1626843&use=l&cat=p&typeid=i","cat":333679},{"id":122403,"n":"Patate douce bio Bio Village 500g","p":2.49,"u":"4,98 €/KG","img":"https://fd11-photos.leclercdrive.fr/image.ashx?id=2934805&use=l&cat=p&typeid=i","cat":284352},{"id":122419,"n":"Skyr Siggi's  Nature 0% MG - 2x140g","p":2.14,"u":"7,64 €/KG","img":"https://fd11-photos.leclercdrive.fr/image.ashx?id=2372412&use=l&cat=p&typeid=i","cat":315000},{"id":122420,"n":"Skyr Siggi's  Vanille - 2x140g","p":2.01,"u":"7,18 €/KG","img":"https://fd11-photos.leclercdrive.fr/image.ashx?id=2646119&use=l&cat=p&typeid=i","cat":315000},{"id":122457,"n":"Soda 7UP Citron/citron vert zéro -4x1.5L","p":4.56,"u":"0,76 €/L","img":"https://fd11-photos.leclercdrive.fr/image.ashx?id=2689601&use=l&cat=p&typeid=i","cat":284531},{"id":122528,"n":"Skyr Siggi's  Framboise - 2x140g","p":2.03,"u":"7,25 €/KG","img":"https://fd11-photos.leclercdrive.fr/image.ashx?id=2692095&use=l&cat=p&typeid=i","cat":315000},{"id":122529,"n":"Skyr Siggi's  Myrtille - 2x140g","p":2.14,"u":"7,64 €/KG","img":"https://fd11-photos.leclercdrive.fr/image.ashx?id=2692098&use=l&cat=p&typeid=i","cat":315000},{"id":122539,"n":"Débouche-évier Homeside 1 pièce","p":1.47,"img":"https://fd11-photos.leclercdrive.fr/image.ashx?id=2081104&use=l&cat=p&typeid=i","cat":284669},{"id":122790,"n":"Chips Tuiles Pringles Hot Spicy - 175g","p":1.71,"u":"9,77 €/KG","img":"https://fd11-photos.leclercdrive.fr/image.ashx?id=2902295&use=l&cat=p&typeid=i","cat":287899},{"id":122792,"n":"Chips Tuiles Pringles Crème et Oignon - 175g","p":1.69,"u":"9,66 €/KG","img":"https://fd11-photos.leclercdrive.fr/image.ashx?id=2902292&use=l&cat=p&typeid=i","cat":287899},{"id":122808,"n":"Jeune pousse Panier du Primeur 125g","p":0.99,"u":"7,92 €/KG","img":"https://fd11-photos.leclercdrive.fr/image.ashx?id=2616060&use=l&cat=p&typeid=i","cat":284353},{"id":122810,"n":"Kakis Panier du Primeur Barquette 1kg","p":2.99,"u":"2,99 €/KG","img":"https://fd11-photos.leclercdrive.fr/image.ashx?id=2402798&use=l&cat=p&typeid=i","cat":284356},{"id":122895,"n":"Chips Tuiles Pringles Original - 175g","p":1.68,"u":"9,60 €/KG","img":"https://fd11-photos.leclercdrive.fr/image.ashx?id=2902298&use=l&cat=p&typeid=i","cat":287899},{"id":122973,"n":"Jambon de Paris Tradilège Découenné - 2 tranches - 80g","p":1.2,"u":"15,00 €/KG","img":"https://fd11-photos.leclercdrive.fr/image.ashx?id=2994384&use=l&cat=p&typeid=i","cat":316009},{"id":123029,"n":"Poisson pané Colin Findus Extra croustillant - x2 250g","p":2.82,"u":"11,28 €/KG","img":"https://fd11-photos.leclercdrive.fr/image.ashx?id=3014548&use=l&cat=p&typeid=i","cat":319788},{"id":123062,"n":"Jambon de Paris Tradilège A l'étouffé - 160g","p":1.69,"u":"10,56 €/KG","img":"https://fd11-photos.leclercdrive.fr/image.ashx?id=2951143&use=l&cat=p&typeid=i","cat":316009},{"id":123063,"n":"Jambon de Paris Tradilège Découenné dégraissé x6 - 240g","p":2.39,"u":"9,96 €/KG","img":"https://fd11-photos.leclercdrive.fr/image.ashx?id=2951146&use=l&cat=p&typeid=i","cat":316009},{"id":123065,"n":"Jambon de Paris Tradilège À l'étouffée x8 - 320g","p":3.12,"u":"9,75 €/KG","img":"https://fd11-photos.leclercdrive.fr/image.ashx?id=2404184&use=l&cat=p&typeid=i","cat":316009},{"id":123067,"n":"Jambon de Paris Tradilège Découenné dégraissé x10 - 400g","p":3.85,"u":"9,63 €/KG","img":"https://fd11-photos.leclercdrive.fr/image.ashx?id=2930787&use=l&cat=p&typeid=i","cat":316009},{"id":123070,"n":"Jambon de Paris Tradilège -25% de sel - 4 tranches - 140g","p":2.05,"u":"14,64 €/KG","img":"https://fd11-photos.leclercdrive.fr/image.ashx?id=2991527&use=l&cat=p&typeid=i","cat":316009},{"id":123071,"n":"Jambon de Paris Tradilège -25% de sel - 6 tranches - 210g","p":2.49,"u":"11,86 €/KG","img":"https://fd11-photos.leclercdrive.fr/image.ashx?id=2208612&use=l&cat=p&typeid=i","cat":316009},{"id":123074,"n":"Jambon supérieur Tradilège Découenné dégraissé x4 - 160g","p":2.21,"u":"13,81 €/KG","img":"https://fd11-photos.leclercdrive.fr/image.ashx?id=2984194&use=l&cat=p&typeid=i","cat":316009},{"id":123076,"n":"Jambon supérieur Tradilège Découenné dégraissé x6 - 240g","p":3.25,"u":"13,54 €/KG","img":"https://fd11-photos.leclercdrive.fr/image.ashx?id=2974879&use=l&cat=p&typeid=i","cat":316009},{"id":123103,"n":"Jambon supérieur Tradilège Sans couenne x8 - 320g","p":4.29,"u":"13,41 €/KG","img":"https://fd11-photos.leclercdrive.fr/image.ashx?id=2943692&use=l&cat=p&typeid=i","cat":316009},{"id":123105,"n":"Jambon supérieur Tradilège Avec couenne 4 tranches - 160g","p":2.04,"u":"12,75 €/KG","img":"https://fd11-photos.leclercdrive.fr/image.ashx?id=2925756&use=l&cat=p&typeid=i","cat":316009},{"id":123106,"n":"Jambon supérieur Tradilège Avec couenne 6 tranches - 240g","p":3.08,"u":"12,83 €/KG","img":"https://fd11-photos.leclercdrive.fr/image.ashx?id=2970593&use=l&cat=p&typeid=i","cat":316009},{"id":123107,"n":"Jambon supérieur Tradilège Avec couenne 8 tranches - 320g","p":4.09,"u":"12,78 €/KG","img":"https://fd11-photos.leclercdrive.fr/image.ashx?id=1914339&use=l&cat=p&typeid=i","cat":316009},{"id":123108,"n":"Jambon supérieur Tradilège Label rouge découenné x4 - 160g","p":2.59,"u":"16,19 €/KG","img":"https://fd11-photos.leclercdrive.fr/image.ashx?id=1914342&use=l&cat=p&typeid=i","cat":316009},{"id":123121,"n":"Oeufs Marque rèpere De Nos Régions - x20","p":4.29,"u":"0,21 €/P","img":"https://fd11-photos.leclercdrive.fr/image.ashx?id=2969806&use=l&cat=p&typeid=i","cat":284378},{"id":123360,"n":"Pétales Tables du Monde A la crevette ASC - 50g","p":0.65,"u":"13,00 €/KG","img":"https://fd11-photos.leclercdrive.fr/image.ashx?id=2920220&use=l&cat=p&typeid=i","cat":288992},{"id":123368,"n":"Brume d'eau Mot d'enfant 200ml","p":1.99,"u":"9,95 €/L","img":"https://fd11-photos.leclercdrive.fr/image.ashx?id=3015123&use=l&cat=p&typeid=i","cat":284741},{"id":123384,"n":"Salade croquante Notre Jardin 250g","p":2.08,"u":"8,32 €/KG","img":"https://fd11-photos.leclercdrive.fr/image.ashx?id=2663284&use=l&cat=p&typeid=i","cat":284353},{"id":123397,"n":"Bière sans alcool Tourtel Twist Framboise 0,0° - 6x27,5cl","p":4.04,"u":"2,45 €/L","img":"https://fd11-photos.leclercdrive.fr/image.ashx?id=2886705&use=l&cat=p&typeid=i","cat":334877},{"id":123400,"n":"Cire corps Laurence Dumont Bandes - x20","p":3.53,"u":"0,18 €/P","img":"https://fd11-photos.leclercdrive.fr/image.ashx?id=2606358&use=l&cat=p&typeid=i","cat":325351},{"id":123407,"n":"Bière sans alcool Tourtel Twist Citron 0,0° - 6x27,5cl","p":3.79,"u":"2,30 €/L","img":"https://fd11-photos.leclercdrive.fr/image.ashx?id=2886702&use=l&cat=p&typeid=i","cat":334877},{"id":123416,"n":"Soda Coca-Cola Original Bouteille - Pack 6x1,75L","p":14.19,"u":"1,35 €/L","img":"https://fd11-photos.leclercdrive.fr/image.ashx?id=2878333&use=l&cat=p&typeid=i","cat":284530},{"id":123418,"n":"Bière blonde Leffe sans alcool 0,0% - 6x25cl","p":4.46,"u":"2,97 €/L","img":"https://fd11-photos.leclercdrive.fr/image.ashx?id=2548303&use=l&cat=p&typeid=i","cat":334877},{"id":123422,"n":"Soda Coca-Cola Sans Sucres Bouteille - 1,75L","p":1.69,"u":"0,97 €/L","img":"https://fd11-photos.leclercdrive.fr/image.ashx?id=2971748&use=l&cat=p&typeid=i","cat":284530},{"id":123436,"n":"Boisson fruit shoot Teisseire Tropical - 6x20cl","p":2.57,"u":"2,14 €/L","img":"https://fd11-photos.leclercdrive.fr/image.ashx?id=2858204&use=l&cat=p&typeid=i","cat":295018},{"id":123437,"n":"Boisson Fruit shoot Teisseire Multivamine - 6x20cl","p":2.57,"u":"2,14 €/L","img":"https://fd11-photos.leclercdrive.fr/image.ashx?id=2858201&use=l&cat=p&typeid=i","cat":295018},{"id":123448,"n":"Biscuits cacao Kinder Cards Au lait et au cacao 2x5 - 128g","p":3.55,"u":"13,87 €/KG","img":"https://fd11-photos.leclercdrive.fr/image.ashx?id=2672608&use=l&cat=p&typeid=i","cat":284488},{"id":123491,"n":"Crêpe fourrée Whaou Chocolat - x8 - 256g","p":2.06,"u":"8,05 €/KG","img":"https://fd11-photos.leclercdrive.fr/image.ashx?id=2962863&use=l&cat=p&typeid=i","cat":284494},{"id":123492,"n":"Crêpes Whaou! Chocolat x15 - 480g","p":3.64,"u":"7,58 €/KG","img":"https://fd11-photos.leclercdrive.fr/image.ashx?id=2986449&use=l&cat=p&typeid=i","cat":284494},{"id":123504,"n":"Yaourt fjord fromage blanc Nature - 8x125g","p":3.31,"u":"3,31 €/KG","img":"https://fd11-photos.leclercdrive.fr/image.ashx?id=2653222&use=l&cat=p&typeid=i","cat":284409},{"id":123545,"n":"Quiche lorraine Marie Pur beurre - 400g","p":3.19,"u":"7,98 €/KG","img":"https://fd11-photos.leclercdrive.fr/image.ashx?id=2318546&use=l&cat=p&typeid=i","cat":333680},{"id":123550,"n":"Yaourt aux fruits brassés Velouté fruix Danone - 16x125g","p":4.32,"u":"2,16 €/KG","img":"https://fd11-photos.leclercdrive.fr/image.ashx?id=2912923&use=l&cat=p&typeid=i","cat":284410},{"id":123551,"n":"Yaourt aux fruits brassés Velouté fruix Danone - 12x125g","p":3.8,"u":"2,53 €/KG","img":"https://fd11-photos.leclercdrive.fr/image.ashx?id=2912929&use=l&cat=p&typeid=i","cat":284410},{"id":123552,"n":"Yaourt fruits rouges brassés Velouté fruix Danone - 8x125g","p":2.68,"u":"2,68 €/KG","img":"https://fd11-photos.leclercdrive.fr/image.ashx?id=2912932&use=l&cat=p&typeid=i","cat":284410},{"id":123553,"n":"Yaourt aux fruits velouté fruix Danone brassé fraise - 4x125g","p":1.75,"u":"3,50 €/KG","img":"https://fd11-photos.leclercdrive.fr/image.ashx?id=2911855&use=l&cat=p&typeid=i","cat":284410},{"id":123555,"n":"Yaourt fruits jaunes brassés Velouté fruix Danone - 8x125g","p":2.66,"u":"2,66 €/KG","img":"https://fd11-photos.leclercdrive.fr/image.ashx?id=2912926&use=l&cat=p&typeid=i","cat":284410},{"id":123557,"n":"Kiwi Panier du Primeur Filière Mûrs à point - x6","p":3.99,"u":"0,67 €/P","img":"https://fd11-photos.leclercdrive.fr/image.ashx?id=2955047&use=l&cat=p&typeid=i","cat":284356},{"id":123603,"n":"Kit Distributeur Savon Mains Dettol Citron 250ml","p":6.71,"u":"Dont 0,10 € d'éco-part.","img":"https://fd11-photos.leclercdrive.fr/image.ashx?id=2975134&use=l&cat=p&typeid=i","cat":284597},{"id":123622,"n":"Lait poudre Optima 2 Babybio  Bio 6 mois à 1an - 800g","p":18.57,"u":"23,21 €/KG","img":"https://fd11-photos.leclercdrive.fr/image.ashx?id=2988436&use=l&cat=p&typeid=i","cat":284727},{"id":123687,"n":"Lait de croissance Bio BabyBio 6x1L","p":14.61,"u":"2,44 €/L","img":"https://fd11-photos.leclercdrive.fr/image.ashx?id=2953875&use=l&cat=p&typeid=i","cat":284728},{"id":123693,"n":"Pâtes Eco+ Vermicelles - 1kg","p":1.34,"u":"1,34 €/KG","img":"https://fd11-photos.leclercdrive.fr/image.ashx?id=2949400&use=l&cat=p&typeid=i","cat":284427},{"id":123695,"n":"Lait Primea 1 Bio BabyBio 800g","p":16.61,"u":"20,76 €/KG","img":"https://fd11-photos.leclercdrive.fr/image.ashx?id=2911327&use=l&cat=p&typeid=i","cat":284726},{"id":123697,"n":"Lait Caprea 2 Bio Babybio Bio 800g","p":25.27,"u":"31,59 €/KG","img":"https://fd11-photos.leclercdrive.fr/image.ashx?id=2733340&use=l&cat=p&typeid=i","cat":284727},{"id":123864,"n":"Crème Pieds Anti-Crevasses Talons 24h - 60 ml","p":4.84,"u":"80,67 €/L","img":"https://fd11-photos.leclercdrive.fr/image.ashx?id=2980878&use=l&cat=p&typeid=i","cat":325354},{"id":123883,"n":"Thon Alba Connetable Naturel Label Rouge - 112g","p":2.92,"u":"26,07 €/KG","img":"https://fd11-photos.leclercdrive.fr/image.ashx?id=2674128&use=l&cat=p&typeid=i","cat":303867},{"id":123924,"n":"Barres choco caram biscuit 348g","p":1.97,"u":"5,66 €/KG","img":"https://fd11-photos.leclercdrive.fr/image.ashx?id=2739721&use=l&cat=p&typeid=i","cat":284498},{"id":123960,"n":"Bière sans alcool Desperados Virgin - Agrumes 3x33cl","p":3.76,"u":"3,80 €/L","img":"https://fd11-photos.leclercdrive.fr/image.ashx?id=2977966&use=l&cat=p&typeid=i","cat":334877},{"id":124052,"n":"Nouilles de riz Table du monde 250g","p":1.99,"u":"7,96 €/KG","img":"https://fd11-photos.leclercdrive.fr/image.ashx?id=2679780&use=l&cat=p&typeid=i","cat":288992},{"id":124073,"n":"Saumon fumé Labeyrie Le Norvège x6 - 215g","p":10.09,"u":"46,93 €/KG","img":"https://fd11-photos.leclercdrive.fr/image.ashx?id=2230396&use=l&cat=p&typeid=i","cat":285188},{"id":124140,"n":"Saumon fumé Labeyrie Norvège - x4 - 130g","p":7.83,"u":"60,23 €/KG","img":"https://fd11-photos.leclercdrive.fr/image.ashx?id=2729896&use=l&cat=p&typeid=i","cat":285188},{"id":124271,"n":"Morceaux de thon Eco+ A l'huile de tournesol - 130g","p":1.33,"u":"10,23 €/KG","img":"https://fd11-photos.leclercdrive.fr/image.ashx?id=2678529&use=l&cat=p&typeid=i","cat":303867},{"id":124272,"n":"Thon nature entier Saupiquet MSC - 140g","p":2.45,"u":"17,50 €/KG","img":"https://fd11-photos.leclercdrive.fr/image.ashx?id=2731540&use=l&cat=p&typeid=i","cat":303867},{"id":124478,"n":"IGP Méditérranée rosé Les Calandières - 75cl","p":3.63,"u":"4,84 €/L","img":"https://fd11-photos.leclercdrive.fr/image.ashx?id=2996608&use=l&cat=p&typeid=i","cat":289558},{"id":124496,"n":"Crème glacée Ben & Jerry's Choco Fudge Brownie - 408g","p":3.71,"u":"9,09 €/KG","img":"https://fd11-photos.leclercdrive.fr/image.ashx?id=2738050&use=l&cat=p&typeid=i","cat":284725},{"id":124584,"n":"Brosse à dents Inava Parodontie - 1 pièce","p":4.0,"img":"https://fd11-photos.leclercdrive.fr/image.ashx?id=2377715&use=l&cat=p&typeid=i","cat":290417},{"id":124594,"n":"Capsules Nescafé Dolce Gusto Espresso - x16","p":4.41,"u":"50,11 €/KG","img":"https://fd11-photos.leclercdrive.fr/image.ashx?id=2952025&use=l&cat=p&typeid=i","cat":293239},{"id":124595,"n":"Nutella Biscuit pâte à tartiner Cacao Noisettes - 166g","p":1.87,"u":"11,27 €/KG","img":"https://fd11-photos.leclercdrive.fr/image.ashx?id=2922200&use=l&cat=p&typeid=i","cat":284488},{"id":124652,"n":"Sorbet Eskiss Cassis - 650g","p":3.56,"u":"5,48 €/KG","img":"https://fd11-photos.leclercdrive.fr/image.ashx?id=2983823&use=l&cat=p&typeid=i","cat":284263},{"id":124654,"n":"Bac crème glacée Eskiss Caramel - 500g","p":3.89,"u":"7,78 €/KG","img":"https://fd11-photos.leclercdrive.fr/image.ashx?id=2982676&use=l&cat=p&typeid=i","cat":284263},{"id":124694,"n":"Saucisson Mini Justin Bridou  Bâton de Berger nature - 160g","p":3.29,"u":"20,56 €/KG","img":"https://fd11-photos.leclercdrive.fr/image.ashx?id=2921786&use=l&cat=p&typeid=i","cat":316006},{"id":124696,"n":"Accras de morue MSC Table du Monde - 200g","p":2.29,"u":"11,45 €/KG","img":"https://fd11-photos.leclercdrive.fr/image.ashx?id=2841169&use=l&cat=p&typeid=i","cat":333673},{"id":124723,"n":"Champignon Bonduelle Emincé - 3x115g","p":2.77,"u":"8,03 €/KG","img":"https://fd11-photos.leclercdrive.fr/image.ashx?id=2913121&use=l&cat=p&typeid=i","cat":312610},{"id":124743,"n":"Gratte éponge Spontex anti bactérien - x2","p":1.67,"u":"0,84 €/P","img":"https://fd11-photos.leclercdrive.fr/image.ashx?id=2973081&use=l&cat=p&typeid=i","cat":284667},{"id":124744,"n":"Gratte éponge Spontex x3","p":2.25,"u":"0,75 €/P","img":"https://fd11-photos.leclercdrive.fr/image.ashx?id=2973084&use=l&cat=p&typeid=i","cat":284667},{"id":124762,"n":"Biscuit Milka Chocolat pause - 3x260g","p":4.41,"pp":3.09,"u":"3,96 €/KG","img":"https://fd11-photos.leclercdrive.fr/image.ashx?id=2680377&use=l&cat=p&typeid=i","cat":284488},{"id":124764,"n":"Biscuit Moooo Milka Au chocolat - 3x200g","p":4.41,"pp":3.09,"u":"5,15 €/KG","img":"https://fd11-photos.leclercdrive.fr/image.ashx?id=2192578&use=l&cat=p&typeid=i","cat":284488},{"id":124787,"n":"Shampooing sec Batiste Volume - 200ml","p":4.51,"u":"22,55 €/L","img":"https://fd11-photos.leclercdrive.fr/image.ashx?id=2557979&use=l&cat=p&typeid=i","cat":289143},{"id":124788,"n":"Crème Solaire Spray Nivea Sun FPS 50+ Bébé et Enfant - 200ml","p":10.48,"u":"52,40 €/L","img":"https://fd11-photos.leclercdrive.fr/image.ashx?id=3005224&use=l&cat=p&typeid=i","cat":325355},{"id":124874,"n":"Crème glacée Ben & Jerry's  Caramel Brownie Party - 405g","p":3.77,"u":"9,31 €/KG","img":"https://fd11-photos.leclercdrive.fr/image.ashx?id=2773889&use=l&cat=p&typeid=i","cat":284725},{"id":124901,"n":"Pâte à tartiner Nutella 630g","p":4.74,"u":"7,52 €/KG","img":"https://fd11-photos.leclercdrive.fr/image.ashx?id=2968841&use=l&cat=p&typeid=i","cat":284481},{"id":124904,"n":"Liquide allume-feu Eco+ 1L","p":2.92,"u":"2,92 €/L","img":"https://fd11-photos.leclercdrive.fr/image.ashx?id=1901698&use=l&cat=p&typeid=i","cat":300577},{"id":125216,"n":"Cacahuètes Eco+ Grillées à sec - 150g","p":0.46,"u":"3,07 €/KG","img":"https://fd11-photos.leclercdrive.fr/image.ashx?id=2780710&use=l&cat=p&typeid=i","cat":284448},{"id":125218,"n":"Cacahuètes Eco  Grillées et salées - 250g","p":0.7,"u":"2,80 €/KG","img":"https://fd11-photos.leclercdrive.fr/image.ashx?id=2836801&use=l&cat=p&typeid=i","cat":284448},{"id":125219,"n":"Frites salées Eco+ 80g","p":0.45,"u":"5,63 €/KG","img":"https://fd11-photos.leclercdrive.fr/image.ashx?id=2764712&use=l&cat=p&typeid=i","cat":284449},{"id":125220,"n":"Snacks Eco+ Gôut bacon - 100g","p":0.72,"u":"7,20 €/KG","img":"https://fd11-photos.leclercdrive.fr/image.ashx?id=2287233&use=l&cat=p&typeid=i","cat":284449},{"id":125223,"n":"Pistaches grillées à sec Eco+ 200g","p":2.58,"u":"12,90 €/KG","img":"https://fd11-photos.leclercdrive.fr/image.ashx?id=2746784&use=l&cat=p&typeid=i","cat":284448},{"id":125227,"n":"Mini cookies P'tit Déli 160g","p":1.49,"u":"9,31 €/KG","img":"https://fd11-photos.leclercdrive.fr/image.ashx?id=2932426&use=l&cat=p&typeid=i","cat":325066},{"id":125235,"n":"Tartelette framboise P'tit Déli 150g","p":1.3,"u":"8,67 €/KG","img":"https://fd11-photos.leclercdrive.fr/image.ashx?id=2683922&use=l&cat=p&typeid=i","cat":284489},{"id":125238,"n":"Cookies P'tit Déli Chocolat noisette - 200g","p":1.69,"u":"8,45 €/KG","img":"https://fd11-photos.leclercdrive.fr/image.ashx?id=1943253&use=l&cat=p&typeid=i","cat":325066},{"id":125328,"n":"Ketchup Rustica Nature - 560g","p":1.25,"u":"2,23 €/KG","img":"https://fd11-photos.leclercdrive.fr/image.ashx?id=2954385&use=l&cat=p&typeid=i","cat":284455},{"id":125347,"n":"Cône extrême Nestlé cœur  fondant brownies x6 - 426g","p":3.84,"u":"9,01 €/KG","img":"https://fd11-photos.leclercdrive.fr/image.ashx?id=2467258&use=l&cat=p&typeid=i","cat":284264},{"id":125383,"n":"Comté fromage râpé Les Croisés 130g","p":1.95,"u":"15,00 €/KG","img":"https://fd11-photos.leclercdrive.fr/image.ashx?id=2897820&use=l&cat=p&typeid=i","cat":314035},{"id":125556,"n":"Fromage Camembert NRT AOP  de Normandie  - 250g","p":4.9,"u":"19,60 €/KG","img":"https://fd11-photos.leclercdrive.fr/image.ashx?id=1904825&use=l&cat=p&typeid=i","cat":314033},{"id":125723,"n":"Céréales fourées P'tit Déli Tout chocolat - 650g","p":2.89,"u":"4,45 €/KG","img":"https://fd11-photos.leclercdrive.fr/image.ashx?id=2878603&use=l&cat=p&typeid=i","cat":309513},{"id":125725,"n":"Chipolatas aux Herbes 6x 450 g","p":4.27,"u":"9,49 €/KG","img":"https://fd11-photos.leclercdrive.fr/image.ashx?id=632145&use=l&cat=p&typeid=i","cat":284334},{"id":125786,"n":"Fromage blanc nature 3.2%MG Laiterie Les Fayes - 750g","p":2.88,"u":"3,84 €/KG","img":"https://fd11-photos.leclercdrive.fr/image.ashx?id=2857482&use=l&cat=p&typeid=i","cat":284409},{"id":125915,"n":"Yaourts allégés Sveltesse   Caramel - 4x125g","p":1.64,"u":"3,28 €/KG","img":"https://fd11-photos.leclercdrive.fr/image.ashx?id=2561601&use=l&cat=p&typeid=i","cat":315000},{"id":125916,"n":"Fromages frais Pat'Patrouille Yoplait goûts fruits - 24x50g","p":3.35,"u":"2,79 €/KG","img":"https://fd11-photos.leclercdrive.fr/image.ashx?id=2733688&use=l&cat=p&typeid=i","cat":284414},{"id":125958,"n":"Chips Bret's Saveur vinaigre - 125g","p":1.19,"u":"9,52 €/KG","img":"https://fd11-photos.leclercdrive.fr/image.ashx?id=1925081&use=l&cat=p&typeid=i","cat":284447},{"id":125966,"n":"Chips Tyrrell's Sel et poivre - 150g","p":2.19,"u":"14,60 €/KG","img":"https://fd11-photos.leclercdrive.fr/image.ashx?id=2884777&use=l&cat=p&typeid=i","cat":284447},{"id":126114,"n":"Arachide coque grillée Maître Prunille - 500g","p":3.2,"u":"6,40 €/KG","img":"https://fd11-photos.leclercdrive.fr/image.ashx?id=2660056&use=l&cat=p&typeid=i","cat":284357},{"id":126139,"n":"Chips  Sel de mer Tyrell's Saveur vinaigre - 150g","p":2.19,"u":"14,60 €/KG","img":"https://fd11-photos.leclercdrive.fr/image.ashx?id=2941865&use=l&cat=p&typeid=i","cat":284447},{"id":126140,"n":"Chips Tyrells Piment doux et poivron - 150g","p":2.19,"u":"14,60 €/KG","img":"https://fd11-photos.leclercdrive.fr/image.ashx?id=2225657&use=l&cat=p&typeid=i","cat":284447},{"id":126178,"n":"Riz long thaï Eco+ 1kg","p":1.61,"u":"1,61 €/KG","img":"https://fd11-photos.leclercdrive.fr/image.ashx?id=2799751&use=l&cat=p&typeid=i","cat":284428},{"id":126186,"n":"Riz rond Eco+ 1kg","p":1.77,"u":"1,77 €/KG","img":"https://fd11-photos.leclercdrive.fr/image.ashx?id=2704594&use=l&cat=p&typeid=i","cat":284428},{"id":126314,"n":"Crème dépilatoire Pure Veet Corps Peaux sensibles 200ml","p":4.07,"u":"20,35 €/L","img":"https://fd11-photos.leclercdrive.fr/image.ashx?id=2965692&use=l&cat=p&typeid=i","cat":325351},{"id":126421,"n":"Biscuits Figolu LU Figue - 192g","p":1.42,"u":"7,40 €/KG","img":"https://fd11-photos.leclercdrive.fr/image.ashx?id=2967950&use=l&cat=p&typeid=i","cat":284489},{"id":126424,"n":"Biscuits Sprits sablés Delacre Chocolat au lait - 200g","p":1.58,"u":"7,90 €/KG","img":"https://fd11-photos.leclercdrive.fr/image.ashx?id=2855873&use=l&cat=p&typeid=i","cat":284488},{"id":126430,"n":"Dosettes café Senseo Milka x8","p":2.91,"u":"25,98 €/KG","img":"https://fd11-photos.leclercdrive.fr/image.ashx?id=2127012&use=l&cat=p&typeid=i","cat":293238},{"id":126474,"n":"Thon entier MSC Petit Navire A l'huile d'olive - 160g","p":3.2,"u":"20,00 €/KG","img":"https://fd11-photos.leclercdrive.fr/image.ashx?id=2523897&use=l&cat=p&typeid=i","cat":303867},{"id":126478,"n":"Morceaux Thon PETIT NAVIRE 160g Nature Démarche Responsable","p":1.98,"u":"17,68 €/KG","img":"https://fd11-photos.leclercdrive.fr/image.ashx?id=2549453&use=l&cat=p&typeid=i","cat":303867},{"id":126519,"n":"Bloc WC Bref Color Activ+  Marine toilettes - 50g x1","p":1.82,"u":"364,00 €/KG","img":"https://fd11-photos.leclercdrive.fr/image.ashx?id=2890112&use=l&cat=p&typeid=i","cat":284662},{"id":126540,"n":"Citron jaune Eco+  Filet 500g","p":0.99,"u":"1,98 €/KG","img":"https://fd11-photos.leclercdrive.fr/image.ashx?id=2619807&use=l&cat=p&typeid=i","cat":284356},{"id":126543,"n":"Mandarine Eco+ Filet 1kg","p":1.99,"u":"1,99 €/KG","img":"https://fd11-photos.leclercdrive.fr/image.ashx?id=2607993&use=l&cat=p&typeid=i","cat":284356},{"id":126545,"n":"Pomelos Eco+ Filet x3","p":1.79,"u":"0,60 €/P","img":"https://fd11-photos.leclercdrive.fr/image.ashx?id=2680524&use=l&cat=p&typeid=i","cat":284356},{"id":126570,"n":"Soda Sprite Original  Bouteille  - 1.25L","p":1.29,"u":"1,03 €/L","img":"https://fd11-photos.leclercdrive.fr/image.ashx?id=2796989&use=l&cat=p&typeid=i","cat":284531},{"id":126571,"n":"Gaufres de Liège Lotus 315g","p":1.94,"u":"6,16 €/KG","img":"https://fd11-photos.leclercdrive.fr/image.ashx?id=2694995&use=l&cat=p&typeid=i","cat":294777},{"id":126578,"n":"Poires Eco+ Barquette 1kg","p":2.49,"u":"2,49 €/KG","img":"https://fd11-photos.leclercdrive.fr/image.ashx?id=2909374&use=l&cat=p&typeid=i","cat":284356},{"id":126579,"n":"Pommes Bicolores Eco+ Sachet 2kg","p":2.99,"u":"1,50 €/KG","img":"https://fd11-photos.leclercdrive.fr/image.ashx?id=2537872&use=l&cat=p&typeid=i","cat":284356},{"id":126581,"n":"Pommes jaunes Eco+ Sachet 2kg","p":2.99,"u":"1,50 €/KG","img":"https://fd11-photos.leclercdrive.fr/image.ashx?id=2441890&use=l&cat=p&typeid=i","cat":284356},{"id":126585,"n":"Tomates rondes Eco+ Filet 1kg","p":1.89,"u":"1,89 €/KG","img":"https://fd11-photos.leclercdrive.fr/image.ashx?id=2769420&use=l&cat=p&typeid=i","cat":284352},{"id":126586,"n":"Tomate cerise Eco+ Barquette 250g","p":0.99,"u":"3,96 €/KG","img":"https://fd11-photos.leclercdrive.fr/image.ashx?id=2968067&use=l&cat=p&typeid=i","cat":284352},{"id":126589,"n":"Endives Eco+ Sachet 500g","p":1.49,"u":"2,98 €/KG","img":"https://fd11-photos.leclercdrive.fr/image.ashx?id=2922917&use=l&cat=p&typeid=i","cat":284352},{"id":126590,"n":"Ail Eco+ Filet 250g","p":1.99,"u":"7,96 €/KG","img":"https://fd11-photos.leclercdrive.fr/image.ashx?id=2919586&use=l&cat=p&typeid=i","cat":284352},{"id":126591,"n":"Echalotes Eco+ Filet 500g","p":1.19,"u":"2,38 €/KG","img":"https://fd11-photos.leclercdrive.fr/image.ashx?id=2777946&use=l&cat=p&typeid=i","cat":284352},{"id":126643,"n":"Gaufres de liège Lotus Chocolat - 363g","p":2.83,"u":"7,80 €/KG","img":"https://fd11-photos.leclercdrive.fr/image.ashx?id=2859824&use=l&cat=p&typeid=i","cat":294777},{"id":126646,"n":"Gaufres de liège Lotus Chocolat au lait - 363g","p":2.98,"u":"8,21 €/KG","img":"https://fd11-photos.leclercdrive.fr/image.ashx?id=2859827&use=l&cat=p&typeid=i","cat":294777},{"id":126654,"n":"Fromage de Chèvre Saint Loup  Bûche Affinée - 180g","p":2.22,"u":"12,33 €/KG","img":"https://fd11-photos.leclercdrive.fr/image.ashx?id=2763322&use=l&cat=p&typeid=i","cat":314031},{"id":126659,"n":"Fromage fondu Eco+ 24 portions - 400g","p":2.45,"u":"6,13 €/KG","img":"https://fd11-photos.leclercdrive.fr/image.ashx?id=2415746&use=l&cat=p&typeid=i","cat":314030},{"id":126804,"n":"Lotus Biscoff Glace Speculoos  Chocolat lait 284g (4x90ml)","p":4.28,"u":"15,07 €/KG","img":"https://fd11-photos.leclercdrive.fr/image.ashx?id=2683280&use=l&cat=p&typeid=i","cat":284265},{"id":126816,"n":"Escalope de poulet Le Gaulois 240g","p":4.38,"u":"18,25 €/KG","img":"https://fd11-photos.leclercdrive.fr/image.ashx?id=2304713&use=l&cat=p&typeid=i","cat":284336},{"id":126847,"n":"Batonnets Smicy Vanille fraise - x12 - 456g","p":3.65,"u":"8,00 €/KG","img":"https://fd11-photos.leclercdrive.fr/image.ashx?id=2902555&use=l&cat=p&typeid=i","cat":284265},{"id":126848,"n":"Batonnets Smicy Vanille - x12 - 456g","p":4.02,"u":"8,82 €/KG","img":"https://fd11-photos.leclercdrive.fr/image.ashx?id=2068055&use=l&cat=p&typeid=i","cat":284265},{"id":126918,"n":"Kaki 1p","p":0.69,"img":"https://fd11-photos.leclercdrive.fr/image.ashx?id=1628367&use=l&cat=p&typeid=i","cat":284356},{"id":126958,"n":"Kiwi vert 1p","p":0.89,"img":"https://fd11-photos.leclercdrive.fr/image.ashx?id=2077670&use=l&cat=p&typeid=i","cat":284356},{"id":126960,"n":"Cheeseburgers Côté Croc x6 - 780g","p":6.29,"u":"8,06 €/KG","img":"https://fd11-photos.leclercdrive.fr/image.ashx?id=2077373&use=l&cat=p&typeid=i","cat":319822},{"id":126961,"n":"Kiwi jaune 1p","p":0.89,"img":"https://fd11-photos.leclercdrive.fr/image.ashx?id=1633952&use=l&cat=p&typeid=i","cat":284356},{"id":126978,"n":"Artichaut blanc 1p","p":1.79,"img":"https://fd11-photos.leclercdrive.fr/image.ashx?id=1681565&use=l&cat=p&typeid=i","cat":284352},{"id":126984,"n":"Concombre 1p","p":1.99,"img":"https://fd11-photos.leclercdrive.fr/image.ashx?id=1631895&use=l&cat=p&typeid=i","cat":284352},{"id":126987,"n":"Avocats Eco+ Filet x3","p":1.99,"u":"0,66 €/P","img":"https://fd11-photos.leclercdrive.fr/image.ashx?id=2373009&use=l&cat=p&typeid=i","cat":284352},{"id":126990,"n":"Carottes Eco+ Sachet de 2kg","p":1.89,"u":"0,95 €/KG","img":"https://fd11-photos.leclercdrive.fr/image.ashx?id=2922376&use=l&cat=p&typeid=i","cat":284352},{"id":126991,"n":"Avocat tropical 1p","p":2.79,"img":"https://fd11-photos.leclercdrive.fr/image.ashx?id=2115887&use=l&cat=p&typeid=i","cat":284352},{"id":126994,"n":"Céleri rave 1p","p":1.99,"img":"https://fd11-photos.leclercdrive.fr/image.ashx?id=1631904&use=l&cat=p&typeid=i","cat":284352},{"id":127017,"n":"Butternut 1p","p":1.99,"img":"https://fd11-photos.leclercdrive.fr/image.ashx?id=1631577&use=l&cat=p&typeid=i","cat":284352},{"id":127019,"n":"Potimarron 1p","p":1.99,"img":"https://fd11-photos.leclercdrive.fr/image.ashx?id=1633196&use=l&cat=p&typeid=i","cat":284352},{"id":127021,"n":"Chou blanc 1p","p":2.29,"img":"https://fd11-photos.leclercdrive.fr/image.ashx?id=560849&use=l&cat=p&typeid=i","cat":284352},{"id":127027,"n":"Bouchées Feuilletées 3 Toques x12 - 318g","p":2.6,"u":"8,18 €/KG","img":"https://fd11-photos.leclercdrive.fr/image.ashx?id=1913859&use=l&cat=p&typeid=i","cat":284441},{"id":127215,"n":"Litière chats Tranquille Cristaux fins - 3.7L","p":5.54,"u":"1,50 €/L","img":"https://fd11-photos.leclercdrive.fr/image.ashx?id=1934850&use=l&cat=p&typeid=i","cat":284683},{"id":127430,"n":"Céréales fourrées P'tit Déli Chocolat au lait - 450g","p":2.58,"u":"5,73 €/KG","img":"https://fd11-photos.leclercdrive.fr/image.ashx?id=2824713&use=l&cat=p&typeid=i","cat":309513},{"id":127441,"n":"Crème dessert Vanille Bio Invitation à la Ferme - 4x100g","p":2.88,"u":"7,20 €/KG","img":"https://fd11-photos.leclercdrive.fr/image.ashx?id=2396815&use=l&cat=p&typeid=i","cat":285041},{"id":127475,"n":"Lait bébé en poudre Blédilait croissance 1-3 ans 900g","p":10.5,"u":"11,67 €/KG","img":"https://fd11-photos.leclercdrive.fr/image.ashx?id=2848587&use=l&cat=p&typeid=i","cat":290219},{"id":127556,"n":"Litière chats Tranquille Cristale charbon actif - 4L","p":5.99,"u":"1,50 €/L","img":"https://fd11-photos.leclercdrive.fr/image.ashx?id=2421874&use=l&cat=p&typeid=i","cat":284683},{"id":127618,"n":"Bloc Agrafé Oxford 160pages 210x315 -  Feuilles perforées","p":2.95,"img":"https://fd11-photos.leclercdrive.fr/image.ashx?id=2636757&use=l&cat=p&typeid=i","cat":284697},{"id":127641,"n":"Compas Maped Stop system Innovation - 3 pièces","p":4.79,"img":"https://fd11-photos.leclercdrive.fr/image.ashx?id=2013962&use=l&cat=p&typeid=i","cat":334133},{"id":127642,"n":"Compas Maped Technic Compact 4 pièces","p":6.25,"img":"https://fd11-photos.leclercdrive.fr/image.ashx?id=2013980&use=l&cat=p&typeid=i","cat":334133},{"id":127644,"n":"Ardoise en pierre Maped","p":1.74,"img":"https://fd11-photos.leclercdrive.fr/image.ashx?id=2521383&use=l&cat=p&typeid=i","cat":334133},{"id":127647,"n":"Règle triple décimetre Maped Aluminium","p":3.09,"img":"https://fd11-photos.leclercdrive.fr/image.ashx?id=3003173&use=l&cat=p&typeid=i","cat":334133},{"id":127651,"n":"Règle double décimetre Maped Aluminium","p":2.73,"img":"https://fd11-photos.leclercdrive.fr/image.ashx?id=2623726&use=l&cat=p&typeid=i","cat":334133},{"id":127655,"n":"Perforatrice Maped 4 trous - 10/12 feuilles","p":9.79,"img":"https://fd11-photos.leclercdrive.fr/image.ashx?id=2013974&use=l&cat=p&typeid=i","cat":334133},{"id":127656,"n":"Crayons de couleur Maped Coloris assortis - x48","p":8.29,"img":"https://fd11-photos.leclercdrive.fr/image.ashx?id=2381862&use=l&cat=p&typeid=i","cat":284696},{"id":127661,"n":"Loupe lecture Maped Diamètre 75mm","p":3.22,"img":"https://fd11-photos.leclercdrive.fr/image.ashx?id=2508948&use=l&cat=p&typeid=i","cat":334133},{"id":127676,"n":"Pinceaux blister Maped Coloris assortis - x4","p":2.9,"u":"0,73 €/P","img":"https://fd11-photos.leclercdrive.fr/image.ashx?id=2381880&use=l&cat=p&typeid=i","cat":334133},{"id":127683,"n":"Feutres Flair Papermate Noir - Ultra fine - x2","p":2.15,"u":"1,08 €/P","img":"https://fd11-photos.leclercdrive.fr/image.ashx?id=1917383&use=l&cat=p&typeid=i","cat":284696},{"id":127686,"n":"Stylos bille Inkjoy Papermate Noir, Bleu, Rouge, Vert - x4","p":1.6,"u":"0,40 €/P","img":"https://fd11-photos.leclercdrive.fr/image.ashx?id=1930746&use=l&cat=p&typeid=i","cat":284696},{"id":127688,"n":"Feutres Papermate Flair Tropical - x6","p":6.7,"u":"1,12 €/P","img":"https://fd11-photos.leclercdrive.fr/image.ashx?id=1917386&use=l&cat=p&typeid=i","cat":284696},{"id":127693,"n":"Bloc fiches bristol Exacompta 40 fiches blanc - 148x210mm","p":3.5,"img":"https://fd11-photos.leclercdrive.fr/image.ashx?id=2795012&use=l&cat=p&typeid=i","cat":284697},{"id":127694,"n":"Trieur A4 Exacompta 13 compartiments","p":7.37,"img":"https://fd11-photos.leclercdrive.fr/image.ashx?id=1917626&use=l&cat=p&typeid=i","cat":284745},{"id":127695,"n":"Bloc reliure intégrale Rhodia Spirale - 160pages","p":2.59,"img":"https://fd11-photos.leclercdrive.fr/image.ashx?id=3008029&use=l&cat=p&typeid=i","cat":284697},{"id":127696,"n":"Bloc fiches bristol Exacompta 40 fiches blanc - 125x200mm","p":2.9,"img":"https://fd11-photos.leclercdrive.fr/image.ashx?id=2795009&use=l&cat=p&typeid=i","cat":284697},{"id":127700,"n":"Stylos Roller V5 Pilot x4","p":5.99,"img":"https://fd11-photos.leclercdrive.fr/image.ashx?id=2578058&use=l&cat=p&typeid=i","cat":284696},{"id":127701,"n":"Stylos Roller V BALL 05 Pilot x4","p":6.2,"img":"https://fd11-photos.leclercdrive.fr/image.ashx?id=2578061&use=l&cat=p&typeid=i","cat":284696},{"id":127703,"n":"Stylos roller FrixionBall Pilot x3","p":6.76,"img":"https://fd11-photos.leclercdrive.fr/image.ashx?id=2969076&use=l&cat=p&typeid=i","cat":284696},{"id":127704,"n":"Stylo roller V Ball Pilot Noir","p":2.44,"img":"https://fd11-photos.leclercdrive.fr/image.ashx?id=2578052&use=l&cat=p&typeid=i","cat":284696},{"id":127708,"n":"Stylo roller Frixion Pilot Ball Clicker - Rouge - x1","p":2.88,"img":"https://fd11-photos.leclercdrive.fr/image.ashx?id=2558936&use=l&cat=p&typeid=i","cat":284696},{"id":127710,"n":"Surligneurs Esquisse x4","p":0.9,"u":"0,23 €/P","img":"https://fd11-photos.leclercdrive.fr/image.ashx?id=1929801&use=l&cat=p&typeid=i","cat":284696},{"id":127713,"n":"Pochettes bulles Esquisse 25X35cm - X5","p":1.49,"img":"https://fd11-photos.leclercdrive.fr/image.ashx?id=1929783&use=l&cat=p&typeid=i","cat":284697},{"id":127716,"n":"Stylos bille Esquisse x4","p":0.79,"img":"https://fd11-photos.leclercdrive.fr/image.ashx?id=1929792&use=l&cat=p&typeid=i","cat":284696},{"id":127717,"n":"Notes adhésives Esquisse neon 75x75  - 2x100","p":1.25,"img":"https://fd11-photos.leclercdrive.fr/image.ashx?id=1929789&use=l&cat=p&typeid=i","cat":334133},{"id":127722,"n":"Répertoire Esquisse 180pages Bleu - Spirale - 5X5 - 11x17cm","p":2.79,"img":"https://fd11-photos.leclercdrive.fr/image.ashx?id=1929771&use=l&cat=p&typeid=i","cat":284697},{"id":127723,"n":"Ruban correcteur Uhu Mini x3","p":2.79,"u":"0,93 €/P","img":"https://fd11-photos.leclercdrive.fr/image.ashx?id=2903692&use=l&cat=p&typeid=i","cat":334133},{"id":127724,"n":"Colle super Uhu Sans solvant - 3x1g","p":4.29,"img":"https://fd11-photos.leclercdrive.fr/image.ashx?id=2057656&use=l&cat=p&typeid=i","cat":334133},{"id":127728,"n":"Patafix Uhu invisible 56 pastilles","p":3.35,"img":"https://fd11-photos.leclercdrive.fr/image.ashx?id=1918226&use=l&cat=p&typeid=i","cat":334133},{"id":128024,"n":"Agrafeuse de bureau Esquisse Rouge - 26/6","p":3.49,"img":"https://fd11-photos.leclercdrive.fr/image.ashx?id=1935996&use=l&cat=p&typeid=i","cat":334133},{"id":128031,"n":"Taille crayon gomme Esquisse Rouge - 2 en 1","p":0.99,"img":"https://fd11-photos.leclercdrive.fr/image.ashx?id=1931955&use=l&cat=p&typeid=i","cat":334133},{"id":128032,"n":"Taille crayon gomme Esquisse Bleu - 2 en 1","p":0.99,"img":"https://fd11-photos.leclercdrive.fr/image.ashx?id=1931958&use=l&cat=p&typeid=i","cat":334133},{"id":128040,"n":"Mini stylo-plume Esquisse Bleu - + 1 cartouche","p":1.89,"img":"https://fd11-photos.leclercdrive.fr/image.ashx?id=1932510&use=l&cat=p&typeid=i","cat":284696},{"id":128290,"n":"Pochettes plastification Pavo x100","p":8.81,"img":"https://fd11-photos.leclercdrive.fr/image.ashx?id=1918694&use=l&cat=p&typeid=i","cat":334133},{"id":128293,"n":"Pochettes plastification Pavo x25","p":3.07,"img":"https://fd11-photos.leclercdrive.fr/image.ashx?id=1919993&use=l&cat=p&typeid=i","cat":334133},{"id":128295,"n":"Ardoise Velleda 55X44 cm","p":9.99,"img":"https://fd11-photos.leclercdrive.fr/image.ashx?id=2178695&use=l&cat=p&typeid=i","cat":334133},{"id":128298,"n":"Stylos bille Cristal Bic Vert - x4","p":1.25,"img":"https://fd11-photos.leclercdrive.fr/image.ashx?id=1917338&use=l&cat=p&typeid=i","cat":284696},{"id":128299,"n":"Stylo bille 4 couleurs Bic Rose pâle - Fashion","p":1.7,"img":"https://fd11-photos.leclercdrive.fr/image.ashx?id=1917545&use=l&cat=p&typeid=i","cat":284696},{"id":128303,"n":"Ardoise Velleda 44X30 cm","p":6.9,"img":"https://fd11-photos.leclercdrive.fr/image.ashx?id=2318462&use=l&cat=p&typeid=i","cat":334133},{"id":128309,"n":"Ruban correcteur Tipp-Ex Soft Grip","p":2.39,"img":"https://fd11-photos.leclercdrive.fr/image.ashx?id=2315904&use=l&cat=p&typeid=i","cat":334133},{"id":128313,"n":"Marqueurs permanents Bic 2000 Noir - x1","p":1.15,"img":"https://fd11-photos.leclercdrive.fr/image.ashx?id=2173163&use=l&cat=p&typeid=i","cat":284696},{"id":128314,"n":"Stylo bille Bic 4 couleurs Pro","p":1.82,"img":"https://fd11-photos.leclercdrive.fr/image.ashx?id=2972913&use=l&cat=p&typeid=i","cat":284696},{"id":128316,"n":"Stylos bille Bic x4","p":2.35,"img":"https://fd11-photos.leclercdrive.fr/image.ashx?id=2718817&use=l&cat=p&typeid=i","cat":284696},{"id":128317,"n":"Stylos bille  M10 Clic Bic Noir - x2","p":1.23,"img":"https://fd11-photos.leclercdrive.fr/image.ashx?id=2972844&use=l&cat=p&typeid=i","cat":284696},{"id":128318,"n":"Feutres pour ardois Velleda fin Noir - x2","p":1.23,"img":"https://fd11-photos.leclercdrive.fr/image.ashx?id=2174378&use=l&cat=p&typeid=i","cat":334133},{"id":128320,"n":"Feutres pour ardoise Velleda  Bleu - medium - x1","p":0.99,"img":"https://fd11-photos.leclercdrive.fr/image.ashx?id=2318471&use=l&cat=p&typeid=i","cat":334133},{"id":128324,"n":"Marqueurs textiles Bic x2","p":2.52,"img":"https://fd11-photos.leclercdrive.fr/image.ashx?id=2350756&use=l&cat=p&typeid=i","cat":284696},{"id":128331,"n":"Surligneurs Stabilo Swing Cool Couleurs fluo assorties - x4","p":5.2,"img":"https://fd11-photos.leclercdrive.fr/image.ashx?id=2525276&use=l&cat=p&typeid=i","cat":284696},{"id":128335,"n":"Surligneurs Stabilo Boss Couleurs pastel assorties - x3","p":4.19,"img":"https://fd11-photos.leclercdrive.fr/image.ashx?id=2615116&use=l&cat=p&typeid=i","cat":284696},{"id":128409,"n":"Compas open mine Maped Bleu","p":1.69,"img":"https://fd11-photos.leclercdrive.fr/image.ashx?id=1925591&use=l&cat=p&typeid=i","cat":334133},{"id":128421,"n":"Gomme zenoa plus Maped Rose pastel","p":1.1,"img":"https://fd11-photos.leclercdrive.fr/image.ashx?id=1925627&use=l&cat=p&typeid=i","cat":334133},{"id":128429,"n":"Paire de ciseaux zenoafit Maped Bleu","p":5.38,"img":"https://fd11-photos.leclercdrive.fr/image.ashx?id=1925645&use=l&cat=p&typeid=i","cat":334133},{"id":128442,"n":"Paire de ciseaux zenoafit Maped Bleu","p":4.79,"img":"https://fd11-photos.leclercdrive.fr/image.ashx?id=1925684&use=l&cat=p&typeid=i","cat":334133},{"id":128467,"n":"Porte mine 0,5mm Maped Bleu","p":2.11,"img":"https://fd11-photos.leclercdrive.fr/image.ashx?id=1925759&use=l&cat=p&typeid=i","cat":284696},{"id":128493,"n":"Taille-crayons galactic Maped Bleu","p":1.27,"img":"https://fd11-photos.leclercdrive.fr/image.ashx?id=1925834&use=l&cat=p&typeid=i","cat":334133},{"id":128887,"n":"Soda Coca-Cola Verre - 6x250ml","p":5.58,"u":"3,72 €/L","img":"https://fd11-photos.leclercdrive.fr/image.ashx?id=2444465&use=l&cat=p&typeid=i","cat":284530},{"id":128945,"n":"Gel hydroalcoolique 100ml","p":2.64,"u":"26,40 €/L","img":"https://fd11-photos.leclercdrive.fr/image.ashx?id=1925960&use=l&cat=p&typeid=i","cat":284630},{"id":128976,"n":"Sucre poudre Daddy 750g","p":1.63,"u":"2,17 €/KG","img":"https://fd11-photos.leclercdrive.fr/image.ashx?id=2944699&use=l&cat=p&typeid=i","cat":284502},{"id":129002,"n":"Crème douche Atoderm Bioderma Ultra-nourissante - 1L","p":11.5,"u":"11,50 €/L","img":"https://fd11-photos.leclercdrive.fr/image.ashx?id=2981205&use=l&cat=p&typeid=i","cat":301591},{"id":129003,"n":"Lait infantile 1er âge Babybio  Optima 1 Bio - 800g","p":18.62,"u":"23,28 €/KG","img":"https://fd11-photos.leclercdrive.fr/image.ashx?id=2988433&use=l&cat=p&typeid=i","cat":284726},{"id":129009,"n":"Lait de croissance Babybio Bio En poudre caprea 3 - 800g","p":24.21,"u":"30,26 €/KG","img":"https://fd11-photos.leclercdrive.fr/image.ashx?id=2733343&use=l&cat=p&typeid=i","cat":290219},{"id":129094,"n":"Sucre blonvilliers Beghin Say Bio - 450g","p":2.23,"u":"4,96 €/KG","img":"https://fd11-photos.leclercdrive.fr/image.ashx?id=2866364&use=l&cat=p&typeid=i","cat":284502},{"id":129137,"n":"Ethylotest 0.5g/L  NF x1","p":0.96,"img":"https://fd11-photos.leclercdrive.fr/image.ashx?id=1916195&use=l&cat=p&typeid=i","cat":334880},{"id":129138,"n":"Ethylotest 0.2g/L  NF x1","p":0.97,"img":"https://fd11-photos.leclercdrive.fr/image.ashx?id=1916198&use=l&cat=p&typeid=i","cat":334880},{"id":129162,"n":"Boisson énergisante Monster Mango Loco - 50cl","p":1.48,"u":"2,96 €/L","img":"https://fd11-photos.leclercdrive.fr/image.ashx?id=2433443&use=l&cat=p&typeid=i","cat":284533},{"id":129252,"n":"Socquettes coton bio Tissaia Gris noir blanc 35/37- x3","p":4.5,"u":"1,50 €/P","img":"https://fd11-photos.leclercdrive.fr/image.ashx?id=1917225&use=l&cat=p&typeid=i","cat":334130},{"id":129259,"n":"Socquettes unies noiresTissaia Coton bio -  38/41 - x3","p":4.5,"u":"1,50 €/P","img":"https://fd11-photos.leclercdrive.fr/image.ashx?id=805699&use=l&cat=p&typeid=i","cat":334130},{"id":129280,"n":"Sel équilibre Cérébos Réduit en Sodium - 350g","p":1.97,"u":"5,63 €/KG","img":"https://fd11-photos.leclercdrive.fr/image.ashx?id=2520132&use=l&cat=p&typeid=i","cat":284457},{"id":129298,"n":"Mi-chaussette coton bio Tissaia Blanc 38/41 - x3","p":4.5,"u":"1,50 €/P","img":"https://fd11-photos.leclercdrive.fr/image.ashx?id=816722&use=l&cat=p&typeid=i","cat":334130},{"id":129560,"n":"Filets cabillaud MSC 800g","p":11.98,"u":"14,98 €/KG","img":"https://fd11-photos.leclercdrive.fr/image.ashx?id=1983986&use=l&cat=p&typeid=i","cat":319786},{"id":129602,"n":"Lait demi-écrémé Grandlait Candia Bouteille - 6x25cl","p":4.44,"u":"2,96 €/L","img":"https://fd11-photos.leclercdrive.fr/image.ashx?id=2916189&use=l&cat=p&typeid=i","cat":284377},{"id":129620,"n":"Bière Ambrée 3 Monts 75cl","p":2.93,"u":"3,91 €/L","img":"https://fd11-photos.leclercdrive.fr/image.ashx?id=2548186&use=l&cat=p&typeid=i","cat":334852},{"id":129630,"n":"Bâtonnets Trium Menthe - x4 - 290g","p":2.81,"u":"9,69 €/KG","img":"https://fd11-photos.leclercdrive.fr/image.ashx?id=2920794&use=l&cat=p&typeid=i","cat":284265},{"id":129957,"n":"AOP Côtes du Rhône rouge Combes de Saint Sauveur - BIB 3L","p":14.3,"u":"4,77 €/L","img":"https://fd11-photos.leclercdrive.fr/image.ashx?id=2985033&use=l&cat=p&typeid=i","cat":289560},{"id":129958,"n":"IGP Méditerrannée rosé Saint Sagnol 13% vol - 3L","p":11.66,"u":"3,89 €/L","img":"https://fd11-photos.leclercdrive.fr/image.ashx?id=2445106&use=l&cat=p&typeid=i","cat":289558},{"id":130319,"n":"Mini pots Häagen-Dazs  Fruit Collection x4 - 326g","p":5.09,"u":"15,61 €/KG","img":"https://fd11-photos.leclercdrive.fr/image.ashx?id=3000159&use=l&cat=p&typeid=i","cat":284725},{"id":130334,"n":"Lessive liquide bébé Epsil 25 lavages - 1.25L","p":3.88,"u":"3,10 €/L","img":"https://fd11-photos.leclercdrive.fr/image.ashx?id=2450095&use=l&cat=p&typeid=i","cat":284640},{"id":130394,"n":"Calculatrice bureau Esquisse Rouge","p":4.9,"u":"Dont 0,13 € d'éco-part.","img":"https://fd11-photos.leclercdrive.fr/image.ashx?id=1932870&use=l&cat=p&typeid=i","cat":334133},{"id":130461,"n":"Bière blonde sans alcool 1664 0,0° - 6x25cl","p":3.58,"u":"2,39 €/L","img":"https://fd11-photos.leclercdrive.fr/image.ashx?id=2120656&use=l&cat=p&typeid=i","cat":334877},{"id":130667,"n":"Rôti de porc Fleury Michon Sans nitrite - x4 - 160g","p":2.78,"u":"17,38 €/KG","img":"https://fd11-photos.leclercdrive.fr/image.ashx?id=2320977&use=l&cat=p&typeid=i","cat":316009},{"id":130707,"n":"Feutre flair original Papermate Pointe moyenne noir - 1 pièce","p":1.46,"img":"https://fd11-photos.leclercdrive.fr/image.ashx?id=1971110&use=l&cat=p&typeid=i","cat":284696},{"id":130719,"n":"Balai d interieur vinyl 1 pièce","p":4.49,"img":"https://fd11-photos.leclercdrive.fr/image.ashx?id=1932471&use=l&cat=p&typeid=i","cat":284669},{"id":130722,"n":"20 pinces a linge renforcees 1 pièce","p":2.49,"img":"https://fd11-photos.leclercdrive.fr/image.ashx?id=1932474&use=l&cat=p&typeid=i","cat":335909},{"id":130744,"n":"Nouilles aux oeufs Suzi Wan 250g","p":1.68,"u":"6,72 €/KG","img":"https://fd11-photos.leclercdrive.fr/image.ashx?id=2892928&use=l&cat=p&typeid=i","cat":288992},{"id":130750,"n":"Boite ménagère basilic Ducros 29g","p":1.44,"u":"49,66 €/KG","img":"https://fd11-photos.leclercdrive.fr/image.ashx?id=2486587&use=l&cat=p&typeid=i","cat":298297},{"id":130755,"n":"Maquereau Moutarde PETIT NAVIRE Moutarde sans arome ajouté 169g","p":1.88,"u":"11,12 €/KG","img":"https://fd11-photos.leclercdrive.fr/image.ashx?id=2989060&use=l&cat=p&typeid=i","cat":303868},{"id":130776,"n":"Confiture  Bonne Maman Fraise framboise intenses 335g","p":2.19,"u":"6,54 €/KG","img":"https://fd11-photos.leclercdrive.fr/image.ashx?id=2396378&use=l&cat=p&typeid=i","cat":284480},{"id":130788,"n":"Tablette chocolat au lait Eco+ Ménage - 5x100g","p":3.49,"u":"6,98 €/KG","img":"https://fd11-photos.leclercdrive.fr/image.ashx?id=2746778&use=l&cat=p&typeid=i","cat":284497},{"id":130789,"n":"Préparation Gâteau alsa Moelleux Nature - 435g","p":2.19,"u":"5,03 €/KG","img":"https://fd11-photos.leclercdrive.fr/image.ashx?id=2996431&use=l&cat=p&typeid=i","cat":284505},{"id":130790,"n":"Préparation Gâteau alsa Moelleux Chocolat - 435g","p":2.19,"u":"5,03 €/KG","img":"https://fd11-photos.leclercdrive.fr/image.ashx?id=2996434&use=l&cat=p&typeid=i","cat":284505},{"id":130800,"n":"Plateau Raclette 3 fromages NRT 550g","p":10.95,"u":"19,91 €/KG","img":"https://fd11-photos.leclercdrive.fr/image.ashx?id=2321796&use=l&cat=p&typeid=i","cat":314037},{"id":130804,"n":"Préparation Gâteau alsa Fondant au Chocolat - 435g","p":2.5,"u":"7,81 €/KG","img":"https://fd11-photos.leclercdrive.fr/image.ashx?id=2996437&use=l&cat=p&typeid=i","cat":284505},{"id":130811,"n":"Brosse à Dents Signal Système Blancheur Medium x1","p":2.7,"img":"https://fd11-photos.leclercdrive.fr/image.ashx?id=2832539&use=l&cat=p&typeid=i","cat":284614},{"id":130816,"n":"Dentifrice Zendium Protection complète - 75ml","p":2.55,"img":"https://fd11-photos.leclercdrive.fr/image.ashx?id=2927711&use=l&cat=p&typeid=i","cat":284612},{"id":130857,"n":"Truite fumée de france Ovive 100g","p":3.44,"u":"34,40 €/KG","img":"https://fd11-photos.leclercdrive.fr/image.ashx?id=2902061&use=l&cat=p&typeid=i","cat":285188},{"id":130917,"n":"Lait en poudre Guigoz 1er âge - 0-6 mois - 800g","p":17.88,"u":"22,35 €/KG","img":"https://fd11-photos.leclercdrive.fr/image.ashx?id=2891313&use=l&cat=p&typeid=i","cat":284726},{"id":130918,"n":"Lait bébé poudre Guigoz Evolia  2ème âge - 6-12 mois - 800g","p":14.32,"u":"17,90 €/KG","img":"https://fd11-photos.leclercdrive.fr/image.ashx?id=2737111&use=l&cat=p&typeid=i","cat":284727},{"id":130919,"n":"Cereales Bio nuit Modilac 4mois 250g","p":4.3,"u":"17,20 €/KG","img":"https://fd11-photos.leclercdrive.fr/image.ashx?id=2766006&use=l&cat=p&typeid=i","cat":312225},{"id":130936,"n":"Dés mimolette Petit Marché 120g","p":2.43,"u":"20,25 €/KG","img":"https://fd11-photos.leclercdrive.fr/image.ashx?id=2216981&use=l&cat=p&typeid=i","cat":314027},{"id":130939,"n":"Dés Cheddar Petit Marché - 120g","p":2.47,"u":"20,58 €/KG","img":"https://fd11-photos.leclercdrive.fr/image.ashx?id=2303612&use=l&cat=p&typeid=i","cat":314027},{"id":131136,"n":"Brosse WC 1 pièce","p":2.45,"img":"https://fd11-photos.leclercdrive.fr/image.ashx?id=1937812&use=l&cat=p&typeid=i","cat":284669},{"id":131137,"n":"Ensemble WC 1 pièce","p":3.45,"img":"https://fd11-photos.leclercdrive.fr/image.ashx?id=1937815&use=l&cat=p&typeid=i","cat":284669},{"id":131150,"n":"Manche rétractable 1 pièce","p":2.72,"img":"https://fd11-photos.leclercdrive.fr/image.ashx?id=1937809&use=l&cat=p&typeid=i","cat":284669},{"id":131152,"n":"Brosse effacage à sec Maped Vert - Magnétique","p":1.53,"img":"https://fd11-photos.leclercdrive.fr/image.ashx?id=1922212&use=l&cat=p&typeid=i","cat":334133},{"id":131155,"n":"Brosse effacage à sec Maped Rouge - Magnétique","p":1.53,"img":"https://fd11-photos.leclercdrive.fr/image.ashx?id=1950633&use=l&cat=p&typeid=i","cat":334133},{"id":131158,"n":"Brosse vaisselle design 1 pièce","p":3.9,"img":"https://fd11-photos.leclercdrive.fr/image.ashx?id=1937824&use=l&cat=p&typeid=i","cat":284669},{"id":131243,"n":"AOC Crémant de Limoux Brut  rosé Aguila - 75cl","p":6.6,"pp":4.95,"u":"6,60 €/L","img":"https://fd11-photos.leclercdrive.fr/image.ashx?id=2792246&use=l&cat=p&typeid=i","cat":284544},{"id":131382,"n":"Lait croissance GUIGOZ RELAIS  dès 12 mois - 800g","p":13.81,"u":"17,26 €/KG","img":"https://fd11-photos.leclercdrive.fr/image.ashx?id=2895029&use=l&cat=p&typeid=i","cat":290219},{"id":131388,"n":"Capsules Starbucks by Nespresso  Colombia Int 7 - x10","p":3.32,"u":"58,25 €/KG","img":"https://fd11-photos.leclercdrive.fr/image.ashx?id=2868152&use=l&cat=p&typeid=i","cat":284749},{"id":131390,"n":"Capsules Starbucks by Nespresso  House Blend Int 8 - x10","p":3.32,"u":"58,25 €/KG","img":"https://fd11-photos.leclercdrive.fr/image.ashx?id=2868143&use=l&cat=p&typeid=i","cat":284749},{"id":131424,"n":"Capsules Starbucks by Nespresso  Blonde Espresso Int 6 - x10","p":3.32,"u":"62,64 €/KG","img":"https://fd11-photos.leclercdrive.fr/image.ashx?id=2868146&use=l&cat=p&typeid=i","cat":284749},{"id":131426,"n":"Capsules Starbucks by Nespresso  Espresso Roast Int 11 - x10","p":3.32,"u":"58,25 €/KG","img":"https://fd11-photos.leclercdrive.fr/image.ashx?id=2868149&use=l&cat=p&typeid=i","cat":284749},{"id":131431,"n":"Café Capsules by DOLCE GUSTO Starbucks Caramel Macchiato 2x6","p":4.39,"u":"34,57 €/KG","img":"https://fd11-photos.leclercdrive.fr/image.ashx?id=2966785&use=l&cat=p&typeid=i","cat":293239},{"id":131767,"n":"Bonbons sans sucres Ricola Orange Menthe - 50g","p":1.52,"u":"30,40 €/KG","img":"https://fd11-photos.leclercdrive.fr/image.ashx?id=2382219&use=l&cat=p&typeid=i","cat":304256},{"id":131777,"n":"Ananas en morceaux Eco+ Sirop léger - 340 g","p":1.01,"u":"2,81 €/KG","img":"https://fd11-photos.leclercdrive.fr/image.ashx?id=2501649&use=l&cat=p&typeid=i","cat":284507},{"id":131784,"n":"Barres céréales Eco+ Choco/banane - 125g","p":0.71,"u":"5,68 €/KG","img":"https://fd11-photos.leclercdrive.fr/image.ashx?id=2791203&use=l&cat=p&typeid=i","cat":285869},{"id":131790,"n":"Barres céréales Eco+ Chocolat & cacahuètes x6 - 126g","p":0.71,"u":"5,63 €/KG","img":"https://fd11-photos.leclercdrive.fr/image.ashx?id=2791209&use=l&cat=p&typeid=i","cat":285869},{"id":131801,"n":"Bonbons tendres aux fruits Eco + - 500g","p":1.99,"u":"3,98 €/KG","img":"https://fd11-photos.leclercdrive.fr/image.ashx?id=2729266&use=l&cat=p&typeid=i","cat":304250},{"id":131806,"n":"Céréales fourrées P'tit Déli Chocolat au lait - 450g","p":2.45,"u":"5,44 €/KG","img":"https://fd11-photos.leclercdrive.fr/image.ashx?id=2835211&use=l&cat=p&typeid=i","cat":309513},{"id":131807,"n":"Choucroute garnie 800g","p":2.17,"u":"2,71 €/KG","img":"https://fd11-photos.leclercdrive.fr/image.ashx?id=2826894&use=l&cat=p&typeid=i","cat":284441},{"id":131809,"n":"Chocolat noir dégustation 100g","p":1.0,"u":"10,00 €/KG","img":"https://fd11-photos.leclercdrive.fr/image.ashx?id=2858375&use=l&cat=p&typeid=i","cat":284956},{"id":131811,"n":"Chicorée café Eco+ Soluble - 200g","p":2.06,"u":"10,30 €/KG","img":"https://fd11-photos.leclercdrive.fr/image.ashx?id=2791200&use=l&cat=p&typeid=i","cat":284843},{"id":131821,"n":"Croissants Eco+ x10 - 400g","p":1.45,"u":"3,63 €/KG","img":"https://fd11-photos.leclercdrive.fr/image.ashx?id=2922914&use=l&cat=p&typeid=i","cat":296366},{"id":131822,"n":"Delicioso format familial x10 - 350g","p":2.52,"u":"7,20 €/KG","img":"https://fd11-photos.leclercdrive.fr/image.ashx?id=2416547&use=l&cat=p&typeid=i","cat":284495},{"id":131825,"n":"Mais croquant Eco+ 3x140g","p":1.66,"u":"3,95 €/KG","img":"https://fd11-photos.leclercdrive.fr/image.ashx?id=2874675&use=l&cat=p&typeid=i","cat":312611},{"id":131827,"n":"Mouliné aux 8 légumes Eco+ 1L","p":0.9,"u":"0,90 €/L","img":"https://fd11-photos.leclercdrive.fr/image.ashx?id=2768451&use=l&cat=p&typeid=i","cat":284462},{"id":131829,"n":"Noix de Muscade Ducros 18g","p":2.63,"u":"146,11 €/KG","img":"https://fd11-photos.leclercdrive.fr/image.ashx?id=2559466&use=l&cat=p&typeid=i","cat":298297},{"id":131831,"n":"Pâté de campagne Eco+ 3x78g","p":1.31,"u":"5,60 €/KG","img":"https://fd11-photos.leclercdrive.fr/image.ashx?id=2852943&use=l&cat=p&typeid=i","cat":305149},{"id":131832,"n":"Olives vertes dénoyautées 490g","p":2.52,"u":"5,14 €/KG","img":"https://fd11-photos.leclercdrive.fr/image.ashx?id=2946811&use=l&cat=p&typeid=i","cat":284458},{"id":131834,"n":"Pain de mie Epi d'Or Extra moelleux - 500g","p":0.99,"u":"1,98 €/KG","img":"https://fd11-photos.leclercdrive.fr/image.ashx?id=2860781&use=l&cat=p&typeid=i","cat":284477},{"id":131853,"n":"Potage tomate vermicelle Eco + 66g","p":0.79,"u":"11,97 €/KG","img":"https://fd11-photos.leclercdrive.fr/image.ashx?id=2674017&use=l&cat=p&typeid=i","cat":284463},{"id":131861,"n":"Sticks salés sachet Eco+ 250g","p":0.57,"u":"2,28 €/KG","img":"https://fd11-photos.leclercdrive.fr/image.ashx?id=2664572&use=l&cat=p&typeid=i","cat":297000},{"id":131877,"n":"Stylos bille 4 couleurs Bic Argent/Rose - Shine - x2","p":4.99,"img":"https://fd11-photos.leclercdrive.fr/image.ashx?id=1942945&use=l&cat=p&typeid=i","cat":284696},{"id":131935,"n":"Bouillon Cube Bio Maggi Boeuf - 80g","p":1.91,"u":"23,88 €/KG","img":"https://fd11-photos.leclercdrive.fr/image.ashx?id=2787992&use=l&cat=p&typeid=i","cat":288379},{"id":131940,"n":"Bouillon liquide de volaille Maggi - 400ml","p":1.99,"u":"4,98 €/L","img":"https://fd11-photos.leclercdrive.fr/image.ashx?id=2496752&use=l&cat=p&typeid=i","cat":288379},{"id":132088,"n":"Sauce Barilla Tomates Cuisinées - 400g","p":1.65,"u":"4,13 €/KG","img":"https://fd11-photos.leclercdrive.fr/image.ashx?id=2832527&use=l&cat=p&typeid=i","cat":287599},{"id":132109,"n":"Batonnets de glace Nuii Mangue d'Inde et Noix de Coco  x4","p":4.44,"u":"15,52 €/KG","img":"https://fd11-photos.leclercdrive.fr/image.ashx?id=2506825&use=l&cat=p&typeid=i","cat":284265},{"id":132163,"n":"Lait bébé liquide Blédilait croissance 1-3 ans 4x500ml","p":4.9,"u":"2,45 €/L","img":"https://fd11-photos.leclercdrive.fr/image.ashx?id=2892418&use=l&cat=p&typeid=i","cat":284728},{"id":132165,"n":"Sorbet Eskiss Citron jaune - 650g","p":2.41,"u":"3,71 €/KG","img":"https://fd11-photos.leclercdrive.fr/image.ashx?id=2982664&use=l&cat=p&typeid=i","cat":284263},{"id":132167,"n":"Bac Eskiss Sorbet Framboise - 650g","p":4.01,"u":"6,17 €/KG","img":"https://fd11-photos.leclercdrive.fr/image.ashx?id=2982667&use=l&cat=p&typeid=i","cat":284263},{"id":132177,"n":"Petits pots bébé P'TITE RECETTE Curry de Poisson 12M+ - 2x200g","p":2.51,"u":"6,28 €/KG","img":"https://fd11-photos.leclercdrive.fr/image.ashx?id=2527118&use=l&cat=p&typeid=i","cat":312237},{"id":132180,"n":"Petits pots bébé P'TITE RECETTE Tajine de poulet 12M+ - 2x200g","p":2.1,"u":"5,25 €/KG","img":"https://fd11-photos.leclercdrive.fr/image.ashx?id=2525720&use=l&cat=p&typeid=i","cat":312237},{"id":132214,"n":"Stylo bille 4 couleurs Bic Bleu pâle - Fashion","p":1.7,"img":"https://fd11-photos.leclercdrive.fr/image.ashx?id=1945832&use=l&cat=p&typeid=i","cat":284696},{"id":132234,"n":"Flocons d'avoine Grainea 500g","p":0.84,"u":"1,68 €/KG","img":"https://fd11-photos.leclercdrive.fr/image.ashx?id=2919655&use=l&cat=p&typeid=i","cat":309512},{"id":132243,"n":"Lessive liquide couleur Epsil 25 lavages - 1.25L","p":2.54,"u":"2,03 €/L","img":"https://fd11-photos.leclercdrive.fr/image.ashx?id=2933449&use=l&cat=p&typeid=i","cat":284640},{"id":132244,"n":"Rubans correcteurs Tipp-Ex Rouge/Violet - x2","p":3.98,"img":"https://fd11-photos.leclercdrive.fr/image.ashx?id=1946021&use=l&cat=p&typeid=i","cat":334133},{"id":132285,"n":"Feta grecque AOP Les Croisés - Tranche - 150g","p":1.84,"u":"12,27 €/KG","img":"https://fd11-photos.leclercdrive.fr/image.ashx?id=2210750&use=l&cat=p&typeid=i","cat":314026},{"id":132290,"n":"Huile d'Olive Carapelli Extra Vierge Classico - 75cl","p":10.77,"u":"14,36 €/L","img":"https://fd11-photos.leclercdrive.fr/image.ashx?id=2737480&use=l&cat=p&typeid=i","cat":284453},{"id":132330,"n":"Ail semoule Eco + 54g","p":0.79,"u":"14,63 €/KG","img":"https://fd11-photos.leclercdrive.fr/image.ashx?id=2717249&use=l&cat=p&typeid=i","cat":298297},{"id":132348,"n":"Delir' Pik Haribo Sachet bonbons acidulés - 275g","p":1.75,"u":"6,36 €/KG","img":"https://fd11-photos.leclercdrive.fr/image.ashx?id=2984904&use=l&cat=p&typeid=i","cat":304250},{"id":132368,"n":"Repas bébé Blédichef 15 mois Pâtes sauce tomate jambon -250g","p":1.76,"u":"7,04 €/KG","img":"https://fd11-photos.leclercdrive.fr/image.ashx?id=2643743&use=l&cat=p&typeid=i","cat":312238},{"id":132369,"n":"Repas bébé Blédichef 24 mois  Pâtes légumes cabillaud - 250g","p":1.88,"u":"7,52 €/KG","img":"https://fd11-photos.leclercdrive.fr/image.ashx?id=2644725&use=l&cat=p&typeid=i","cat":312238},{"id":132392,"n":"Gratte éponge Spontex Longue durée - x3","p":2.03,"u":"0,68 €/P","img":"https://fd11-photos.leclercdrive.fr/image.ashx?id=2973072&use=l&cat=p&typeid=i","cat":284667},{"id":132393,"n":"Lait croissance Guigoz Optipro En poudre - dès 18 mois - 900g","p":10.26,"u":"11,40 €/KG","img":"https://fd11-photos.leclercdrive.fr/image.ashx?id=2517589&use=l&cat=p&typeid=i","cat":290219},{"id":132573,"n":"AOP Saumur Mousseux 1/2 sec Lacheteau Origine - 75cl","p":5.2,"u":"6,93 €/L","img":"https://fd11-photos.leclercdrive.fr/image.ashx?id=2431914&use=l&cat=p&typeid=i","cat":289557},{"id":132575,"n":"AOP Saumur rosé brut Lacheteau Mousseux Cuvée Éphémère - 75cl","p":5.2,"u":"6,93 €/L","img":"https://fd11-photos.leclercdrive.fr/image.ashx?id=2431923&use=l&cat=p&typeid=i","cat":284544},{"id":132585,"n":"Skyr Yoplait  Nature 0%Mg - 4x100g","p":1.95,"u":"4,88 €/KG","img":"https://fd11-photos.leclercdrive.fr/image.ashx?id=2884435&use=l&cat=p&typeid=i","cat":315000},{"id":132601,"n":"Fan of Pik Haribo  Sachet bonbons acidulés - 200g","p":1.77,"u":"8,85 €/KG","img":"https://fd11-photos.leclercdrive.fr/image.ashx?id=2789766&use=l&cat=p&typeid=i","cat":304250},{"id":132625,"n":"Batônnets Trium Vanille Fruits rouge x4 - 286g","p":2.64,"u":"9,23 €/KG","img":"https://fd11-photos.leclercdrive.fr/image.ashx?id=2920782&use=l&cat=p&typeid=i","cat":284265},{"id":132629,"n":"Pétales de blé P'tit Déli Au chocolat - 400g","p":2.17,"u":"5,43 €/KG","img":"https://fd11-photos.leclercdrive.fr/image.ashx?id=2765846&use=l&cat=p&typeid=i","cat":309513},{"id":132630,"n":"Sorbet Eskiss Pomme - 650g","p":2.49,"u":"3,83 €/KG","img":"https://fd11-photos.leclercdrive.fr/image.ashx?id=2982670&use=l&cat=p&typeid=i","cat":284263},{"id":132631,"n":"Sorbet Eskiss Poire - 650g","p":2.11,"u":"3,25 €/KG","img":"https://fd11-photos.leclercdrive.fr/image.ashx?id=2983826&use=l&cat=p&typeid=i","cat":284263},{"id":132633,"n":"Bac sorbet Eskiss Citron vert - 650g","p":2.61,"u":"4,02 €/KG","img":"https://fd11-photos.leclercdrive.fr/image.ashx?id=2983829&use=l&cat=p&typeid=i","cat":284263},{"id":132635,"n":"Bac sorbet Bio Bio Village Citron - 585g","p":4.25,"u":"7,26 €/KG","img":"https://fd11-photos.leclercdrive.fr/image.ashx?id=1948134&use=l&cat=p&typeid=i","cat":284263},{"id":132636,"n":"Bac parfum chocolat Eco+ 500g","p":1.33,"u":"2,66 €/KG","img":"https://fd11-photos.leclercdrive.fr/image.ashx?id=2726488&use=l&cat=p&typeid=i","cat":284263},{"id":132637,"n":"Batonnets Eco + Vanille chocolat - x16 - 536g","p":2.19,"u":"4,09 €/KG","img":"https://fd11-photos.leclercdrive.fr/image.ashx?id=2768077&use=l&cat=p&typeid=i","cat":284265},{"id":132638,"n":"Batonnet Trium Vanille fruit exotique x4  294g","p":2.65,"u":"9,01 €/KG","img":"https://fd11-photos.leclercdrive.fr/image.ashx?id=2911699&use=l&cat=p&typeid=i","cat":284265},{"id":132641,"n":"Mini batonnets Trium Vanille - x8 - 288g","p":2.78,"u":"9,65 €/KG","img":"https://fd11-photos.leclercdrive.fr/image.ashx?id=2920797&use=l&cat=p&typeid=i","cat":284265},{"id":132796,"n":"Haché moelleux Eco+ 500g","p":4.85,"u":"9,70 €/KG","img":"https://fd11-photos.leclercdrive.fr/image.ashx?id=2930606&use=l&cat=p&typeid=i","cat":284332},{"id":132808,"n":"Skyr Yoplait  Lit Fruits Rouges 0%Mg - 4x100g","p":2.19,"u":"5,48 €/KG","img":"https://fd11-photos.leclercdrive.fr/image.ashx?id=2884438&use=l&cat=p&typeid=i","cat":315000},{"id":132811,"n":"Skyr Yoplait  Sur Lit Myrtilles 0%MG - 4x100G","p":2.2,"u":"5,50 €/KG","img":"https://fd11-photos.leclercdrive.fr/image.ashx?id=2884441&use=l&cat=p&typeid=i","cat":315000},{"id":132815,"n":"Skyr Yoplait  Sur Lit Citron 0%MG - 4x100g","p":2.21,"u":"5,53 €/KG","img":"https://fd11-photos.leclercdrive.fr/image.ashx?id=2317780&use=l&cat=p&typeid=i","cat":315000},{"id":132841,"n":"Escalope de dinde Maître Coq Certifié BBC fine x2 - 240g","p":4.28,"u":"17,83 €/KG","img":"https://fd11-photos.leclercdrive.fr/image.ashx?id=2572580&use=l&cat=p&typeid=i","cat":284337},{"id":133039,"n":"Lessive liquide noir Epsil 25 Lavages - 1.25L","p":2.54,"u":"2,03 €/L","img":"https://fd11-photos.leclercdrive.fr/image.ashx?id=2670350&use=l&cat=p&typeid=i","cat":284640},{"id":133083,"n":"Bac gourmand Ice Cream Factory Tiramisu - 500g","p":2.83,"u":"5,66 €/KG","img":"https://fd11-photos.leclercdrive.fr/image.ashx?id=2671733&use=l&cat=p&typeid=i","cat":284263},{"id":133086,"n":"Bac gourmand Ice Cream Factory Stracciatella - 500g","p":2.49,"u":"4,98 €/KG","img":"https://fd11-photos.leclercdrive.fr/image.ashx?id=2177328&use=l&cat=p&typeid=i","cat":284263},{"id":133104,"n":"Séchoir tourniquet Homeside 14 pinces","p":3.69,"img":"https://fd11-photos.leclercdrive.fr/image.ashx?id=2083984&use=l&cat=p&typeid=i","cat":335909},{"id":133121,"n":"Poisson Pané Colin Alaska Findus Céréales graines - 250g","p":2.89,"u":"11,56 €/KG","img":"https://fd11-photos.leclercdrive.fr/image.ashx?id=3008764&use=l&cat=p&typeid=i","cat":319788},{"id":133173,"n":"IGP Pays d'Oc blanc Ormes De Cambras Sauvignon 12% 75cl","p":2.89,"u":"3,85 €/L","img":"https://fd11-photos.leclercdrive.fr/image.ashx?id=2105155&use=l&cat=p&typeid=i","cat":289557},{"id":133179,"n":"Yaourt protéiné Hipro Vanille 0%mg - 2x160g","p":2.01,"u":"6,28 €/KG","img":"https://fd11-photos.leclercdrive.fr/image.ashx?id=2807414&use=l&cat=p&typeid=i","cat":315000},{"id":133236,"n":"Shampooing Anasphase Ducray complément anti chute - 400ml","p":13.49,"u":"33,73 €/L","img":"https://fd11-photos.leclercdrive.fr/image.ashx?id=2960861&use=l&cat=p&typeid=i","cat":290400},{"id":133238,"n":"Emulsion apaisante Avène SPF 30 anti rougeurs  jour - 40ml","p":18.99,"u":"474,75 €/L","img":"https://fd11-photos.leclercdrive.fr/image.ashx?id=2665649&use=l&cat=p&typeid=i","cat":291171},{"id":133248,"n":"Stylo-bille 4 couleurs Bic Motif Fleurs - Velours","p":2.25,"img":"https://fd11-photos.leclercdrive.fr/image.ashx?id=1952425&use=l&cat=p&typeid=i","cat":284696},{"id":133270,"n":"Mini rollers correcteur UHU 6m x 5mm pastel - x2","p":3.8,"u":"1,90 €/P","img":"https://fd11-photos.leclercdrive.fr/image.ashx?id=2205932&use=l&cat=p&typeid=i","cat":334133},{"id":133379,"n":"Pain surgras Cold Cream Avène 2x100 g","p":7.79,"u":"38,95 €/KG","img":"https://fd11-photos.leclercdrive.fr/image.ashx?id=1982497&use=l&cat=p&typeid=i","cat":301591},{"id":133393,"n":"Huile sèche SPF 30 Klorane solaire Polysianes -200ml","p":16.39,"u":"81,95 €/L","img":"https://fd11-photos.leclercdrive.fr/image.ashx?id=2377247&use=l&cat=p&typeid=i","cat":290396},{"id":133398,"n":"Petit pot bébé bio Blédina 8m Riz champignon pois 2x200g","p":2.82,"u":"7,05 €/KG","img":"https://fd11-photos.leclercdrive.fr/image.ashx?id=2831714&use=l&cat=p&typeid=i","cat":312239},{"id":133448,"n":"Crème émolliente Ictyane Ducray Nutritive visage/corps -2x200ml","p":12.99,"u":"32,48 €/L","img":"https://fd11-photos.leclercdrive.fr/image.ashx?id=2056819&use=l&cat=p&typeid=i","cat":290421},{"id":133462,"n":"Bain de bouche Eluday Care action antiplaque - 500ml","p":5.79,"u":"11,58 €/L","img":"https://fd11-photos.leclercdrive.fr/image.ashx?id=2788745&use=l&cat=p&typeid=i","cat":290416},{"id":133465,"n":"Bain de bouche Eluday Protect Protection complète - 500ml","p":4.8,"u":"9,60 €/L","img":"https://fd11-photos.leclercdrive.fr/image.ashx?id=2373600&use=l&cat=p&typeid=i","cat":290416},{"id":133501,"n":"Shampooing Klorane petit junior Démêlant pêche - 500ml","p":8.99,"u":"17,98 €/L","img":"https://fd11-photos.leclercdrive.fr/image.ashx?id=2373534&use=l&cat=p&typeid=i","cat":290400},{"id":133548,"n":"Spray solaire Klorane SPF50 Polysianes Sublime - 200ml","p":15.95,"u":"79,75 €/L","img":"https://fd11-photos.leclercdrive.fr/image.ashx?id=2607704&use=l&cat=p&typeid=i","cat":290396},{"id":133559,"n":"Crème sublimatrice Klorane après-soleil - 200ml","p":19.7,"u":"98,50 €/L","img":"https://fd11-photos.leclercdrive.fr/image.ashx?id=2377250&use=l&cat=p&typeid=i","cat":290396},{"id":133650,"n":"DOC Prosecco Treviso Mionetto - 75cl","p":6.66,"u":"8,88 €/L","img":"https://fd11-photos.leclercdrive.fr/image.ashx?id=3011911&use=l&cat=p&typeid=i","cat":289461},{"id":133768,"n":"Poêle Easy Cook'n Clean Tefal Ø32cm - 1 pièce","p":19.57,"img":"https://fd11-photos.leclercdrive.fr/image.ashx?id=2531862&use=l&cat=p&typeid=i","cat":298490},{"id":133987,"n":"Oeufs La nouvelle agriculture Plein Air - x12","p":3.57,"u":"0,30 €/P","img":"https://fd11-photos.leclercdrive.fr/image.ashx?id=2465562&use=l&cat=p&typeid=i","cat":284378},{"id":134065,"n":"Porte-mines jetables Siplec 0.7mm - x3","p":0.85,"img":"https://fd11-photos.leclercdrive.fr/image.ashx?id=2943232&use=l&cat=p&typeid=i","cat":284696},{"id":134117,"n":"Foie gras de canard entier  Maison Montfort - 320g","p":27.95,"u":"87,34 €/KG","img":"https://fd11-photos.leclercdrive.fr/image.ashx?id=2730997&use=l&cat=p&typeid=i","cat":316008},{"id":134121,"n":"Poivre noir moulu Eco+ 44g","p":0.55,"u":"12,50 €/KG","img":"https://fd11-photos.leclercdrive.fr/image.ashx?id=2717246&use=l&cat=p&typeid=i","cat":284457},{"id":134122,"n":"Poivre noir moulu Eco+ 90g","p":1.15,"u":"12,78 €/KG","img":"https://fd11-photos.leclercdrive.fr/image.ashx?id=2836307&use=l&cat=p&typeid=i","cat":284457},{"id":134124,"n":"Velouté PurSoup' Liebig Poireaux pomme de terre - 1L","p":2.09,"u":"2,09 €/L","img":"https://fd11-photos.leclercdrive.fr/image.ashx?id=2864324&use=l&cat=p&typeid=i","cat":284462},{"id":134130,"n":"Mélange paella Ducros 20g","p":1.41,"u":"70,50 €/KG","img":"https://fd11-photos.leclercdrive.fr/image.ashx?id=2490500&use=l&cat=p&typeid=i","cat":298297},{"id":134131,"n":"Soupe liquide brique Liebig  Velouté de Tomates - 1L","p":2.3,"u":"2,30 €/L","img":"https://fd11-photos.leclercdrive.fr/image.ashx?id=2759439&use=l&cat=p&typeid=i","cat":284462},{"id":134144,"n":"Don Papa Masskara Base de rhum 40% vol 70cl","p":29.99,"u":"42,84 €/L","img":"https://fd11-photos.leclercdrive.fr/image.ashx?id=2858255&use=l&cat=p&typeid=i","cat":284551},{"id":134146,"n":"Biscuits Nustikao Fourrés pâte à tartiner - 200g","p":1.67,"u":"8,35 €/KG","img":"https://fd11-photos.leclercdrive.fr/image.ashx?id=2473999&use=l&cat=p&typeid=i","cat":284488},{"id":134147,"n":"Purée fruit bébé Pomme Myrtille 4/6 mois Blédina - 4x100g","p":2.31,"u":"5,78 €/KG","img":"https://fd11-photos.leclercdrive.fr/image.ashx?id=2983057&use=l&cat=p&typeid=i","cat":312388},{"id":134148,"n":"Purée fruit bébé Pomme Rhubarbe Fraise 6 mois Blédina - 4x100g","p":2.03,"u":"5,08 €/KG","img":"https://fd11-photos.leclercdrive.fr/image.ashx?id=2983060&use=l&cat=p&typeid=i","cat":312388},{"id":134150,"n":"Lait céréales Blédidej 6 mois Céréales - 4x250ml","p":3.48,"u":"3,48 €/L","img":"https://fd11-photos.leclercdrive.fr/image.ashx?id=2921067&use=l&cat=p&typeid=i","cat":312226},{"id":134152,"n":"Biscuits Kinder Happy Hippo Au lait et au cacao - 103,5g","p":1.57,"u":"15,10 €/KG","img":"https://fd11-photos.leclercdrive.fr/image.ashx?id=2454499&use=l&cat=p&typeid=i","cat":284488},{"id":134162,"n":"Fromage frais nature Eco+ 9%mg - 6x60g","p":0.93,"u":"2,58 €/KG","img":"https://fd11-photos.leclercdrive.fr/image.ashx?id=2722372&use=l&cat=p&typeid=i","cat":284409},{"id":134165,"n":"Yaourt à la Grecque Délisse Stracciatella - 4x150g","p":2.39,"u":"3,98 €/KG","img":"https://fd11-photos.leclercdrive.fr/image.ashx?id=2753487&use=l&cat=p&typeid=i","cat":314999},{"id":134218,"n":"Lardons fumés Tradilège Sans nitrite - 2x75g","p":1.57,"u":"10,47 €/KG","img":"https://fd11-photos.leclercdrive.fr/image.ashx?id=2816678&use=l&cat=p&typeid=i","cat":316011},{"id":134223,"n":"Allumettes fumées Tradilège Sans nitrite - 2x75g","p":1.61,"u":"10,73 €/KG","img":"https://fd11-photos.leclercdrive.fr/image.ashx?id=2965825&use=l&cat=p&typeid=i","cat":316011},{"id":134257,"n":"Corn Flakes Grainéa Nature - 500g","p":2.08,"u":"4,16 €/KG","img":"https://fd11-photos.leclercdrive.fr/image.ashx?id=2617249&use=l&cat=p&typeid=i","cat":309513},{"id":134317,"n":"Biscuit Croc Break P'tit Déli Goût Chocolat - 300g","p":1.15,"u":"3,83 €/KG","img":"https://fd11-photos.leclercdrive.fr/image.ashx?id=2708895&use=l&cat=p&typeid=i","cat":284488},{"id":134318,"n":"Biscuits P'tit déli Pirates Chocolat - 2x300g","p":2.17,"u":"3,62 €/KG","img":"https://fd11-photos.leclercdrive.fr/image.ashx?id=2718614&use=l&cat=p&typeid=i","cat":284488},{"id":134319,"n":"Biscuit Croc Break P'tit Déli Goût Tout Chocolat - 300g","p":1.17,"u":"3,90 €/KG","img":"https://fd11-photos.leclercdrive.fr/image.ashx?id=2472662&use=l&cat=p&typeid=i","cat":284488},{"id":134331,"n":"Muesli croustillant Grainéa Chocolat noir - 500g","p":2.29,"u":"4,58 €/KG","img":"https://fd11-photos.leclercdrive.fr/image.ashx?id=2925991&use=l&cat=p&typeid=i","cat":309512},{"id":134333,"n":"Muesli croustillant Grainéa Noix - 500g","p":2.02,"u":"4,04 €/KG","img":"https://fd11-photos.leclercdrive.fr/image.ashx?id=2917662&use=l&cat=p&typeid=i","cat":309512},{"id":134336,"n":"Muesli croustillant Grainéa  Aux fruits - 500g","p":1.87,"u":"3,74 €/KG","img":"https://fd11-photos.leclercdrive.fr/image.ashx?id=2931796&use=l&cat=p&typeid=i","cat":309512},{"id":134347,"n":"Anneaux Calamars Cité Marine Romaine - 180g","p":3.52,"u":"19,56 €/KG","img":"https://fd11-photos.leclercdrive.fr/image.ashx?id=2867104&use=l&cat=p&typeid=i","cat":284344},{"id":134352,"n":"Muesli croustillant Grainéa  Fraise - 500g","p":2.27,"u":"4,54 €/KG","img":"https://fd11-photos.leclercdrive.fr/image.ashx?id=2873670&use=l&cat=p&typeid=i","cat":309512},{"id":134353,"n":"Muesli croustillant Grainéa Chocolat lait - 500g","p":2.27,"u":"4,54 €/KG","img":"https://fd11-photos.leclercdrive.fr/image.ashx?id=2925994&use=l&cat=p&typeid=i","cat":309512},{"id":134358,"n":"Pomme Canada 1 pièce","p":0.9,"img":"https://fd11-photos.leclercdrive.fr/image.ashx?id=1631128&use=l&cat=p&typeid=i","cat":284356},{"id":134398,"n":"Saucisson Fuet d'Olot 150g","p":2.36,"u":"15,73 €/KG","img":"https://fd11-photos.leclercdrive.fr/image.ashx?id=1971722&use=l&cat=p&typeid=i","cat":316006},{"id":134534,"n":"Café en grains L'OR Absolu N° 7 1kg","p":18.98,"u":"18,98 €/KG","img":"https://fd11-photos.leclercdrive.fr/image.ashx?id=2716837&use=l&cat=p&typeid=i","cat":293237},{"id":134577,"n":"Vinaigre ménager Biovie 12° - 1L","p":1.99,"u":"1,99 €/L","img":"https://fd11-photos.leclercdrive.fr/image.ashx?id=2967857&use=l&cat=p&typeid=i","cat":325365},{"id":134585,"n":"Noix de coco râpée Vahiné 200g","p":2.6,"u":"13,00 €/KG","img":"https://fd11-photos.leclercdrive.fr/image.ashx?id=2805276&use=l&cat=p&typeid=i","cat":284504},{"id":134676,"n":"Friandises chien Pedigree  Schmackos multi mix x20 - 144g","p":2.15,"u":"14,93 €/KG","img":"https://fd11-photos.leclercdrive.fr/image.ashx?id=2338579&use=l&cat=p&typeid=i","cat":294527},{"id":134688,"n":"Compote Charles & Alice Pommes Pruneaux - 4x100g","p":1.8,"u":"4,50 €/KG","img":"https://fd11-photos.leclercdrive.fr/image.ashx?id=2757335&use=l&cat=p&typeid=i","cat":284416},{"id":134734,"n":"Boule crème chocolat Jacquot orange framboise vanille - 1kg","p":7.83,"u":"7,83 €/KG","img":"https://fd11-photos.leclercdrive.fr/image.ashx?id=2666584&use=l&cat=p&typeid=i","cat":327595},{"id":134735,"n":"Doonuts nappés Saint michel 360g","p":3.17,"u":"8,81 €/KG","img":"https://fd11-photos.leclercdrive.fr/image.ashx?id=2986275&use=l&cat=p&typeid=i","cat":284495},{"id":134743,"n":"Foie gras canard entier France Ma création Larnaudie - 220g","p":30.95,"u":"140,68 €/KG","img":"https://fd11-photos.leclercdrive.fr/image.ashx?id=2916782&use=l&cat=p&typeid=i","cat":316008},{"id":134751,"n":"Boisson végétale Bio Village Riz coco bio - 1l","p":1.89,"u":"1,89 €/L","img":"https://fd11-photos.leclercdrive.fr/image.ashx?id=2352243&use=l&cat=p&typeid=i","cat":316067},{"id":134758,"n":"Compote Allégée en sucres Eco+ Coupelle pomme banane - 4x100g","p":0.58,"u":"1,45 €/KG","img":"https://fd11-photos.leclercdrive.fr/image.ashx?id=2953191&use=l&cat=p&typeid=i","cat":284508},{"id":134770,"n":"Compote bio Bio Village Gourdes multivariétés - 12x90g","p":6.35,"u":"5,88 €/KG","img":"https://fd11-photos.leclercdrive.fr/image.ashx?id=1965920&use=l&cat=p&typeid=i","cat":284508},{"id":134786,"n":"Potage poule aux vermicelles Eco+ - 56g","p":0.33,"u":"5,89 €/KG","img":"https://fd11-photos.leclercdrive.fr/image.ashx?id=2663260&use=l&cat=p&typeid=i","cat":284463},{"id":134787,"n":"Ravioli bœuf Bio village Bio 700g","p":3.7,"u":"5,29 €/KG","img":"https://fd11-photos.leclercdrive.fr/image.ashx?id=2717255&use=l&cat=p&typeid=i","cat":284442},{"id":134791,"n":"Thon à la catalane Eco + 135g","p":0.82,"u":"6,07 €/KG","img":"https://fd11-photos.leclercdrive.fr/image.ashx?id=2756834&use=l&cat=p&typeid=i","cat":303867},{"id":134793,"n":"Toasts fins nature Epi d'Or 100g","p":1.65,"u":"16,50 €/KG","img":"https://fd11-photos.leclercdrive.fr/image.ashx?id=2696283&use=l&cat=p&typeid=i","cat":285454},{"id":134794,"n":"Toasts fins sésame Epi d'Or 100g","p":1.65,"u":"16,50 €/KG","img":"https://fd11-photos.leclercdrive.fr/image.ashx?id=2705092&use=l&cat=p&typeid=i","cat":285454},{"id":134796,"n":"Tomates entières pelées Eco+ 240g","p":0.55,"u":"2,29 €/KG","img":"https://fd11-photos.leclercdrive.fr/image.ashx?id=2762501&use=l&cat=p&typeid=i","cat":312608},{"id":134797,"n":"Tuiles goût barbecue Tokapi 170g","p":1.39,"u":"8,18 €/KG","img":"https://fd11-photos.leclercdrive.fr/image.ashx?id=2632891&use=l&cat=p&typeid=i","cat":287899},{"id":134798,"n":"Velouté de légumes Eco + 1L","p":0.89,"u":"0,89 €/L","img":"https://fd11-photos.leclercdrive.fr/image.ashx?id=2768448&use=l&cat=p&typeid=i","cat":284462},{"id":134811,"n":"Pur jus d'orange Eco + Brique - 2l","p":3.14,"u":"1,57 €/L","img":"https://fd11-photos.leclercdrive.fr/image.ashx?id=2751859&use=l&cat=p&typeid=i","cat":284521},{"id":134815,"n":"Pur jus 4 agrumes Eco +  1L","p":1.43,"u":"1,43 €/L","img":"https://fd11-photos.leclercdrive.fr/image.ashx?id=2762943&use=l&cat=p&typeid=i","cat":284917},{"id":134816,"n":"Jus d'orange ABC Eco + Brique - 1L","p":1.3,"u":"1,30 €/L","img":"https://fd11-photos.leclercdrive.fr/image.ashx?id=2802257&use=l&cat=p&typeid=i","cat":284521},{"id":134829,"n":"Bière forte 7.9% Millbrau 50CL","p":0.85,"u":"1,70 €/L","img":"https://fd11-photos.leclercdrive.fr/image.ashx?id=2955581&use=l&cat=p&typeid=i","cat":334853},{"id":134856,"n":"Eau de javel Eco + 2L","p":0.63,"u":"0,32 €/L","img":"https://fd11-photos.leclercdrive.fr/image.ashx?id=2949158&use=l&cat=p&typeid=i","cat":284661},{"id":134900,"n":"Boule crème chocolat Jacquot Orange, framboise vanille - 1kg","p":8.29,"u":"8,29 €/KG","img":"https://fd11-photos.leclercdrive.fr/image.ashx?id=2665889&use=l&cat=p&typeid=i","cat":327595},{"id":134989,"n":"Amora Cornichons Extra-Fins Bocal Croq'Vert 370g","p":2.74,"u":"7,41 €/KG","img":"https://fd11-photos.leclercdrive.fr/image.ashx?id=2670911&use=l&cat=p&typeid=i","cat":284458},{"id":134998,"n":"Collants Le Bourget Modacolors Semi-opaque noir mat - T1/2","p":5.1,"img":"https://fd11-photos.leclercdrive.fr/image.ashx?id=2561679&use=l&cat=p&typeid=i","cat":334130},{"id":134999,"n":"Collant Modacolors semi opaque T3/4 Noir mat - 1 pièce","p":5.1,"img":"https://fd11-photos.leclercdrive.fr/image.ashx?id=2561682&use=l&cat=p&typeid=i","cat":334130},{"id":135136,"n":"Coeur fondant chocolat Equador 2x90g","p":2.13,"u":"11,83 €/KG","img":"https://fd11-photos.leclercdrive.fr/image.ashx?id=1979707&use=l&cat=p&typeid=i","cat":284419},{"id":135191,"n":"Yaourt aromatisé sucré Eco+ Pack 12x125g","p":1.86,"u":"1,24 €/KG","img":"https://fd11-photos.leclercdrive.fr/image.ashx?id=2759774&use=l&cat=p&typeid=i","cat":286006},{"id":135196,"n":"Flan vanille Eco+ Nappé caramel - 12x100g","p":1.77,"u":"1,48 €/KG","img":"https://fd11-photos.leclercdrive.fr/image.ashx?id=2935211&use=l&cat=p&typeid=i","cat":284420},{"id":135204,"n":"Margarine allégée Eco+ Cuisson 60%vol - 500g","p":1.16,"u":"2,32 €/KG","img":"https://fd11-photos.leclercdrive.fr/image.ashx?id=2879928&use=l&cat=p&typeid=i","cat":315229},{"id":135229,"n":"Emmental rapé Eco+ 29%mg - 1kg","p":7.39,"u":"7,39 €/KG","img":"https://fd11-photos.leclercdrive.fr/image.ashx?id=2587097&use=l&cat=p&typeid=i","cat":314035},{"id":135245,"n":"Salade mélangée Eco+ 250g","p":0.75,"u":"3,00 €/KG","img":"https://fd11-photos.leclercdrive.fr/image.ashx?id=2675020&use=l&cat=p&typeid=i","cat":284353},{"id":135246,"n":"Crème fraiche Eco+ Légère - 15% MG - 50cl","p":1.35,"u":"2,70 €/L","img":"https://fd11-photos.leclercdrive.fr/image.ashx?id=2891869&use=l&cat=p&typeid=i","cat":284381},{"id":135247,"n":"Fromage fondu Eco+ 17%mg - x10 - 200g","p":1.08,"u":"5,40 €/KG","img":"https://fd11-photos.leclercdrive.fr/image.ashx?id=2652290&use=l&cat=p&typeid=i","cat":314028},{"id":135266,"n":"Pruneau Eco+ 1kg","p":5.76,"u":"5,76 €/KG","img":"https://fd11-photos.leclercdrive.fr/image.ashx?id=2690868&use=l&cat=p&typeid=i","cat":284357},{"id":135267,"n":"Matière grasse Eco+ Tartine - 55%mg - 500g","p":1.21,"u":"2,42 €/KG","img":"https://fd11-photos.leclercdrive.fr/image.ashx?id=2910580&use=l&cat=p&typeid=i","cat":315229},{"id":135271,"n":"Lait demi-écrémé Eco+ UHT Bouteille -  6x1L","p":5.76,"u":"0,96 €/L","img":"https://fd11-photos.leclercdrive.fr/image.ashx?id=1974368&use=l&cat=p&typeid=i","cat":284377},{"id":135276,"n":"Pomme de terre Panier Primeur Micro-ondes - 750g","p":1.79,"u":"2,39 €/KG","img":"https://fd11-photos.leclercdrive.fr/image.ashx?id=2649903&use=l&cat=p&typeid=i","cat":284352},{"id":135278,"n":"Fromage blanc aromatisé Eco+ 2.8%MG - 12x60g","p":1.79,"u":"2,49 €/KG","img":"https://fd11-photos.leclercdrive.fr/image.ashx?id=2794817&use=l&cat=p&typeid=i","cat":284409},{"id":135279,"n":"Ail violet Panier du Primeur x3","p":2.99,"u":"1,00 €/P","img":"https://fd11-photos.leclercdrive.fr/image.ashx?id=2960520&use=l&cat=p&typeid=i","cat":284352},{"id":135282,"n":"Oignons sauciers Filière Panier du Primeur Filet 500g","p":1.49,"u":"2,98 €/KG","img":"https://fd11-photos.leclercdrive.fr/image.ashx?id=2966370&use=l&cat=p&typeid=i","cat":284352},{"id":135292,"n":"Crème dessert Eco+ Panachées - 12x125g","p":2.43,"u":"1,62 €/KG","img":"https://fd11-photos.leclercdrive.fr/image.ashx?id=2804326&use=l&cat=p&typeid=i","cat":285041},{"id":135293,"n":"Crème dessert Eco+ Saveur vanille - 4x125g","p":0.77,"u":"1,54 €/KG","img":"https://fd11-photos.leclercdrive.fr/image.ashx?id=2765695&use=l&cat=p&typeid=i","cat":285041},{"id":135294,"n":"Crème dessert Eco+ Chocolat - 4x125g","p":0.74,"u":"1,48 €/KG","img":"https://fd11-photos.leclercdrive.fr/image.ashx?id=3003046&use=l&cat=p&typeid=i","cat":285041},{"id":135296,"n":"Fromage mi-chèvre Eco+ 23%mg - 180g","p":1.65,"u":"9,17 €/KG","img":"https://fd11-photos.leclercdrive.fr/image.ashx?id=2978504&use=l&cat=p&typeid=i","cat":314031},{"id":135343,"n":"Râpé 3 fromages Les Croisés  Format familial - 350g","p":3.12,"u":"8,91 €/KG","img":"https://fd11-photos.leclercdrive.fr/image.ashx?id=2959734&use=l&cat=p&typeid=i","cat":314035},{"id":135361,"n":"Brioche tressée Les 3 Meuniers Tranchée Pur Beurre - 500g","p":4.5,"u":"9,00 €/KG","img":"https://fd11-photos.leclercdrive.fr/image.ashx?id=2048082&use=l&cat=p&typeid=i","cat":284478},{"id":135390,"n":"Chair à saucisse  500g","p":4.25,"u":"8,50 €/KG","img":"https://fd11-photos.leclercdrive.fr/image.ashx?id=596043&use=l&cat=p&typeid=i","cat":284332},{"id":135444,"n":"Croco Baby -30% de sucre Haribo Sachet bonbons - 165g","p":1.97,"u":"11,94 €/KG","img":"https://fd11-photos.leclercdrive.fr/image.ashx?id=2806111&use=l&cat=p&typeid=i","cat":304250},{"id":135454,"n":"Brioche tranchée Harrys Nature sans additif Maxi - 680g","p":3.25,"u":"4,78 €/KG","img":"https://fd11-photos.leclercdrive.fr/image.ashx?id=2503022&use=l&cat=p&typeid=i","cat":284478},{"id":135456,"n":"Brioche tranchée Harrys Nature / Sans additifs - 485 g","p":2.36,"u":"4,87 €/KG","img":"https://fd11-photos.leclercdrive.fr/image.ashx?id=2503019&use=l&cat=p&typeid=i","cat":284478},{"id":135458,"n":"Brioche tranchée nature Harrys Allégée en sucre - 485g","p":2.93,"u":"6,04 €/KG","img":"https://fd11-photos.leclercdrive.fr/image.ashx?id=2503031&use=l&cat=p&typeid=i","cat":284478},{"id":135459,"n":"Brioche Tranchée Harrys Pépites de chocolat - 485g","p":2.93,"u":"6,04 €/KG","img":"https://fd11-photos.leclercdrive.fr/image.ashx?id=2503028&use=l&cat=p&typeid=i","cat":284478},{"id":135533,"n":"Chocolat noir Les Citronettes Les Chevaliers d'Argouges 170g","p":8.49,"u":"49,94 €/KG","img":"https://fd11-photos.leclercdrive.fr/image.ashx?id=2842732&use=l&cat=p&typeid=i","cat":327601},{"id":135534,"n":"Bûchettes chocolat noir cerise Les Chevaliers d'Argouges  150g","p":5.59,"u":"37,27 €/KG","img":"https://fd11-photos.leclercdrive.fr/image.ashx?id=2842738&use=l&cat=p&typeid=i","cat":327601},{"id":135535,"n":"Chocolat noir Les orangettes Les Chevaliers d'Argouges  190g","p":7.85,"u":"41,32 €/KG","img":"https://fd11-photos.leclercdrive.fr/image.ashx?id=2842729&use=l&cat=p&typeid=i","cat":327601},{"id":135536,"n":"Chocolat tranche d'oranges Les Chevalier d'Argouges - 180g","p":7.12,"u":"39,56 €/KG","img":"https://fd11-photos.leclercdrive.fr/image.ashx?id=2841415&use=l&cat=p&typeid=i","cat":327601},{"id":135554,"n":"Boules chocolat praliné Jacquot Lait, Amandes, noisettes - 1kg","p":10.57,"u":"10,57 €/KG","img":"https://fd11-photos.leclercdrive.fr/image.ashx?id=2303306&use=l&cat=p&typeid=i","cat":327595},{"id":135645,"n":"Cuadro 4 chocolat praliné Novi Pistaches - 150g","p":4.48,"u":"29,87 €/KG","img":"https://fd11-photos.leclercdrive.fr/image.ashx?id=2922215&use=l&cat=p&typeid=i","cat":327595},{"id":135658,"n":"Chocolats Ferrero Prestige Assortiments x16- 166g","p":6.5,"u":"39,16 €/KG","img":"https://fd11-photos.leclercdrive.fr/image.ashx?id=2896429&use=l&cat=p&typeid=i","cat":327595},{"id":135729,"n":"Louche trendy HOMESIDE 1 pièce","p":3.9,"img":"https://fd11-photos.leclercdrive.fr/image.ashx?id=2017608&use=l&cat=p&typeid=i","cat":334135},{"id":135731,"n":"Cuillère trendy HOMESIDE 1 pièce","p":3.9,"img":"https://fd11-photos.leclercdrive.fr/image.ashx?id=2017599&use=l&cat=p&typeid=i","cat":334135},{"id":135732,"n":"Pelle trendy HOMESIDE 1 pièce","p":3.9,"img":"https://fd11-photos.leclercdrive.fr/image.ashx?id=2017611&use=l&cat=p&typeid=i","cat":334135},{"id":135758,"n":"Jambon Supérieur VPF Tradilège A l'étouffée Découennéx10 -400g","p":5.09,"u":"12,73 €/KG","img":"https://fd11-photos.leclercdrive.fr/image.ashx?id=2970477&use=l&cat=p&typeid=i","cat":316009},{"id":135780,"n":"Petits pots bébé P'TITE RECETTE Cabillaud 8M+ - 2x200g","p":2.23,"u":"5,58 €/KG","img":"https://fd11-photos.leclercdrive.fr/image.ashx?id=2525717&use=l&cat=p&typeid=i","cat":312236},{"id":135790,"n":"Haché de Faux Filet VBF Charal - 260g","p":5.82,"u":"22,38 €/KG","img":"https://fd11-photos.leclercdrive.fr/image.ashx?id=2551114&use=l&cat=p&typeid=i","cat":284332},{"id":136372,"n":"Boule Rocher Ferrero Noël T3 - 37g","p":3.15,"u":"85,14 €/KG","img":"https://fd11-photos.leclercdrive.fr/image.ashx?id=2102428&use=l&cat=p&typeid=i","cat":284499},{"id":136373,"n":"Boîte chocolats Ferrero Rocher x27 pralines - 337g","p":12.73,"u":"37,66 €/KG","img":"https://fd11-photos.leclercdrive.fr/image.ashx?id=2940522&use=l&cat=p&typeid=i","cat":327600},{"id":136389,"n":"Oeuf Maxi Kinder Surprise Garçon - 100g","p":6.36,"u":"63,60 €/KG","img":"https://fd11-photos.leclercdrive.fr/image.ashx?id=2940513&use=l&cat=p&typeid=i","cat":284958},{"id":136400,"n":"Boule de Noël Mon Chéri Cerise - 42g","p":3.15,"u":"75,00 €/KG","img":"https://fd11-photos.leclercdrive.fr/image.ashx?id=1996778&use=l&cat=p&typeid=i","cat":284499},{"id":136402,"n":"Boule de Noël Raffaello 40g","p":3.15,"u":"78,75 €/KG","img":"https://fd11-photos.leclercdrive.fr/image.ashx?id=2102431&use=l&cat=p&typeid=i","cat":284499},{"id":136445,"n":"Gateau marbré Savane Chocolat - 310g","p":2.52,"u":"8,13 €/KG","img":"https://fd11-photos.leclercdrive.fr/image.ashx?id=2870719&use=l&cat=p&typeid=i","cat":294776},{"id":136453,"n":"Plat bébé soir Blédiner 12mois  quinoa légumes - 2x200g","p":2.7,"u":"6,75 €/KG","img":"https://fd11-photos.leclercdrive.fr/image.ashx?id=2845856&use=l&cat=p&typeid=i","cat":312239},{"id":136456,"n":"Lait bébé Candia Baby 2ème âge - 6x1L","p":12.09,"u":"2,02 €/L","img":"https://fd11-photos.leclercdrive.fr/image.ashx?id=2773703&use=l&cat=p&typeid=i","cat":284727},{"id":136457,"n":"Pain grillé original Pasquier 415g","p":1.9,"u":"4,58 €/KG","img":"https://fd11-photos.leclercdrive.fr/image.ashx?id=2943957&use=l&cat=p&typeid=i","cat":284479},{"id":136579,"n":"Soupe liquide brique Liebig  Velouté de 12 légumes - 1L","p":1.95,"u":"1,95 €/L","img":"https://fd11-photos.leclercdrive.fr/image.ashx?id=2172645&use=l&cat=p&typeid=i","cat":284462},{"id":136580,"n":"Soupe liquide brique Liebig  Mouliné de 12 légumes - 1L","p":2.65,"u":"2,65 €/L","img":"https://fd11-photos.leclercdrive.fr/image.ashx?id=2172642&use=l&cat=p&typeid=i","cat":284462},{"id":136586,"n":"Plat bébé soir Blédiner 8 mois Boulghour poireau - 2x200g","p":2.68,"u":"6,70 €/KG","img":"https://fd11-photos.leclercdrive.fr/image.ashx?id=2845862&use=l&cat=p&typeid=i","cat":312239},{"id":136598,"n":"Compote Bio Village Gourdes Pomme bio - 12x90g","p":5.25,"u":"4,86 €/KG","img":"https://fd11-photos.leclercdrive.fr/image.ashx?id=2330517&use=l&cat=p&typeid=i","cat":284508},{"id":136627,"n":"Pad Thai Céréal Bio  Bio repas express - 220g","p":2.52,"u":"11,45 €/KG","img":"https://fd11-photos.leclercdrive.fr/image.ashx?id=2574089&use=l&cat=p&typeid=i","cat":288992},{"id":136645,"n":"Blé gourmand l'Original Ebly Cuisson 10min - 1kg","p":2.56,"u":"2,56 €/KG","img":"https://fd11-photos.leclercdrive.fr/image.ashx?id=2286278&use=l&cat=p&typeid=i","cat":284429},{"id":136646,"n":"Bonbons Tic Tac 100 pastilles Festival de goûts - 49g","p":1.57,"u":"32,04 €/KG","img":"https://fd11-photos.leclercdrive.fr/image.ashx?id=2758607&use=l&cat=p&typeid=i","cat":304256},{"id":136668,"n":"Champignons de Paris bruns Panier du Primeur - 250g","p":1.79,"u":"7,16 €/KG","img":"https://fd11-photos.leclercdrive.fr/image.ashx?id=2600255&use=l&cat=p&typeid=i","cat":284352},{"id":136670,"n":"Oignons jaunes Eco+ 1.5 Kg","p":1.69,"u":"1,13 €/KG","img":"https://fd11-photos.leclercdrive.fr/image.ashx?id=2772572&use=l&cat=p&typeid=i","cat":284352},{"id":136692,"n":"Orangettes Révillon Chocolat - 185g","p":6.52,"u":"35,24 €/KG","img":"https://fd11-photos.leclercdrive.fr/image.ashx?id=2966971&use=l&cat=p&typeid=i","cat":327601},{"id":136764,"n":"Filets de Lapin Loeul & Piriot x4 - 200g","p":8.28,"u":"41,40 €/KG","img":"https://fd11-photos.leclercdrive.fr/image.ashx?id=1990549&use=l&cat=p&typeid=i","cat":284338},{"id":136767,"n":"Boite de chocolat Côte d'Or Bouchée au lait - 197g","p":5.38,"u":"27,31 €/KG","img":"https://fd11-photos.leclercdrive.fr/image.ashx?id=2792942&use=l&cat=p&typeid=i","cat":327595},{"id":136772,"n":"Werthers original ss chocolat 42g","p":2.01,"u":"47,86 €/KG","img":"https://fd11-photos.leclercdrive.fr/image.ashx?id=2660176&use=l&cat=p&typeid=i","cat":304252},{"id":136907,"n":"Mini Roc Côte d'Or Chocolat au lait - 195g","p":7.49,"u":"38,41 €/KG","img":"https://fd11-photos.leclercdrive.fr/image.ashx?id=2488088&use=l&cat=p&typeid=i","cat":327595},{"id":136910,"n":"Mini Roc Côte d'Or Chocolat au noir - 195g","p":7.83,"u":"40,15 €/KG","img":"https://fd11-photos.leclercdrive.fr/image.ashx?id=2244136&use=l&cat=p&typeid=i","cat":327595},{"id":137070,"n":"Petits pois Bio Village Bio - 420g","p":2.35,"u":"5,60 €/KG","img":"https://fd11-photos.leclercdrive.fr/image.ashx?id=3002707&use=l&cat=p&typeid=i","cat":312607},{"id":137160,"n":"IGP Clémentines fines de Corse Nos régions ont du Talent - 1kg","p":4.99,"u":"4,99 €/KG","img":"https://fd11-photos.leclercdrive.fr/image.ashx?id=2934847&use=l&cat=p&typeid=i","cat":284356},{"id":137244,"n":"Huile d'Olive vierge  Cauvin Extra Bio - 75cl","p":10.04,"u":"13,39 €/L","img":"https://fd11-photos.leclercdrive.fr/image.ashx?id=2498356&use=l&cat=p&typeid=i","cat":284453},{"id":137289,"n":"Yaourt à boire Ptit Yop Aromatisé Framboise - 6x180g","p":2.62,"u":"2,43 €/KG","img":"https://fd11-photos.leclercdrive.fr/image.ashx?id=2951797&use=l&cat=p&typeid=i","cat":284415},{"id":137325,"n":"Lait bébé Candia Baby  croissance 3ème âge - 6x25cl","p":3.72,"u":"2,48 €/L","img":"https://fd11-photos.leclercdrive.fr/image.ashx?id=2963346&use=l&cat=p&typeid=i","cat":284728},{"id":137388,"n":"Gel Douche Bio Sans Savon Cadum Huile d'Amandes Douces - 500ml","p":2.14,"u":"4,28 €/L","img":"https://fd11-photos.leclercdrive.fr/image.ashx?id=2575627&use=l&cat=p&typeid=i","cat":284594},{"id":137413,"n":"Pommes Duchesse Findus 720g","p":3.19,"u":"4,43 €/KG","img":"https://fd11-photos.leclercdrive.fr/image.ashx?id=2888512&use=l&cat=p&typeid=i","cat":319792},{"id":137436,"n":"Masque Protection Couleur Elsève Color-Vive - 310ml","p":5.0,"u":"16,13 €/L","img":"https://fd11-photos.leclercdrive.fr/image.ashx?id=2865875&use=l&cat=p&typeid=i","cat":284608},{"id":137437,"n":"gateau Savane Brossard Chocolat - 310g","p":2.49,"u":"8,03 €/KG","img":"https://fd11-photos.leclercdrive.fr/image.ashx?id=2976836&use=l&cat=p&typeid=i","cat":294776},{"id":137499,"n":"Chocolats fourrés Mon Cheri  x27 -283,5g","p":11.31,"u":"39,96 €/KG","img":"https://fd11-photos.leclercdrive.fr/image.ashx?id=2940282&use=l&cat=p&typeid=i","cat":327601},{"id":137515,"n":"Mini Roc Côte d'Or Praline - 195g","p":7.49,"u":"38,41 €/KG","img":"https://fd11-photos.leclercdrive.fr/image.ashx?id=2924791&use=l&cat=p&typeid=i","cat":327595},{"id":137525,"n":"Galak Chocolat Noël  Moulage Renne - 88g","p":3.25,"u":"36,93 €/KG","img":"https://fd11-photos.leclercdrive.fr/image.ashx?id=2570604&use=l&cat=p&typeid=i","cat":327592},{"id":137538,"n":"Boîte chocolats liqueur Abtey Royal des lys  x20 - 250g","p":8.71,"u":"34,84 €/KG","img":"https://fd11-photos.leclercdrive.fr/image.ashx?id=2662721&use=l&cat=p&typeid=i","cat":327601},{"id":137641,"n":"Pave de kangourou Damien de Jong sauce Do Brazil x 2 - 250g","p":6.69,"u":"26,76 €/KG","img":"https://fd11-photos.leclercdrive.fr/image.ashx?id=2061493&use=l&cat=p&typeid=i","cat":287008},{"id":137667,"n":"Yaourts brassé Bio Village Bio framboise - x4 - 500g","p":1.85,"u":"3,70 €/KG","img":"https://fd11-photos.leclercdrive.fr/image.ashx?id=2804196&use=l&cat=p&typeid=i","cat":284410},{"id":137669,"n":"Croquette chiens Mix  Fido Volaille/légumes - 2.5kg","p":5.58,"u":"2,23 €/KG","img":"https://fd11-photos.leclercdrive.fr/image.ashx?id=2973309&use=l&cat=p&typeid=i","cat":284672},{"id":137682,"n":"Croquette pour chiens Fido Mix Poulet Légumes - 12 kg","p":21.0,"u":"1,75 €/KG","img":"https://fd11-photos.leclercdrive.fr/image.ashx?id=2973300&use=l&cat=p&typeid=i","cat":284672},{"id":137686,"n":"Croquette pour chiens Fido Boeuf & légumes - 7kg","p":13.78,"u":"1,97 €/KG","img":"https://fd11-photos.leclercdrive.fr/image.ashx?id=2973297&use=l&cat=p&typeid=i","cat":284672},{"id":137700,"n":"Compote Douceur du Verger Coupelle fruits rouges -16x100g","p":4.21,"u":"2,63 €/KG","img":"https://fd11-photos.leclercdrive.fr/image.ashx?id=2663560&use=l&cat=p&typeid=i","cat":284508},{"id":137702,"n":"Compote Douceur du Verger Coupelle fruits jaunes -16x100g","p":3.97,"u":"2,48 €/KG","img":"https://fd11-photos.leclercdrive.fr/image.ashx?id=2834890&use=l&cat=p&typeid=i","cat":284508},{"id":137703,"n":"Compote Douceur du Verger Coupelle pomme - 16x100g","p":3.55,"u":"2,22 €/KG","img":"https://fd11-photos.leclercdrive.fr/image.ashx?id=2663551&use=l&cat=p&typeid=i","cat":284508},{"id":137733,"n":"Gnocchi à Poeler Turini 700g","p":1.99,"u":"2,84 €/KG","img":"https://fd11-photos.leclercdrive.fr/image.ashx?id=3014377&use=l&cat=p&typeid=i","cat":333682},{"id":137757,"n":"Tarte aux poireaux Marie Gratinée à l'Emmental - 400g","p":3.4,"u":"8,50 €/KG","img":"https://fd11-photos.leclercdrive.fr/image.ashx?id=2996680&use=l&cat=p&typeid=i","cat":284257},{"id":137769,"n":"Soupe liquide brique Liebig  Poireaux Pomme de Terre 2x30cl","p":1.81,"u":"3,02 €/L","img":"https://fd11-photos.leclercdrive.fr/image.ashx?id=2864327&use=l&cat=p&typeid=i","cat":284462},{"id":137775,"n":"Terrine Saveurs Forestières Faisan pistaches - 250g","p":6.15,"u":"24,60 €/KG","img":"https://fd11-photos.leclercdrive.fr/image.ashx?id=2799497&use=l&cat=p&typeid=i","cat":316008},{"id":137777,"n":"Haricots verts Bonduelle Extra Fins 440g","p":1.88,"u":"4,27 €/KG","img":"https://fd11-photos.leclercdrive.fr/image.ashx?id=2943927&use=l&cat=p&typeid=i","cat":312606},{"id":137860,"n":"Riz long blanchi Eco+ 1kg","p":1.22,"u":"1,22 €/KG","img":"https://fd11-photos.leclercdrive.fr/image.ashx?id=2076622&use=l&cat=p&typeid=i","cat":284428},{"id":137862,"n":"Riz long étuvé Eco+ 1kg","p":1.35,"u":"1,35 €/KG","img":"https://fd11-photos.leclercdrive.fr/image.ashx?id=2076625&use=l&cat=p&typeid=i","cat":284428},{"id":137864,"n":"Riz long étuvé Eco+ 4x125g","p":0.87,"u":"1,74 €/KG","img":"https://fd11-photos.leclercdrive.fr/image.ashx?id=1991126&use=l&cat=p&typeid=i","cat":284428},{"id":137892,"n":"Biscottes bio Bio Village sans sel ni sucres ajoutés 100g","p":2.09,"u":"6,97 €/KG","img":"https://fd11-photos.leclercdrive.fr/image.ashx?id=1987015&use=l&cat=p&typeid=i","cat":284479},{"id":137900,"n":"Barres de céréales Grainéa Chocolat noir x6 - 126g","p":1.39,"u":"11,03 €/KG","img":"https://fd11-photos.leclercdrive.fr/image.ashx?id=2721370&use=l&cat=p&typeid=i","cat":285869},{"id":137904,"n":"Barre de céréales Grainea 126g","p":1.39,"u":"11,03 €/KG","img":"https://fd11-photos.leclercdrive.fr/image.ashx?id=2912863&use=l&cat=p&typeid=i","cat":285869},{"id":137920,"n":"Terrine Saveurs forestières Trompettes cèpes - 250g","p":6.15,"u":"24,60 €/KG","img":"https://fd11-photos.leclercdrive.fr/image.ashx?id=2009618&use=l&cat=p&typeid=i","cat":316008},{"id":137921,"n":"Fondant Cerf Saveurs Forestière Sauce pinot noir - 760g","p":15.9,"u":"20,92 €/KG","img":"https://fd11-photos.leclercdrive.fr/image.ashx?id=2798108&use=l&cat=p&typeid=i","cat":327289},{"id":137925,"n":"Boudin blanc faisan Saveurs forestières x3 - 300g","p":4.5,"u":"15,00 €/KG","img":"https://fd11-photos.leclercdrive.fr/image.ashx?id=2020623&use=l&cat=p&typeid=i","cat":316012},{"id":137926,"n":"Boudin blanc sanglier Saveurs forestières x3 - 300g","p":4.5,"u":"15,00 €/KG","img":"https://fd11-photos.leclercdrive.fr/image.ashx?id=2020626&use=l&cat=p&typeid=i","cat":316012},{"id":137927,"n":"Boudin blanc Saveurs forestière Canard x3 - 300g","p":4.5,"u":"15,00 €/KG","img":"https://fd11-photos.leclercdrive.fr/image.ashx?id=2798087&use=l&cat=p&typeid=i","cat":316012},{"id":137957,"n":"Maïs ultra croquant D'Aucy 285g","p":1.06,"u":"3,72 €/KG","img":"https://fd11-photos.leclercdrive.fr/image.ashx?id=2380454&use=l&cat=p&typeid=i","cat":312611},{"id":137971,"n":"Carottes rapées à la Ciboulette Pierre Martinet - 510g","p":1.95,"u":"3,82 €/KG","img":"https://fd11-photos.leclercdrive.fr/image.ashx?id=2990532&use=l&cat=p&typeid=i","cat":333657},{"id":138077,"n":"IGP Foie gras de canard  Maison Montfort - 250g","p":25.2,"u":"100,80 €/KG","img":"https://fd11-photos.leclercdrive.fr/image.ashx?id=2731069&use=l&cat=p&typeid=i","cat":316008},{"id":138087,"n":"Foie gras Maison Montfort Entier - Label Rouge - 250g","p":27.24,"u":"108,96 €/KG","img":"https://fd11-photos.leclercdrive.fr/image.ashx?id=2731018&use=l&cat=p&typeid=i","cat":316008},{"id":138199,"n":"Repas bébé Blédichef 15 mois  Colombo de riz poisson - 250g","p":1.94,"u":"7,76 €/KG","img":"https://fd11-photos.leclercdrive.fr/image.ashx?id=2951599&use=l&cat=p&typeid=i","cat":312238},{"id":138200,"n":"Repas bébé Blédichef 15 mois  Tajine légumes poulet - 250g","p":1.79,"u":"7,16 €/KG","img":"https://fd11-photos.leclercdrive.fr/image.ashx?id=2951602&use=l&cat=p&typeid=i","cat":312238},{"id":138304,"n":"Fromage apéritif Apéricube Incontournables apéro 48 cubes","p":4.11,"u":"16,44 €/KG","img":"https://fd11-photos.leclercdrive.fr/image.ashx?id=2882671&use=l&cat=p&typeid=i","cat":314027},{"id":138526,"n":"Roses rouges 50 cm Bouton 4 cm - x10","p":4.95,"u":"0,50 €/P","img":"https://fd11-photos.leclercdrive.fr/image.ashx?id=2607734&use=l&cat=p&typeid=i","cat":335920},{"id":138669,"n":"Masque reconstructeur Elsève Dream Long Cheveu Abîmé - 310ml","p":5.08,"u":"16,39 €/L","img":"https://fd11-photos.leclercdrive.fr/image.ashx?id=2278139&use=l&cat=p&typeid=i","cat":284608},{"id":139254,"n":"Boite alcools du monde Abtey Chocolat noir … la liqueur 220g","p":8.71,"u":"34,84 €/KG","img":"https://fd11-photos.leclercdrive.fr/image.ashx?id=2662727&use=l&cat=p&typeid=i","cat":327601},{"id":139255,"n":"Ballotin chocolat  Abtey Royal des lys x17 220g","p":6.59,"u":"29,95 €/KG","img":"https://fd11-photos.leclercdrive.fr/image.ashx?id=2662718&use=l&cat=p&typeid=i","cat":327601},{"id":139322,"n":"Marrons glacés L'Artisan Provençal 250g","p":8.59,"u":"34,36 €/KG","img":"https://fd11-photos.leclercdrive.fr/image.ashx?id=1995723&use=l&cat=p&typeid=i","cat":327603},{"id":139339,"n":"Sachet père noel foot Rohan Père noel et ballons 225g","p":4.97,"u":"22,09 €/KG","img":"https://fd11-photos.leclercdrive.fr/image.ashx?id=2900875&use=l&cat=p&typeid=i","cat":327592},{"id":139341,"n":"Bonhomme de neige Rohan 140g","p":2.88,"u":"20,57 €/KG","img":"https://fd11-photos.leclercdrive.fr/image.ashx?id=1995597&use=l&cat=p&typeid=i","cat":327592},{"id":139378,"n":"Père Noël Jacquot Moulage chocolat - 60g","p":1.15,"u":"19,17 €/KG","img":"https://fd11-photos.leclercdrive.fr/image.ashx?id=2304175&use=l&cat=p&typeid=i","cat":327592},{"id":139391,"n":"Chocolat aux noisettes Africano Gianduja noisettes entière 200g","p":5.25,"u":"26,25 €/KG","img":"https://fd11-photos.leclercdrive.fr/image.ashx?id=2368384&use=l&cat=p&typeid=i","cat":327595},{"id":139395,"n":"Kinder chocolat mini mug  102g","p":8.59,"u":"84,22 €/KG","img":"https://fd11-photos.leclercdrive.fr/image.ashx?id=2940519&use=l&cat=p&typeid=i","cat":327592},{"id":139396,"n":"Coffret Marrons confits Motta 180g","p":8.53,"u":"47,39 €/KG","img":"https://fd11-photos.leclercdrive.fr/image.ashx?id=2520509&use=l&cat=p&typeid=i","cat":327603},{"id":139398,"n":"Ballotin de Marrons Bio Motta gros morceaux - 220g","p":7.78,"u":"35,36 €/KG","img":"https://fd11-photos.leclercdrive.fr/image.ashx?id=2165602&use=l&cat=p&typeid=i","cat":327603},{"id":139401,"n":"Sachet marrons glacés Motta x9 - 117g","p":5.42,"u":"46,32 €/KG","img":"https://fd11-photos.leclercdrive.fr/image.ashx?id=2854768&use=l&cat=p&typeid=i","cat":327603},{"id":139407,"n":"Coffrets Carrés de fruits Motta x25 - 390g","p":7.58,"u":"19,44 €/KG","img":"https://fd11-photos.leclercdrive.fr/image.ashx?id=2298730&use=l&cat=p&typeid=i","cat":327606},{"id":139453,"n":"KitKat Chocolat Noël Moulage Père Noël - 85g","p":3.25,"u":"38,24 €/KG","img":"https://fd11-photos.leclercdrive.fr/image.ashx?id=2901575&use=l&cat=p&typeid=i","cat":327592},{"id":139905,"n":"Oeufs au sol Eco+ x10","p":1.78,"u":"0,18 €/P","img":"https://fd11-photos.leclercdrive.fr/image.ashx?id=2670938&use=l&cat=p&typeid=i","cat":284378},{"id":141162,"n":"Fond de veau Maggi 110g","p":2.35,"u":"21,36 €/KG","img":"https://fd11-photos.leclercdrive.fr/image.ashx?id=2917546&use=l&cat=p&typeid=i","cat":288379},{"id":141605,"n":"Roller Puressentiel Articulation&muscle (14 huiles)","p":8.99,"u":"119,87 €/L","img":"https://fd11-photos.leclercdrive.fr/image.ashx?id=2988535&use=l&cat=p&typeid=i","cat":298633},{"id":141607,"n":"Compléments alimentaires Luxéol 3en1 - x90 gélules","p":29.89,"u":"0,33 €/P","img":"https://fd11-photos.leclercdrive.fr/image.ashx?id=2922542&use=l&cat=p&typeid=i","cat":301266},{"id":141608,"n":"Spray assainissant Puressentiel 41 huiles essentielles - 500ml","p":27.89,"u":"55,78 €/L","img":"https://fd11-photos.leclercdrive.fr/image.ashx?id=2988529&use=l&cat=p&typeid=i","cat":298633},{"id":141617,"n":"Liftactiv Collagen Vichy Specialist crême anti-âge -50ml","p":34.0,"u":"680,00 €/L","img":"https://fd11-photos.leclercdrive.fr/image.ashx?id=2015684&use=l&cat=p&typeid=i","cat":291168},{"id":141622,"n":"Spray assainissant Puressentiel 41 huiles essentielles - 75ml","p":8.89,"u":"118,53 €/L","img":"https://fd11-photos.leclercdrive.fr/image.ashx?id=2003536&use=l&cat=p&typeid=i","cat":298633},{"id":141625,"n":"Gelée royale Forte pharma 1000mg lot 2x20 ampoules 15ml","p":13.99,"img":"https://fd11-photos.leclercdrive.fr/image.ashx?id=2003773&use=l&cat=p&typeid=i","cat":301264},{"id":141630,"n":"Eau oxygénée Lab. Gilbert Eau stabilisée 10 vol. - 250ml","p":2.69,"u":"10,76 €/L","img":"https://fd11-photos.leclercdrive.fr/image.ashx?id=2057194&use=l&cat=p&typeid=i","cat":291163},{"id":141631,"n":"Antibactérien Puressentiel Spray mains & surfaces - 250ml","p":5.73,"u":"22,92 €/L","img":"https://fd11-photos.leclercdrive.fr/image.ashx?id=2988617&use=l&cat=p&typeid=i","cat":298633},{"id":141632,"n":"Xémose crème Uriage Relipidante Anti-irritations - 400ml","p":15.49,"u":"38,73 €/L","img":"https://fd11-photos.leclercdrive.fr/image.ashx?id=2966740&use=l&cat=p&typeid=i","cat":290421},{"id":141638,"n":"Huile essentielle Puressentiel Eucalyptus radié Bio - 10 ml","p":3.19,"u":"319,00 €/L","img":"https://fd11-photos.leclercdrive.fr/image.ashx?id=2003626&use=l&cat=p&typeid=i","cat":298633},{"id":141644,"n":"Dentifrice Sensodyne Soin Complet bitube - 2x75ml","p":6.45,"u":"43,00 €/L","img":"https://fd11-photos.leclercdrive.fr/image.ashx?id=2868512&use=l&cat=p&typeid=i","cat":290419},{"id":141650,"n":"Inhaleur Puressentiel 19 huiles essentielles - 1ml","p":3.79,"img":"https://fd11-photos.leclercdrive.fr/image.ashx?id=2538755&use=l&cat=p&typeid=i","cat":301256},{"id":141651,"n":"Lingettes quotidiennes Hydralin Le paquet de 10 lingettes","p":2.5,"u":"0,25 €/P","img":"https://fd11-photos.leclercdrive.fr/image.ashx?id=2003527&use=l&cat=p&typeid=i","cat":328622},{"id":141659,"n":"Baume intensif Atoderm Bioderma 500ml","p":16.3,"u":"32,60 €/L","img":"https://fd11-photos.leclercdrive.fr/image.ashx?id=2979938&use=l&cat=p&typeid=i","cat":290421},{"id":141667,"n":"Arkorelax Sommeil Fort 8h La boîte de 30 comprimés","p":14.99,"u":"0,50 €/P","img":"https://fd11-photos.leclercdrive.fr/image.ashx?id=2780475&use=l&cat=p&typeid=i","cat":301265},{"id":141669,"n":"Baume Atoderm Bioderma 500ml","p":16.96,"u":"33,92 €/L","img":"https://fd11-photos.leclercdrive.fr/image.ashx?id=2981115&use=l&cat=p&typeid=i","cat":290421},{"id":141670,"n":"Manha pré-ménopause La boîte de 120 capsules","p":30.99,"u":"0,26 €/P","img":"https://fd11-photos.leclercdrive.fr/image.ashx?id=2743349&use=l&cat=p&typeid=i","cat":301264},{"id":141672,"n":"D-stress 80 comprimés","p":9.89,"u":"0,12 €/P","img":"https://fd11-photos.leclercdrive.fr/image.ashx?id=2003608&use=l&cat=p&typeid=i","cat":301265},{"id":141677,"n":"Brûleur de graisses Anaca 3 La boîte de 120 gélules","p":27.89,"u":"0,23 €/P","img":"https://fd11-photos.leclercdrive.fr/image.ashx?id=2650717&use=l&cat=p&typeid=i","cat":301267},{"id":141678,"n":"Huile essentielle Puressentiel Arbre à the Bio - 10 ml","p":4.21,"u":"421,00 €/L","img":"https://fd11-photos.leclercdrive.fr/image.ashx?id=2003620&use=l&cat=p&typeid=i","cat":298633},{"id":141679,"n":"Lait Lipikar La Roche Posay Anti-dessèchement - 200ml","p":13.91,"u":"69,55 €/L","img":"https://fd11-photos.leclercdrive.fr/image.ashx?id=2087005&use=l&cat=p&typeid=i","cat":290421},{"id":141684,"n":"Huile essentielle Puressentiel Citron Bio - 10 ml","p":3.19,"u":"319,00 €/L","img":"https://fd11-photos.leclercdrive.fr/image.ashx?id=2003623&use=l&cat=p&typeid=i","cat":298633},{"id":141694,"n":"Vitamine C Nutrisanté  24 comprimés à croquer 500mg","p":3.79,"u":"0,16 €/P","img":"https://fd11-photos.leclercdrive.fr/image.ashx?id=2963325&use=l&cat=p&typeid=i","cat":301264},{"id":141696,"n":"Ultrabiotique Nutrisanté La boîte de 90 gélules","p":19.99,"u":"0,22 €/P","img":"https://fd11-photos.leclercdrive.fr/image.ashx?id=2415341&use=l&cat=p&typeid=i","cat":301268},{"id":141697,"n":"Ultrabiotique Nutrisanté La boîte de 30 gélules","p":9.95,"u":"829,17 €/KG","img":"https://fd11-photos.leclercdrive.fr/image.ashx?id=2003713&use=l&cat=p&typeid=i","cat":301268},{"id":141702,"n":"Pâte argile verte Cattier Prête à l'emploi - 400g","p":6.5,"u":"16,25 €/KG","img":"https://fd11-photos.leclercdrive.fr/image.ashx?id=2775953&use=l&cat=p&typeid=i","cat":291165},{"id":141704,"n":"Contour des yeux Filorga Optim-Eyes - 15ml","p":33.89,"img":"https://fd11-photos.leclercdrive.fr/image.ashx?id=2003557&use=l&cat=p&typeid=i","cat":291172},{"id":141705,"n":"D-stress booster La boîte de 20 sticks","p":10.99,"u":"0,55 €/P","img":"https://fd11-photos.leclercdrive.fr/image.ashx?id=2652263&use=l&cat=p&typeid=i","cat":301265},{"id":141709,"n":"Huile Grenade Weleda Régénératrice - 100ml","p":19.89,"u":"198,90 €/L","img":"https://fd11-photos.leclercdrive.fr/image.ashx?id=2505124&use=l&cat=p&typeid=i","cat":290422},{"id":141710,"n":"Soin ultra-hydratant Saforelle Le flacon de 250ml","p":6.49,"u":"25,96 €/L","img":"https://fd11-photos.leclercdrive.fr/image.ashx?id=2003779&use=l&cat=p&typeid=i","cat":301348},{"id":141711,"n":"Huile de massage Arnica Weleda Le flacon de 100ml","p":10.89,"u":"108,90 €/L","img":"https://fd11-photos.leclercdrive.fr/image.ashx?id=2924056&use=l&cat=p&typeid=i","cat":290422},{"id":141712,"n":"Huile de massage Arnica Weleda Le flacon de 200ml","p":14.8,"u":"74,00 €/L","img":"https://fd11-photos.leclercdrive.fr/image.ashx?id=2990754&use=l&cat=p&typeid=i","cat":290422},{"id":141713,"n":"Vaseline Laboratoires Gilbert Flacon - 100ml","p":2.5,"u":"25,00 €/L","img":"https://fd11-photos.leclercdrive.fr/image.ashx?id=2057191&use=l&cat=p&typeid=i","cat":290405},{"id":141721,"n":"Alcool modifié 70% Gilbert 250ml","p":2.24,"u":"8,96 €/L","img":"https://fd11-photos.leclercdrive.fr/image.ashx?id=2087421&use=l&cat=p&typeid=i","cat":291163},{"id":141722,"n":"Bain de Bouche Parodontax Le flacon de 500ml","p":5.46,"u":"10,92 €/L","img":"https://fd11-photos.leclercdrive.fr/image.ashx?id=2536948&use=l&cat=p&typeid=i","cat":284613},{"id":141723,"n":"Soin lavant doux Saforelle Eco recharge 400ml","p":7.39,"u":"18,48 €/L","img":"https://fd11-photos.leclercdrive.fr/image.ashx?id=2003617&use=l&cat=p&typeid=i","cat":301348},{"id":141724,"n":"Soin lavant doux Saforelle Le flacon de 100ml","p":3.09,"u":"30,90 €/L","img":"https://fd11-photos.leclercdrive.fr/image.ashx?id=2003563&use=l&cat=p&typeid=i","cat":301348},{"id":141725,"n":"Soin lavant doux Saforelle Le flacon de 250ml","p":5.99,"u":"23,96 €/L","img":"https://fd11-photos.leclercdrive.fr/image.ashx?id=2003560&use=l&cat=p&typeid=i","cat":301348},{"id":141726,"n":"Soin Quotidien Hydralin Le flacon de 200ml","p":5.99,"u":"29,95 €/L","img":"https://fd11-photos.leclercdrive.fr/image.ashx?id=2905435&use=l&cat=p&typeid=i","cat":301348},{"id":141728,"n":"Hygiène du nez Sterimar 100ml","p":4.99,"u":"49,90 €/L","img":"https://fd11-photos.leclercdrive.fr/image.ashx?id=2733784&use=l&cat=p&typeid=i","cat":301256},{"id":141730,"n":"Nez bouché Sterimar Hypertonique - 100ml","p":5.9,"u":"59,00 €/L","img":"https://fd11-photos.leclercdrive.fr/image.ashx?id=2733787&use=l&cat=p&typeid=i","cat":301256},{"id":141737,"n":"Huile de soin Bi Oil 200ml","p":23.89,"u":"119,45 €/L","img":"https://fd11-photos.leclercdrive.fr/image.ashx?id=2944969&use=l&cat=p&typeid=i","cat":291159},{"id":141741,"n":"Soin lavant doux duo Saforelle Le lot de 2x250ml","p":9.99,"u":"19,98 €/L","img":"https://fd11-photos.leclercdrive.fr/image.ashx?id=2583407&use=l&cat=p&typeid=i","cat":301348},{"id":141743,"n":"Soin Quotidien Hydralin Le lot de 2x200ml","p":10.49,"u":"26,23 €/L","img":"https://fd11-photos.leclercdrive.fr/image.ashx?id=2905736&use=l&cat=p&typeid=i","cat":301348},{"id":141745,"n":"Gel pocket Assanis 80ml","p":1.99,"u":"24,88 €/L","img":"https://fd11-photos.leclercdrive.fr/image.ashx?id=2118929&use=l&cat=p&typeid=i","cat":291163},{"id":141746,"n":"Dentifrice blancheur Parodontax Le lot de 2x75ml","p":6.95,"u":"46,33 €/L","img":"https://fd11-photos.leclercdrive.fr/image.ashx?id=2536966&use=l&cat=p&typeid=i","cat":290419},{"id":141747,"n":"Bicarbonate de sodium Gilbert BoÏte - 250g","p":1.9,"u":"7,60 €/KG","img":"https://fd11-photos.leclercdrive.fr/image.ashx?id=2087415&use=l&cat=p&typeid=i","cat":291163},{"id":141754,"n":"Gel Arnican Cooper Choc, coup, chute  - 50g","p":2.99,"u":"59,80 €/KG","img":"https://fd11-photos.leclercdrive.fr/image.ashx?id=2003545&use=l&cat=p&typeid=i","cat":291163},{"id":141757,"n":"Gel vaginal Mucogyne Le tube de 40ml","p":9.49,"u":"237,25 €/L","img":"https://fd11-photos.leclercdrive.fr/image.ashx?id=2913298&use=l&cat=p&typeid=i","cat":328622},{"id":141758,"n":"Gel dentifrice Gum Paroex 75ml","p":2.59,"u":"34,53 €/L","img":"https://fd11-photos.leclercdrive.fr/image.ashx?id=2827833&use=l&cat=p&typeid=i","cat":290419},{"id":141761,"n":"Baume du tigre rouge Le pot de 19g","p":6.7,"u":"352,63 €/KG","img":"https://fd11-photos.leclercdrive.fr/image.ashx?id=2489968&use=l&cat=p&typeid=i","cat":290421},{"id":141762,"n":"Baume du tigre rouge Le pot de 30g","p":10.99,"u":"366,33 €/KG","img":"https://fd11-photos.leclercdrive.fr/image.ashx?id=2489971&use=l&cat=p&typeid=i","cat":290421},{"id":141763,"n":"Stick lèvres Neutrogena Le lot de 3","p":6.99,"u":"2,33 €/P","img":"https://fd11-photos.leclercdrive.fr/image.ashx?id=2989315&use=l&cat=p&typeid=i","cat":291172},{"id":141764,"n":"Densitium Bi-sérum SVR 2 x 15ml","p":39.8,"img":"https://fd11-photos.leclercdrive.fr/image.ashx?id=2359474&use=l&cat=p&typeid=i","cat":291168},{"id":141769,"n":"Papier d'Arménie à la Rose Le carnet","p":4.07,"img":"https://fd11-photos.leclercdrive.fr/image.ashx?id=2057041&use=l&cat=p&typeid=i","cat":298633},{"id":141773,"n":"Rescue nuit spray Fleurs de Bach - 20ml","p":15.44,"u":"772,00 €/L","img":"https://fd11-photos.leclercdrive.fr/image.ashx?id=2003809&use=l&cat=p&typeid=i","cat":298633},{"id":141774,"n":"Rescue gouttes Fleurs de Bach - 20ml","p":12.76,"u":"638,00 €/L","img":"https://fd11-photos.leclercdrive.fr/image.ashx?id=2506639&use=l&cat=p&typeid=i","cat":298633},{"id":141775,"n":"Rescue spray Fleurs de Bach - 20ml","p":15.44,"u":"772,00 €/L","img":"https://fd11-photos.leclercdrive.fr/image.ashx?id=2003803&use=l&cat=p&typeid=i","cat":298633},{"id":141776,"n":"Papier D'Arménie x30","p":4.17,"img":"https://fd11-photos.leclercdrive.fr/image.ashx?id=2057032&use=l&cat=p&typeid=i","cat":298633},{"id":141949,"n":"Crème dessert Les 2 vaches Bio Cremeuh café - 4x95g","p":2.06,"u":"5,42 €/KG","img":"https://fd11-photos.leclercdrive.fr/image.ashx?id=2774106&use=l&cat=p&typeid=i","cat":285041},{"id":142196,"n":"Fouet Homeside 1 pièce","p":3.69,"img":"https://fd11-photos.leclercdrive.fr/image.ashx?id=2017533&use=l&cat=p&typeid=i","cat":334135},{"id":142197,"n":"Poche à décorer Homeside Avec douilles - 1 pièce","p":2.9,"img":"https://fd11-photos.leclercdrive.fr/image.ashx?id=2017539&use=l&cat=p&typeid=i","cat":334135},{"id":142199,"n":"Spatule pâtisserie Homeside 1 pièce","p":1.9,"img":"https://fd11-photos.leclercdrive.fr/image.ashx?id=2017542&use=l&cat=p&typeid=i","cat":334135},{"id":142200,"n":"Planche à découper Homeside 1 pièce","p":4.0,"img":"https://fd11-photos.leclercdrive.fr/image.ashx?id=2017593&use=l&cat=p&typeid=i","cat":334135},{"id":142202,"n":"Tire Bouchon Homeside Limonadier - 1 pièce","p":1.69,"img":"https://fd11-photos.leclercdrive.fr/image.ashx?id=2017518&use=l&cat=p&typeid=i","cat":334135},{"id":142204,"n":"Allume gaz Homeside 1 pièce","p":3.99,"img":"https://fd11-photos.leclercdrive.fr/image.ashx?id=2017554&use=l&cat=p&typeid=i","cat":334135},{"id":142205,"n":"Mini piques brochettes Homeside 1 pièce","p":0.64,"img":"https://fd11-photos.leclercdrive.fr/image.ashx?id=2017503&use=l&cat=p&typeid=i","cat":334135},{"id":142206,"n":"Piques brochettes Homeside 25cm - 1 pièce","p":0.62,"img":"https://fd11-photos.leclercdrive.fr/image.ashx?id=2017500&use=l&cat=p&typeid=i","cat":334135},{"id":142207,"n":"Casse noix/crustacés Homeside 1 pièce","p":4.49,"img":"https://fd11-photos.leclercdrive.fr/image.ashx?id=2017569&use=l&cat=p&typeid=i","cat":334135},{"id":142210,"n":"Couteau à huîtres Homeside 1 pièce","p":2.1,"img":"https://fd11-photos.leclercdrive.fr/image.ashx?id=2017581&use=l&cat=p&typeid=i","cat":334135},{"id":142213,"n":"Gant de cuisine Homeside 1 pièce","p":5.5,"img":"https://fd11-photos.leclercdrive.fr/image.ashx?id=2017566&use=l&cat=p&typeid=i","cat":334135},{"id":142218,"n":"Pinceau de cuisine Homeside 1 pièce","p":0.82,"img":"https://fd11-photos.leclercdrive.fr/image.ashx?id=2017536&use=l&cat=p&typeid=i","cat":334135},{"id":142219,"n":"Cure-dents Homeside x2 boîtes","p":1.0,"u":"0,50 €/P","img":"https://fd11-photos.leclercdrive.fr/image.ashx?id=2026331&use=l&cat=p&typeid=i","cat":334135},{"id":142220,"n":"Cuillère à glace Homeside 1 pièce","p":3.99,"img":"https://fd11-photos.leclercdrive.fr/image.ashx?id=2017530&use=l&cat=p&typeid=i","cat":334135},{"id":142222,"n":"Râpe  Homeside 1 pièce","p":2.59,"img":"https://fd11-photos.leclercdrive.fr/image.ashx?id=2017614&use=l&cat=p&typeid=i","cat":334135},{"id":142224,"n":"Thermomètre intérieur Homeside 1 pièce","p":2.89,"img":"https://fd11-photos.leclercdrive.fr/image.ashx?id=2017563&use=l&cat=p&typeid=i","cat":334135},{"id":142228,"n":"Pailles en papier Homeside x24","p":1.05,"u":"0,04 €/P","img":"https://fd11-photos.leclercdrive.fr/image.ashx?id=2017620&use=l&cat=p&typeid=i","cat":334135},{"id":142229,"n":"Cuillère à infusion Homeside 1 pièce","p":1.49,"img":"https://fd11-photos.leclercdrive.fr/image.ashx?id=2017515&use=l&cat=p&typeid=i","cat":334135},{"id":142230,"n":"Filtre à café Homeside 1 pièce","p":2.5,"img":"https://fd11-photos.leclercdrive.fr/image.ashx?id=2017512&use=l&cat=p&typeid=i","cat":334135},{"id":142232,"n":"Caissettes à gâteaux Homeside 1 pièce","p":2.9,"img":"https://fd11-photos.leclercdrive.fr/image.ashx?id=2017524&use=l&cat=p&typeid=i","cat":334135},{"id":142978,"n":"Compotes Douceur du Verger Panachées - 16x100g","p":3.85,"u":"2,41 €/KG","img":"https://fd11-photos.leclercdrive.fr/image.ashx?id=2026857&use=l&cat=p&typeid=i","cat":284416},{"id":143001,"n":"Dosettes café Plantation CLassique - x60 - 416g","p":6.09,"u":"14,64 €/KG","img":"https://fd11-photos.leclercdrive.fr/image.ashx?id=2824289&use=l&cat=p&typeid=i","cat":293238},{"id":143052,"n":"Lot 3 terrines Tradition Les Trois Chefs - 3x180g","p":4.05,"u":"7,50 €/KG","img":"https://fd11-photos.leclercdrive.fr/image.ashx?id=2177043&use=l&cat=p&typeid=i","cat":305149},{"id":143237,"n":"Piles Eco+ AAA/LR3 - x8","p":1.27,"img":"https://fd11-photos.leclercdrive.fr/image.ashx?id=2036221&use=l&cat=p&typeid=i","cat":300572},{"id":143238,"n":"Piles Eco+ AA/LR06 - x8","p":1.27,"img":"https://fd11-photos.leclercdrive.fr/image.ashx?id=2036224&use=l&cat=p&typeid=i","cat":300572},{"id":143344,"n":"Biscottes Eco+ 90 tranches - 750g","p":2.08,"u":"2,77 €/KG","img":"https://fd11-photos.leclercdrive.fr/image.ashx?id=2662580&use=l&cat=p&typeid=i","cat":284479},{"id":143345,"n":"Biscottes Epi d'Or x108 - 900g","p":2.52,"u":"2,80 €/KG","img":"https://fd11-photos.leclercdrive.fr/image.ashx?id=2532847&use=l&cat=p&typeid=i","cat":284479},{"id":143347,"n":"Boisson instantanée cacao Tablette d'Or - 400g","p":1.95,"u":"4,88 €/KG","img":"https://fd11-photos.leclercdrive.fr/image.ashx?id=2038717&use=l&cat=p&typeid=i","cat":293235},{"id":143477,"n":"Dessert liégeois Viennois  Café - 4x100g","p":1.56,"u":"3,90 €/KG","img":"https://fd11-photos.leclercdrive.fr/image.ashx?id=2692110&use=l&cat=p&typeid=i","cat":285042},{"id":143478,"n":"Dessert liégeois Viennois  Chocolat - 4x100g","p":1.56,"u":"3,90 €/KG","img":"https://fd11-photos.leclercdrive.fr/image.ashx?id=2849689&use=l&cat=p&typeid=i","cat":285042},{"id":143528,"n":"Dessert liégeois Viennois  Panaché Chocolat Café - 8x100g","p":2.78,"u":"3,48 €/KG","img":"https://fd11-photos.leclercdrive.fr/image.ashx?id=2675298&use=l&cat=p&typeid=i","cat":285042},{"id":143546,"n":"Lot toast ronds Jacquet Nature et Foie Gras - 500g","p":2.79,"u":"5,58 €/KG","img":"https://fd11-photos.leclercdrive.fr/image.ashx?id=2741349&use=l&cat=p&typeid=i","cat":285454},{"id":143602,"n":"Barres de céréales Grainéa Chocolat lait, noisette x6-126g","p":1.63,"u":"12,94 €/KG","img":"https://fd11-photos.leclercdrive.fr/image.ashx?id=2721376&use=l&cat=p&typeid=i","cat":285869},{"id":143603,"n":"Barre de céréales Grainéa Fruits rouges x6 - 126g","p":1.4,"u":"11,11 €/KG","img":"https://fd11-photos.leclercdrive.fr/image.ashx?id=2912869&use=l&cat=p&typeid=i","cat":285869},{"id":143605,"n":"Barre de céréales Chocolat au lait & coco - 126g","p":1.7,"u":"13,49 €/KG","img":"https://fd11-photos.leclercdrive.fr/image.ashx?id=2912872&use=l&cat=p&typeid=i","cat":285869},{"id":143756,"n":"Foie gras de canard entier Maison Montfort - 320g","p":27.95,"u":"87,34 €/KG","img":"https://fd11-photos.leclercdrive.fr/image.ashx?id=2731000&use=l&cat=p&typeid=i","cat":316008},{"id":143757,"n":"Foie gras de canard Sélection  Maison Montfort - 320g","p":27.95,"u":"87,34 €/KG","img":"https://fd11-photos.leclercdrive.fr/image.ashx?id=2730976&use=l&cat=p&typeid=i","cat":316008},{"id":143807,"n":"Foie gras canard Larnaudie Origine france entier - 220g","p":29.97,"u":"136,23 €/KG","img":"https://fd11-photos.leclercdrive.fr/image.ashx?id=2916779&use=l&cat=p&typeid=i","cat":316008},{"id":143812,"n":"Tomates farcies Marie Riz à la tomate - 360g","p":3.57,"u":"9,92 €/KG","img":"https://fd11-photos.leclercdrive.fr/image.ashx?id=2317483&use=l&cat=p&typeid=i","cat":333665},{"id":143834,"n":"Escargots Maitre Coquille Label rouge x12 - 96g","p":5.49,"u":"57,19 €/KG","img":"https://fd11-photos.leclercdrive.fr/image.ashx?id=2031628&use=l&cat=p&typeid=i","cat":319775},{"id":143840,"n":"Giga Candy canes Fizzy 50g","p":1.05,"u":"21,00 €/KG","img":"https://fd11-photos.leclercdrive.fr/image.ashx?id=2426439&use=l&cat=p&typeid=i","cat":327592},{"id":144031,"n":"Foie gras de canard Larnaudie Lingot - 220g","p":29.97,"u":"136,23 €/KG","img":"https://fd11-photos.leclercdrive.fr/image.ashx?id=2916791&use=l&cat=p&typeid=i","cat":316008},{"id":144232,"n":"Foie gras de canard du Gers Mi-cuit au poivre - 250g","p":21.82,"u":"87,28 €/KG","img":"https://fd11-photos.leclercdrive.fr/image.ashx?id=2107817&use=l&cat=p&typeid=i","cat":316008},{"id":144422,"n":"Lot toast ronds Jacquet Nature - 2x250g","p":2.8,"u":"5,60 €/KG","img":"https://fd11-photos.leclercdrive.fr/image.ashx?id=2741343&use=l&cat=p&typeid=i","cat":285454},{"id":144423,"n":"Lot toast ronds Jacquet Foie gras - 500g","p":2.82,"u":"5,64 €/KG","img":"https://fd11-photos.leclercdrive.fr/image.ashx?id=2741346&use=l&cat=p&typeid=i","cat":285454},{"id":144454,"n":"Boyaux naturels de porc Aymard 25 mètres - 456g","p":5.95,"u":"13,05 €/KG","img":"https://fd11-photos.leclercdrive.fr/image.ashx?id=2330011&use=l&cat=p&typeid=i","cat":284334},{"id":144642,"n":"Emiettes thon Gastromer Olives noires - 150g","p":1.99,"pp":1.31,"u":"8,73 €/KG","img":"https://fd11-photos.leclercdrive.fr/image.ashx?id=2039437&use=l&cat=p&typeid=i","cat":285191},{"id":144659,"n":"Rillettes thon MSC Cap Océan Piment d'espelette - 140g","p":1.88,"u":"13,43 €/KG","img":"https://fd11-photos.leclercdrive.fr/image.ashx?id=2938770&use=l&cat=p&typeid=i","cat":285191},{"id":144715,"n":"Mini-beurre Paysan Breton Doux x20 - 82%MG - 200g","p":3.07,"u":"15,35 €/KG","img":"https://fd11-photos.leclercdrive.fr/image.ashx?id=2774568&use=l&cat=p&typeid=i","cat":284379},{"id":144773,"n":"Yaourt ferments lactiques Alsa 4 sachets - 8g","p":2.68,"u":"335,00 €/KG","img":"https://fd11-photos.leclercdrive.fr/image.ashx?id=2813875&use=l&cat=p&typeid=i","cat":284505},{"id":144781,"n":"Pizza XXL Turini Boeuf Cheddar - 530g","p":4.19,"u":"7,91 €/KG","img":"https://fd11-photos.leclercdrive.fr/image.ashx?id=2905934&use=l&cat=p&typeid=i","cat":333679},{"id":144834,"n":"Dosettes café Plantation  Corsé - x60 - 417g","p":5.79,"u":"13,88 €/KG","img":"https://fd11-photos.leclercdrive.fr/image.ashx?id=2824292&use=l&cat=p&typeid=i","cat":293238},{"id":145041,"n":"Dattes Couleurs Vives Moelleuses - 250g","p":1.99,"u":"7,96 €/KG","img":"https://fd11-photos.leclercdrive.fr/image.ashx?id=2543938&use=l&cat=p&typeid=i","cat":284357},{"id":145115,"n":"Anti-moustiques Labo Marie Rose Répulsif & apaisant 6h - 100ml","p":6.88,"u":"68,80 €/L","img":"https://fd11-photos.leclercdrive.fr/image.ashx?id=2666743&use=l&cat=p&typeid=i","cat":299654},{"id":145209,"n":"Pomme de terre grenailles bio Bio Village - 750g","p":1.99,"u":"2,65 €/KG","img":"https://fd11-photos.leclercdrive.fr/image.ashx?id=2960574&use=l&cat=p&typeid=i","cat":284352},{"id":145355,"n":"Purée Douceur du Verger Pomme fraise - x4 - 400g","p":1.3,"u":"3,25 €/KG","img":"https://fd11-photos.leclercdrive.fr/image.ashx?id=2662631&use=l&cat=p&typeid=i","cat":284416},{"id":145386,"n":"Cerneaux de noix Bio  Bio Village - 125g","p":2.99,"u":"23,92 €/KG","img":"https://fd11-photos.leclercdrive.fr/image.ashx?id=2036809&use=l&cat=p&typeid=i","cat":284357},{"id":145410,"n":"Amandes grillées Couleurs Vives Décortiquées - non salé - 250g","p":3.46,"u":"13,84 €/KG","img":"https://fd11-photos.leclercdrive.fr/image.ashx?id=2542929&use=l&cat=p&typeid=i","cat":284357},{"id":145411,"n":"Filet de cabillaud Pêche Océan MSC - x4 - 400g","p":7.89,"u":"19,73 €/KG","img":"https://fd11-photos.leclercdrive.fr/image.ashx?id=2930129&use=l&cat=p&typeid=i","cat":319786},{"id":145500,"n":"Chips extra croquante Vico 150g","p":1.1,"u":"7,33 €/KG","img":"https://fd11-photos.leclercdrive.fr/image.ashx?id=2917822&use=l&cat=p&typeid=i","cat":284447},{"id":145513,"n":"Fond de veau Kubor Maggi Dégraissé - 100g","p":2.35,"u":"23,50 €/KG","img":"https://fd11-photos.leclercdrive.fr/image.ashx?id=2917540&use=l&cat=p&typeid=i","cat":288379},{"id":145516,"n":"Gourde bébé bio Bio Village Pomme poire vanille - 4x90g","p":2.79,"u":"7,75 €/KG","img":"https://fd11-photos.leclercdrive.fr/image.ashx?id=2704867&use=l&cat=p&typeid=i","cat":312393},{"id":145559,"n":"Fond de volaille Maggi 110g","p":2.35,"u":"21,36 €/KG","img":"https://fd11-photos.leclercdrive.fr/image.ashx?id=2917549&use=l&cat=p&typeid=i","cat":288379},{"id":145560,"n":"Frites rustique Pom'lisse 600g","p":1.99,"u":"3,32 €/KG","img":"https://fd11-photos.leclercdrive.fr/image.ashx?id=2770690&use=l&cat=p&typeid=i","cat":319791},{"id":145561,"n":"Frites  Pom'lisse De patates douces - 600g","p":3.45,"u":"5,75 €/KG","img":"https://fd11-photos.leclercdrive.fr/image.ashx?id=2843797&use=l&cat=p&typeid=i","cat":319791},{"id":145598,"n":"Gourde bébé bio Bio Village Pomme Banane Myrtille - 4x90g","p":2.79,"u":"7,75 €/KG","img":"https://fd11-photos.leclercdrive.fr/image.ashx?id=2704870&use=l&cat=p&typeid=i","cat":312393},{"id":145881,"n":"Coulis de tomate NRT De Provence - 400g","p":1.31,"u":"3,28 €/KG","img":"https://fd11-photos.leclercdrive.fr/image.ashx?id=2840001&use=l&cat=p&typeid=i","cat":288384},{"id":145931,"n":"Parmentier de canard Côté Table 600g","p":5.61,"u":"9,35 €/KG","img":"https://fd11-photos.leclercdrive.fr/image.ashx?id=2898263&use=l&cat=p&typeid=i","cat":284254},{"id":145940,"n":"Torti au surimi Menu Fraicheur 500g","p":2.39,"u":"4,78 €/KG","img":"https://fd11-photos.leclercdrive.fr/image.ashx?id=2965527&use=l&cat=p&typeid=i","cat":333657},{"id":146060,"n":"Gazpacho L'Original Alvalle 1L","p":3.51,"u":"3,51 €/L","img":"https://fd11-photos.leclercdrive.fr/image.ashx?id=2672047&use=l&cat=p&typeid=i","cat":284355},{"id":146330,"n":"Yaourts brassés Bio Village Fruits rouges bio - 8x125g","p":3.35,"u":"3,35 €/KG","img":"https://fd11-photos.leclercdrive.fr/image.ashx?id=2706670&use=l&cat=p&typeid=i","cat":284410},{"id":146331,"n":"Yaourts brassés Bio Village Bio - Fruits jaunes  - 8x125g","p":3.35,"u":"3,35 €/KG","img":"https://fd11-photos.leclercdrive.fr/image.ashx?id=2841980&use=l&cat=p&typeid=i","cat":284410},{"id":146334,"n":"Dessert au soja Bio Village Bio - Chocolat - 4x100g","p":2.25,"u":"5,63 €/KG","img":"https://fd11-photos.leclercdrive.fr/image.ashx?id=2992657&use=l&cat=p&typeid=i","cat":316071},{"id":146366,"n":"Quiche Lorraine Marie Pur beurre - 400g","p":3.42,"u":"8,55 €/KG","img":"https://fd11-photos.leclercdrive.fr/image.ashx?id=2996674&use=l&cat=p&typeid=i","cat":284257},{"id":146412,"n":"Infusion bio Jardin Bio Digestion légère x20 - 30g","p":2.62,"u":"87,33 €/KG","img":"https://fd11-photos.leclercdrive.fr/image.ashx?id=2792603&use=l&cat=p&typeid=i","cat":293234},{"id":146413,"n":"Infusion bio Jardin Bio Détente sommeil x20 - 30g","p":2.34,"u":"78,00 €/KG","img":"https://fd11-photos.leclercdrive.fr/image.ashx?id=3011449&use=l&cat=p&typeid=i","cat":293234},{"id":146414,"n":"Infusion bio Jardin Bio Nuits paisibles x20 - 30g","p":2.46,"u":"82,00 €/KG","img":"https://fd11-photos.leclercdrive.fr/image.ashx?id=2792612&use=l&cat=p&typeid=i","cat":293234},{"id":146415,"n":"Infusion Jardin Bio Bio digestion - x20 - 30g","p":2.46,"u":"82,00 €/KG","img":"https://fd11-photos.leclercdrive.fr/image.ashx?id=2792615&use=l&cat=p&typeid=i","cat":293234},{"id":146417,"n":"Infusion Jardin Bio Bio Thym citron - 30g - x20","p":2.42,"u":"80,67 €/KG","img":"https://fd11-photos.leclercdrive.fr/image.ashx?id=2792621&use=l&cat=p&typeid=i","cat":293234},{"id":146418,"n":"Infusion Jardin Bio Bio ventre plat - x20 - 30g","p":2.45,"u":"81,67 €/KG","img":"https://fd11-photos.leclercdrive.fr/image.ashx?id=2986564&use=l&cat=p&typeid=i","cat":293234},{"id":146419,"n":"Infusion Jardin Bio Bio bruleur de graisse x20 -30g","p":2.37,"u":"79,00 €/KG","img":"https://fd11-photos.leclercdrive.fr/image.ashx?id=2968322&use=l&cat=p&typeid=i","cat":293234},{"id":146422,"n":"Thé vert Jardin Bio Bio minceur - x20 - 30g","p":2.7,"u":"90,00 €/KG","img":"https://fd11-photos.leclercdrive.fr/image.ashx?id=2948066&use=l&cat=p&typeid=i","cat":293233},{"id":146425,"n":"Thé Jardin Bio Bio détox - x20 - 30g","p":2.61,"u":"87,00 €/KG","img":"https://fd11-photos.leclercdrive.fr/image.ashx?id=2578205&use=l&cat=p&typeid=i","cat":293233},{"id":146426,"n":"Thé vert bio Jardin Bio Gingembre citron vert x20 - 30g","p":2.52,"u":"84,00 €/KG","img":"https://fd11-photos.leclercdrive.fr/image.ashx?id=3011452&use=l&cat=p&typeid=i","cat":293233},{"id":146739,"n":"Maïs Bonduelle Sans Résidu Pesticides - 3x140g","p":2.23,"u":"5,31 €/KG","img":"https://fd11-photos.leclercdrive.fr/image.ashx?id=2913133&use=l&cat=p&typeid=i","cat":312611},{"id":146886,"n":"Gourde bébé bio Bio Village Semoule Vanille - 4x85g","p":3.03,"u":"8,91 €/KG","img":"https://fd11-photos.leclercdrive.fr/image.ashx?id=2704864&use=l&cat=p&typeid=i","cat":312393},{"id":146890,"n":"Gourde bébé bio Bio Village Pomme abricot - 4x90g","p":2.79,"u":"7,75 €/KG","img":"https://fd11-photos.leclercdrive.fr/image.ashx?id=2704876&use=l&cat=p&typeid=i","cat":312393},{"id":146891,"n":"Gourde bébé bio Bio Village Pomme biscuit - 4x90g","p":2.79,"u":"7,75 €/KG","img":"https://fd11-photos.leclercdrive.fr/image.ashx?id=2704873&use=l&cat=p&typeid=i","cat":312393},{"id":146894,"n":"Gourde bébé bio Bio Village Semoule cacao - 4x85g","p":3.02,"u":"8,88 €/KG","img":"https://fd11-photos.leclercdrive.fr/image.ashx?id=2704861&use=l&cat=p&typeid=i","cat":312393},{"id":146916,"n":"Préparation alsa Crème Pâtissière - 390g","p":2.63,"u":"6,74 €/KG","img":"https://fd11-photos.leclercdrive.fr/image.ashx?id=3007990&use=l&cat=p&typeid=i","cat":284505},{"id":146954,"n":"Pizza la moelleuse Burger - 625g","p":3.94,"u":"6,30 €/KG","img":"https://fd11-photos.leclercdrive.fr/image.ashx?id=2816594&use=l&cat=p&typeid=i","cat":284256},{"id":147002,"n":"Feuilleté de Mousse La Laitière Chocolat - 4x57g","p":1.68,"u":"7,37 €/KG","img":"https://fd11-photos.leclercdrive.fr/image.ashx?id=2858594&use=l&cat=p&typeid=i","cat":284417},{"id":147009,"n":"Chewing-gum Mentos Pure Fresh  Fraise sans sucres - 100g","p":3.22,"u":"32,20 €/KG","img":"https://fd11-photos.leclercdrive.fr/image.ashx?id=2659804&use=l&cat=p&typeid=i","cat":304251},{"id":147024,"n":"Raviolis farcis Ajinomoto Gyoza poulet légumes - 400g","p":5.97,"u":"14,93 €/KG","img":"https://fd11-photos.leclercdrive.fr/image.ashx?id=2590294&use=l&cat=p&typeid=i","cat":284254},{"id":147026,"n":"Raviolis farcis Ajinomoto Gyoza crevettes - 400g","p":5.93,"u":"14,83 €/KG","img":"https://fd11-photos.leclercdrive.fr/image.ashx?id=2590297&use=l&cat=p&typeid=i","cat":284254},{"id":147076,"n":"Bouillon Cube Maggi Volaille - 80g","p":0.87,"u":"10,88 €/KG","img":"https://fd11-photos.leclercdrive.fr/image.ashx?id=2737036&use=l&cat=p&typeid=i","cat":288379},{"id":147119,"n":"Lave glace Tech 9 -20°C - 5L","p":5.99,"u":"1,20 €/L","img":"https://fd11-photos.leclercdrive.fr/image.ashx?id=2054896&use=l&cat=p&typeid=i","cat":298252},{"id":147185,"n":"Cuisse de poulet Maitre Coq Jaune nourri maïs - 1kg","p":5.62,"u":"5,62 €/KG","img":"https://fd11-photos.leclercdrive.fr/image.ashx?id=2855160&use=l&cat=p&typeid=i","cat":284336},{"id":147224,"n":"Capsules Nescafé Dolce Gusto  Espresso - x30","p":7.59,"u":"46,00 €/KG","img":"https://fd11-photos.leclercdrive.fr/image.ashx?id=2737105&use=l&cat=p&typeid=i","cat":293239},{"id":147237,"n":"Compote Douceur du Verger    Bocal pomme morceaux - 730g","p":1.74,"u":"2,38 €/KG","img":"https://fd11-photos.leclercdrive.fr/image.ashx?id=2663563&use=l&cat=p&typeid=i","cat":284508},{"id":147248,"n":"Muesli  Grainea chocolat Noisette 350g","p":2.84,"u":"8,11 €/KG","img":"https://fd11-photos.leclercdrive.fr/image.ashx?id=2077358&use=l&cat=p&typeid=i","cat":309512},{"id":147254,"n":"Confiture Eco+ Fraise - 450g","p":1.14,"u":"2,53 €/KG","img":"https://fd11-photos.leclercdrive.fr/image.ashx?id=2953200&use=l&cat=p&typeid=i","cat":284480},{"id":147296,"n":"Gourde Bio Village - 6 mois Bio - 6x90g","p":4.39,"u":"8,13 €/KG","img":"https://fd11-photos.leclercdrive.fr/image.ashx?id=2704879&use=l&cat=p&typeid=i","cat":312393},{"id":147359,"n":"Boisson tablette d'Or Instantanée cacao 800g","p":3.79,"u":"4,74 €/KG","img":"https://fd11-photos.leclercdrive.fr/image.ashx?id=2047904&use=l&cat=p&typeid=i","cat":293235},{"id":147424,"n":"Saucisse de Montbéliard à cuire L'Atelier Charcuterie - 2x150g","p":4.49,"u":"14,97 €/KG","img":"https://fd11-photos.leclercdrive.fr/image.ashx?id=2069973&use=l&cat=p&typeid=i","cat":316012},{"id":147449,"n":"Granola Grainea Chocolat noir amandes - 350g","p":2.75,"u":"7,86 €/KG","img":"https://fd11-photos.leclercdrive.fr/image.ashx?id=2611949&use=l&cat=p&typeid=i","cat":309512},{"id":147457,"n":"Socquettes Green femme Dim Coton bio Noir T39/42 -x2","p":7.3,"u":"3,65 €/P","img":"https://fd11-photos.leclercdrive.fr/image.ashx?id=2370398&use=l&cat=p&typeid=i","cat":334130},{"id":147458,"n":"Socquettes Green femme Dim Coton bio Noir T35/38 -x2","p":7.3,"u":"3,65 €/P","img":"https://fd11-photos.leclercdrive.fr/image.ashx?id=2370401&use=l&cat=p&typeid=i","cat":334130},{"id":147464,"n":"Infusion bien-être Jardin Bio Bio x20 - 28g","p":2.47,"u":"88,21 €/KG","img":"https://fd11-photos.leclercdrive.fr/image.ashx?id=2792606&use=l&cat=p&typeid=i","cat":293234},{"id":147469,"n":"Protège matelas Tissaia Blanc 160x200cm","p":22.95,"img":"https://fd11-photos.leclercdrive.fr/image.ashx?id=2380361&use=l&cat=p&typeid=i","cat":288835},{"id":147470,"n":"Protège matelas Tissaia Blanc 90x190cm","p":14.95,"img":"https://fd11-photos.leclercdrive.fr/image.ashx?id=2380355&use=l&cat=p&typeid=i","cat":288835},{"id":147474,"n":"Coupe ongles Primoplast 1 pièce","p":2.0,"img":"https://fd11-photos.leclercdrive.fr/image.ashx?id=2833008&use=l&cat=p&typeid=i","cat":325354},{"id":147487,"n":"Noix de Pécan grillée sans sel Daco Bello 125g","p":3.71,"u":"29,68 €/KG","img":"https://fd11-photos.leclercdrive.fr/image.ashx?id=2298553&use=l&cat=p&typeid=i","cat":284448},{"id":147501,"n":"Socquette semi bouclette Gris chiné T46/48  - x3","p":4.8,"u":"1,60 €/P","img":"https://fd11-photos.leclercdrive.fr/image.ashx?id=2049187&use=l&cat=p&typeid=i","cat":334130},{"id":147519,"n":"Moulin poivre Ducros 35g","p":3.01,"u":"86,00 €/KG","img":"https://fd11-photos.leclercdrive.fr/image.ashx?id=2498678&use=l&cat=p&typeid=i","cat":284457},{"id":147533,"n":"Dentifrice arôme menthe Eco + 125ml","p":0.73,"u":"5,84 €/L","img":"https://fd11-photos.leclercdrive.fr/image.ashx?id=2776277&use=l&cat=p&typeid=i","cat":284612},{"id":147537,"n":"Nettoyant ménager Eco + Citron - 2L","p":1.11,"u":"0,56 €/L","img":"https://fd11-photos.leclercdrive.fr/image.ashx?id=2946148&use=l&cat=p&typeid=i","cat":284907},{"id":147539,"n":"Capsules café Plantation Café au lait - x16 - 152g","p":3.29,"u":"21,64 €/KG","img":"https://fd11-photos.leclercdrive.fr/image.ashx?id=2649750&use=l&cat=p&typeid=i","cat":293239},{"id":147545,"n":"Pastilles anti-calcaire Eco + x20","p":1.25,"u":"0,06 €/P","img":"https://fd11-photos.leclercdrive.fr/image.ashx?id=2603853&use=l&cat=p&typeid=i","cat":284653},{"id":147546,"n":"Poudre détachante Eco + 1,2kg","p":3.29,"u":"2,74 €/KG","img":"https://fd11-photos.leclercdrive.fr/image.ashx?id=2596769&use=l&cat=p&typeid=i","cat":284651},{"id":147550,"n":"Nettoyant vitres Eco + 1L","p":0.76,"u":"0,76 €/L","img":"https://fd11-photos.leclercdrive.fr/image.ashx?id=2834993&use=l&cat=p&typeid=i","cat":325363},{"id":147624,"n":"Culottes Lotus Baby Douceur Naturelle Taille 6 - x28","p":13.47,"u":"0,48 €/P","img":"https://fd11-photos.leclercdrive.fr/image.ashx?id=3011872&use=l&cat=p&typeid=i","cat":290633},{"id":147692,"n":"Fond pour rôtis Maggi 110g","p":2.35,"u":"21,36 €/KG","img":"https://fd11-photos.leclercdrive.fr/image.ashx?id=2917543&use=l&cat=p&typeid=i","cat":288379},{"id":147890,"n":"Crème de change bio So Bio Etic Apaisante - 100ml","p":6.45,"u":"64,50 €/L","img":"https://fd11-photos.leclercdrive.fr/image.ashx?id=2051434&use=l&cat=p&typeid=i","cat":284741},{"id":148076,"n":"Jambon d'Auvergne IGP L'Atelier Charcuterie - 100g","p":3.5,"u":"35,00 €/KG","img":"https://fd11-photos.leclercdrive.fr/image.ashx?id=2316464&use=l&cat=p&typeid=i","cat":316007},{"id":148077,"n":"Jambon de Savoie L'Atelier Charcuterie - 100g","p":2.99,"u":"29,90 €/KG","img":"https://fd11-photos.leclercdrive.fr/image.ashx?id=2395826&use=l&cat=p&typeid=i","cat":316007},{"id":148078,"n":"Jambon de Vendée IGP LR  L'Atelier Charcuterie - 100g","p":2.99,"u":"29,90 €/KG","img":"https://fd11-photos.leclercdrive.fr/image.ashx?id=2068073&use=l&cat=p&typeid=i","cat":316007},{"id":148079,"n":"Saucisson d'Auvergne IGP NRT L'Atelier Charcuterie LR - 100g","p":2.3,"u":"23,00 €/KG","img":"https://fd11-photos.leclercdrive.fr/image.ashx?id=2994149&use=l&cat=p&typeid=i","cat":316007},{"id":148090,"n":"Prosciutto di Parma AOP 20 mois L'Atelier Charcuterie - 90g","p":4.6,"u":"51,11 €/KG","img":"https://fd11-photos.leclercdrive.fr/image.ashx?id=2068738&use=l&cat=p&typeid=i","cat":316007},{"id":148095,"n":"Coppa di parma IGP L'Atelier Charcuterie - 100g","p":3.45,"u":"34,50 €/KG","img":"https://fd11-photos.leclercdrive.fr/image.ashx?id=2068735&use=l&cat=p&typeid=i","cat":316007},{"id":148105,"n":"Viande des grisons IGP L'Atelier Charcuterie - 80g","p":5.49,"u":"68,63 €/KG","img":"https://fd11-photos.leclercdrive.fr/image.ashx?id=2856648&use=l&cat=p&typeid=i","cat":316007},{"id":148117,"n":"Rosette tranchée Label Rouge L'Atelier Charcuterie - 100g","p":1.79,"u":"17,90 €/KG","img":"https://fd11-photos.leclercdrive.fr/image.ashx?id=2856654&use=l&cat=p&typeid=i","cat":316007},{"id":148119,"n":"Jambon sec italien supérieur L'Atelier Charcuterie x6 - 90g","p":2.57,"u":"28,56 €/KG","img":"https://fd11-photos.leclercdrive.fr/image.ashx?id=2856657&use=l&cat=p&typeid=i","cat":316007},{"id":148120,"n":"Jambon serrano IGP L'Atelier Charcuterie - 120g","p":4.0,"u":"33,33 €/KG","img":"https://fd11-photos.leclercdrive.fr/image.ashx?id=2867931&use=l&cat=p&typeid=i","cat":316007},{"id":148121,"n":"Assiette charcuterie Italienne L'Atelier Charcuterie - 180G","p":5.29,"img":"https://fd11-photos.leclercdrive.fr/image.ashx?id=2992672&use=l&cat=p&typeid=i","cat":316007},{"id":148124,"n":"Datte ravier Favorite Deglet nour - 500g","p":2.3,"u":"4,60 €/KG","img":"https://fd11-photos.leclercdrive.fr/image.ashx?id=2730610&use=l&cat=p&typeid=i","cat":284357},{"id":148128,"n":"Baguette Bio 3 Meuniers 270g","p":1.09,"u":"4,04 €/KG","img":"https://fd11-photos.leclercdrive.fr/image.ashx?id=2052682&use=l&cat=p&typeid=i","cat":284359},{"id":148240,"n":"Café dosettes Tassimo L'Or Café Long Doux x16","p":4.75,"u":"53,37 €/KG","img":"https://fd11-photos.leclercdrive.fr/image.ashx?id=2100386&use=l&cat=p&typeid=i","cat":293240},{"id":148291,"n":"Bière Aromatisée Grimbergen Rouge 5,5° - 6x25cl","p":5.13,"u":"3,42 €/L","img":"https://fd11-photos.leclercdrive.fr/image.ashx?id=2873327&use=l&cat=p&typeid=i","cat":334878},{"id":148339,"n":"Embouts jetables Prorhinel Souples - x10","p":5.73,"img":"https://fd11-photos.leclercdrive.fr/image.ashx?id=2148182&use=l&cat=p&typeid=i","cat":284630},{"id":148341,"n":"Spray hygiène du nez Prorhinel à l'aloe vera - enfant - 100ml","p":5.35,"u":"53,50 €/L","img":"https://fd11-photos.leclercdrive.fr/image.ashx?id=2917858&use=l&cat=p&typeid=i","cat":284630},{"id":148355,"n":"Déodorant Monsavon lait Fleur de coton - 200ml","p":1.9,"u":"9,50 €/L","img":"https://fd11-photos.leclercdrive.fr/image.ashx?id=2644930&use=l&cat=p&typeid=i","cat":284595},{"id":148357,"n":"Hochet Maracas Tigex 1 pièce","p":7.35,"img":"https://fd11-photos.leclercdrive.fr/image.ashx?id=2114518&use=l&cat=p&typeid=i","cat":289435},{"id":148368,"n":"Gésier de Canard Confit entier IGP Montfort - 250g","p":6.08,"u":"24,32 €/KG","img":"https://fd11-photos.leclercdrive.fr/image.ashx?id=2960711&use=l&cat=p&typeid=i","cat":284339},{"id":148384,"n":"Donut nappé chocolat 180g","p":1.39,"u":"7,72 €/KG","img":"https://fd11-photos.leclercdrive.fr/image.ashx?id=2590707&use=l&cat=p&typeid=i","cat":284495},{"id":148498,"n":"Pack de 3 microdiscs Brita Filtrants - 1 pièce","p":13.15,"img":"https://fd11-photos.leclercdrive.fr/image.ashx?id=2878264&use=l&cat=p&typeid=i","cat":334135},{"id":148607,"n":"AOP Blaye Côtes de Bordeaux Château Saint-Aulaye - 75cl","p":4.65,"u":"6,20 €/L","img":"https://fd11-photos.leclercdrive.fr/image.ashx?id=2859407&use=l&cat=p&typeid=i","cat":289556},{"id":148743,"n":"Galette moelleuse Saint Michel Chocolat au lait - 180g","p":1.77,"u":"9,83 €/KG","img":"https://fd11-photos.leclercdrive.fr/image.ashx?id=2936248&use=l&cat=p&typeid=i","cat":284495},{"id":148957,"n":"Pavé saumon Eco+ MSC - x2 - 250g","p":3.07,"u":"12,28 €/KG","img":"https://fd11-photos.leclercdrive.fr/image.ashx?id=2806847&use=l&cat=p&typeid=i","cat":319786},{"id":148989,"n":"Cônes chocolat Eco+ Pistache - x8 - 520g","p":2.47,"u":"4,75 €/KG","img":"https://fd11-photos.leclercdrive.fr/image.ashx?id=2866229&use=l&cat=p&typeid=i","cat":284264},{"id":148998,"n":"Papier cuisson Elembal Feuilles - x30","p":0.99,"u":"0,03 €/P","img":"https://fd11-photos.leclercdrive.fr/image.ashx?id=2059971&use=l&cat=p&typeid=i","cat":334134},{"id":149029,"n":"Rillettes pur porc 180g","p":1.67,"u":"9,28 €/KG","img":"https://fd11-photos.leclercdrive.fr/image.ashx?id=2068276&use=l&cat=p&typeid=i","cat":305149},{"id":149034,"n":"Terrine de campagne 180g","p":1.85,"u":"10,28 €/KG","img":"https://fd11-photos.leclercdrive.fr/image.ashx?id=2068279&use=l&cat=p&typeid=i","cat":305149},{"id":149036,"n":"Merguez véritables L'Atelier Boucherie x8 - 520g","p":7.99,"u":"15,37 €/KG","img":"https://fd11-photos.leclercdrive.fr/image.ashx?id=3005721&use=l&cat=p&typeid=i","cat":284334},{"id":149037,"n":"Saucisses de Toulouse L'Atelier Boucherie x6 - 750g","p":7.99,"u":"10,65 €/KG","img":"https://fd11-photos.leclercdrive.fr/image.ashx?id=2994405&use=l&cat=p&typeid=i","cat":284334},{"id":149039,"n":"Chipolatas  L'Atelier Boucherie  X8 - 520g","p":6.83,"u":"13,13 €/KG","img":"https://fd11-photos.leclercdrive.fr/image.ashx?id=2992666&use=l&cat=p&typeid=i","cat":284334},{"id":149084,"n":"Purée au fromage Florette Emmental - 2x200g","p":2.93,"u":"7,33 €/KG","img":"https://fd11-photos.leclercdrive.fr/image.ashx?id=2767702&use=l&cat=p&typeid=i","cat":333665},{"id":149236,"n":"Brandade à la morue  Maison Briau Gratinée - 550g","p":6.31,"u":"11,47 €/KG","img":"https://fd11-photos.leclercdrive.fr/image.ashx?id=2850013&use=l&cat=p&typeid=i","cat":285340},{"id":149388,"n":"Shampooing sec Batiste Nude aérosol - 200ml","p":3.38,"u":"16,90 €/L","img":"https://fd11-photos.leclercdrive.fr/image.ashx?id=2558334&use=l&cat=p&typeid=i","cat":289143},{"id":149390,"n":"Croc'Odor Frigo XL  140g","p":2.65,"u":"18,93 €/KG","img":"https://fd11-photos.leclercdrive.fr/image.ashx?id=2952646&use=l&cat=p&typeid=i","cat":311628},{"id":149465,"n":"Brosse à Dents Signal Soin Gencives Souple x4","p":2.55,"u":"0,64 €/P","img":"https://fd11-photos.leclercdrive.fr/image.ashx?id=2964234&use=l&cat=p&typeid=i","cat":284614},{"id":149782,"n":"Soin léger nuit So Bio Etic Anti-âge bio - 50ml","p":8.39,"u":"167,80 €/L","img":"https://fd11-photos.leclercdrive.fr/image.ashx?id=2792699&use=l&cat=p&typeid=i","cat":325345},{"id":149817,"n":"Rouleau Râpe Velvet Smooth Ultra Exfoliant Pieds - x2","p":13.3,"u":"6,65 €/P","img":"https://fd11-photos.leclercdrive.fr/image.ashx?id=2628404&use=l&cat=p&typeid=i","cat":325354},{"id":149854,"n":"Dentifrice Elmex enfant 0-6ans Anti-caries - 75ml","p":3.34,"u":"44,53 €/L","img":"https://fd11-photos.leclercdrive.fr/image.ashx?id=2745289&use=l&cat=p&typeid=i","cat":288898},{"id":149935,"n":"Sérum Effaclar La Roche Posay Visage - 30ml","p":25.9,"u":"863,33 €/L","img":"https://fd11-photos.leclercdrive.fr/image.ashx?id=2128884&use=l&cat=p&typeid=i","cat":291166},{"id":149951,"n":"Soin hydratant La Roche Posay Tolériane Sensitive Riche -40ml","p":13.79,"u":"344,75 €/L","img":"https://fd11-photos.leclercdrive.fr/image.ashx?id=2087014&use=l&cat=p&typeid=i","cat":291171},{"id":149962,"n":"Bâtonnets Bocoton Bio Sécurité - x60","p":1.56,"u":"0,03 €/P","img":"https://fd11-photos.leclercdrive.fr/image.ashx?id=2063542&use=l&cat=p&typeid=i","cat":284739},{"id":149998,"n":"Brûleur de graisse Forte Pharma Xtraslim700 45+ - 120 gélules","p":38.99,"u":"639,18 €/KG","img":"https://fd11-photos.leclercdrive.fr/image.ashx?id=2067185&use=l&cat=p&typeid=i","cat":301267},{"id":150002,"n":"Shampooing coco Natessance 250ml","p":4.85,"u":"19,40 €/L","img":"https://fd11-photos.leclercdrive.fr/image.ashx?id=2761399&use=l&cat=p&typeid=i","cat":290400},{"id":150004,"n":"Huile de ricin Ntessance 50ml","p":4.0,"u":"80,00 €/L","img":"https://fd11-photos.leclercdrive.fr/image.ashx?id=2065430&use=l&cat=p&typeid=i","cat":290422},{"id":150008,"n":"Soin Sécheresse Hyralin 400ml","p":11.49,"u":"28,73 €/L","img":"https://fd11-photos.leclercdrive.fr/image.ashx?id=2905432&use=l&cat=p&typeid=i","cat":301348},{"id":150010,"n":"Pansement Elastoplast Aqua Protect - x20","p":3.1,"u":"0,16 €/P","img":"https://fd11-photos.leclercdrive.fr/image.ashx?id=2181014&use=l&cat=p&typeid=i","cat":291163},{"id":150014,"n":"Soin intime Hydralin Gyn Irritation - 400ml","p":10.79,"u":"26,98 €/L","img":"https://fd11-photos.leclercdrive.fr/image.ashx?id=2929900&use=l&cat=p&typeid=i","cat":301348},{"id":150015,"n":"Gel lubrifiant Hydralin 50ml","p":10.75,"u":"215,00 €/L","img":"https://fd11-photos.leclercdrive.fr/image.ashx?id=2959085&use=l&cat=p&typeid=i","cat":328622},{"id":150223,"n":"Acras de crevettes Maison Briau 200g","p":2.94,"u":"14,70 €/KG","img":"https://fd11-photos.leclercdrive.fr/image.ashx?id=2850010&use=l&cat=p&typeid=i","cat":285094},{"id":150307,"n":"Liquide refroidissement TECH9 -25°C - 5L","p":9.99,"u":"2,00 €/L","img":"https://fd11-photos.leclercdrive.fr/image.ashx?id=2162711&use=l&cat=p&typeid=i","cat":298253},{"id":150441,"n":"Yaourt brassé chèvre Délisse Nature - 4x125g","p":2.44,"u":"4,88 €/KG","img":"https://fd11-photos.leclercdrive.fr/image.ashx?id=2237553&use=l&cat=p&typeid=i","cat":314998},{"id":150444,"n":"Douceur nature Bio Vrai Au lait de brebis - 2x125g","p":1.56,"u":"6,24 €/KG","img":"https://fd11-photos.leclercdrive.fr/image.ashx?id=2786450&use=l&cat=p&typeid=i","cat":314998},{"id":150485,"n":"Chocolat Pâtissier Lindt Noir - 70% cacao - 200g","p":2.93,"u":"14,65 €/KG","img":"https://fd11-photos.leclercdrive.fr/image.ashx?id=2730223&use=l&cat=p&typeid=i","cat":285562},{"id":150763,"n":"Imperméabilisant protecteur Cuir Daim Nubuck 250ml","p":2.68,"u":"10,72 €/L","img":"https://fd11-photos.leclercdrive.fr/image.ashx?id=2068263&use=l&cat=p&typeid=i","cat":285201},{"id":150788,"n":"HERTA Tendre Croc Jambon Fromage sans nitrite 200g x2","p":1.83,"u":"9,15 €/KG","img":"https://fd11-photos.leclercdrive.fr/image.ashx?id=2752885&use=l&cat=p&typeid=i","cat":333671},{"id":150789,"n":"Détartrant multi-usages Melitta 375ml","p":3.5,"u":"9,33 €/L","img":"https://fd11-photos.leclercdrive.fr/image.ashx?id=2871070&use=l&cat=p&typeid=i","cat":325362},{"id":150793,"n":"HERTA Tendre Croc Jambon Fromage sans nitrite 400g x4","p":3.57,"u":"8,93 €/KG","img":"https://fd11-photos.leclercdrive.fr/image.ashx?id=2070144&use=l&cat=p&typeid=i","cat":333671},{"id":150798,"n":"HERTA Tendre Croc Comté Jambon sans nitrite 200g x2","p":2.03,"u":"10,15 €/KG","img":"https://fd11-photos.leclercdrive.fr/image.ashx?id=2070147&use=l&cat=p&typeid=i","cat":333671},{"id":150799,"n":"HERTA Tendre Croc Jambon Fromg ss croûte ss nitrite 200g","p":1.91,"u":"9,55 €/KG","img":"https://fd11-photos.leclercdrive.fr/image.ashx?id=2070153&use=l&cat=p&typeid=i","cat":333671},{"id":151002,"n":"Gouter fourré carré P'tit Déli x16 - 295g","p":1.17,"u":"3,97 €/KG","img":"https://fd11-photos.leclercdrive.fr/image.ashx?id=2351238&use=l&cat=p&typeid=i","cat":284489},{"id":151011,"n":"Crème fraîche épaisse 30%mg Paysan Breton - 45cl","p":2.36,"u":"5,24 €/L","img":"https://fd11-photos.leclercdrive.fr/image.ashx?id=2774553&use=l&cat=p&typeid=i","cat":284381},{"id":151106,"n":"Vin France Cambras rouge -12,5% Merlot Cabernet Sauvignon -75cl","p":2.69,"u":"3,59 €/L","img":"https://fd11-photos.leclercdrive.fr/image.ashx?id=2941029&use=l&cat=p&typeid=i","cat":289556},{"id":151120,"n":"Fromage blanc Délisse Chèvre nature - 4x100g","p":2.15,"u":"5,38 €/KG","img":"https://fd11-photos.leclercdrive.fr/image.ashx?id=2071152&use=l&cat=p&typeid=i","cat":314998},{"id":151129,"n":"Yaourt brassé chèvre Délisse Myrtille - 4x125g","p":2.29,"u":"4,58 €/KG","img":"https://fd11-photos.leclercdrive.fr/image.ashx?id=2809090&use=l&cat=p&typeid=i","cat":314998},{"id":151170,"n":"Riz au lait Andros Coco vanille - 4x100g","p":2.79,"u":"6,98 €/KG","img":"https://fd11-photos.leclercdrive.fr/image.ashx?id=2872024&use=l&cat=p&typeid=i","cat":316071},{"id":151235,"n":"HERTA Blanc de poulet nature sans nitrite - 140g 4T","p":1.91,"u":"13,64 €/KG","img":"https://fd11-photos.leclercdrive.fr/image.ashx?id=2731348&use=l&cat=p&typeid=i","cat":316010},{"id":151290,"n":"Herta Blanc de poulet -25% de sel sans nitrite 140g 4T","p":2.24,"u":"16,00 €/KG","img":"https://fd11-photos.leclercdrive.fr/image.ashx?id=2307733&use=l&cat=p&typeid=i","cat":316010},{"id":151474,"n":"Fromage blanc Calin 0% Extra Naure - 8x100g","p":2.24,"u":"2,80 €/KG","img":"https://fd11-photos.leclercdrive.fr/image.ashx?id=2973733&use=l&cat=p&typeid=i","cat":284409},{"id":151508,"n":"Colin MSC haché Yooji 6 mois - 120g","p":4.17,"u":"34,75 €/KG","img":"https://fd11-photos.leclercdrive.fr/image.ashx?id=2529072&use=l&cat=p&typeid=i","cat":290631},{"id":151523,"n":"Beurre de baratte Isigny  Demi-sel - 80% MG - 250g","p":3.1,"u":"12,40 €/KG","img":"https://fd11-photos.leclercdrive.fr/image.ashx?id=2580946&use=l&cat=p&typeid=i","cat":284379},{"id":151659,"n":"Truite fumée Pyrénées Guyader - 120g","p":5.4,"u":"45,00 €/KG","img":"https://fd11-photos.leclercdrive.fr/image.ashx?id=2478120&use=l&cat=p&typeid=i","cat":285188},{"id":151871,"n":"Pruneaux d'Agen Bio Village Bio IGP Dénoyautés - 250g","p":3.99,"u":"15,96 €/KG","img":"https://fd11-photos.leclercdrive.fr/image.ashx?id=2584035&use=l&cat=p&typeid=i","cat":284357},{"id":151935,"n":"Romaine Panier du Primeur x1","p":0.99,"img":"https://fd11-photos.leclercdrive.fr/image.ashx?id=2529555&use=l&cat=p&typeid=i","cat":284352},{"id":151936,"n":"Yaourt brassé Bio Les 2 Vaches Vanille - 4x115g","p":1.94,"u":"4,22 €/KG","img":"https://fd11-photos.leclercdrive.fr/image.ashx?id=2571542&use=l&cat=p&typeid=i","cat":284410},{"id":151996,"n":"Fromage enfant Kiri crème 24 portions à tartiner - 432g","p":4.92,"u":"0,21 €/P","img":"https://fd11-photos.leclercdrive.fr/image.ashx?id=2973568&use=l&cat=p&typeid=i","cat":314030},{"id":152001,"n":"Gnocchi à poêler Roll Lustucru  300g","p":1.72,"u":"5,73 €/KG","img":"https://fd11-photos.leclercdrive.fr/image.ashx?id=2792408&use=l&cat=p&typeid=i","cat":333682},{"id":152008,"n":"Croissants au jambon fromage L'Atelier Traiteur x2 - 260g","p":3.89,"u":"14,96 €/KG","img":"https://fd11-photos.leclercdrive.fr/image.ashx?id=2235004&use=l&cat=p&typeid=i","cat":333671},{"id":152021,"n":"Bouchées à la reine L'Atelier Traiteur x2 -  300g","p":4.49,"u":"14,97 €/KG","img":"https://fd11-photos.leclercdrive.fr/image.ashx?id=2998892&use=l&cat=p&typeid=i","cat":333671},{"id":152028,"n":"Quiches Lorraines L'Atelier Traiteur x2 - 280g","p":3.99,"u":"7,13 €/KG","img":"https://fd11-photos.leclercdrive.fr/image.ashx?id=2636272&use=l&cat=p&typeid=i","cat":333680},{"id":152333,"n":"Maxi flan 745g","p":3.6,"u":"4,83 €/KG","img":"https://fd11-photos.leclercdrive.fr/image.ashx?id=2580979&use=l&cat=p&typeid=i","cat":284360},{"id":152458,"n":"Sushi saumon  x6 - 180g","p":8.99,"u":"49,94 €/KG","img":"https://fd11-photos.leclercdrive.fr/image.ashx?id=2116743&use=l&cat=p&typeid=i","cat":286791},{"id":152489,"n":"Yaourt brassé végétal Nat&Vie Coco Nature - 4x100g","p":1.89,"u":"4,73 €/KG","img":"https://fd11-photos.leclercdrive.fr/image.ashx?id=2901476&use=l&cat=p&typeid=i","cat":316071},{"id":152576,"n":"Crêpes 1/2 lune Eco+ Jambon emmental - x20 - 1kg","p":2.31,"u":"2,31 €/KG","img":"https://fd11-photos.leclercdrive.fr/image.ashx?id=2698144&use=l&cat=p&typeid=i","cat":319776},{"id":152594,"n":"Desserts Lactés P'tit GOURMAND BIO Vanille  6M+ - 4x90g","p":2.4,"u":"6,67 €/KG","img":"https://fd11-photos.leclercdrive.fr/image.ashx?id=2629704&use=l&cat=p&typeid=i","cat":312392},{"id":152596,"n":"Câpres Maille Surfines - 85g","p":3.03,"u":"35,65 €/KG","img":"https://fd11-photos.leclercdrive.fr/image.ashx?id=2539674&use=l&cat=p&typeid=i","cat":284458},{"id":152617,"n":"Happy Cherry Haribo Sachet bonbons - 220g","p":1.64,"u":"7,45 €/KG","img":"https://fd11-photos.leclercdrive.fr/image.ashx?id=2984901&use=l&cat=p&typeid=i","cat":304250},{"id":153015,"n":"Cassonade pure canne Daddy 750g","p":2.21,"u":"2,95 €/KG","img":"https://fd11-photos.leclercdrive.fr/image.ashx?id=2944702&use=l&cat=p&typeid=i","cat":284502},{"id":153069,"n":"Cônes glacés Trium Rhum raisins - x6 - 414g","p":2.43,"u":"5,87 €/KG","img":"https://fd11-photos.leclercdrive.fr/image.ashx?id=2931814&use=l&cat=p&typeid=i","cat":284264},{"id":153072,"n":"Cônes glacés Trium Café - x6 - 426g","p":2.19,"u":"5,14 €/KG","img":"https://fd11-photos.leclercdrive.fr/image.ashx?id=2931838&use=l&cat=p&typeid=i","cat":284264},{"id":153151,"n":"Jambon Supérieur Fleury Michon sans nitrite x4 - 140g","p":2.13,"u":"15,21 €/KG","img":"https://fd11-photos.leclercdrive.fr/image.ashx?id=2889475&use=l&cat=p&typeid=i","cat":316009},{"id":153165,"n":"Jambon Fleury Michon Simplement  Bio sans nitrite - x4 - 120g","p":4.68,"u":"39,00 €/KG","img":"https://fd11-photos.leclercdrive.fr/image.ashx?id=2959040&use=l&cat=p&typeid=i","cat":316009},{"id":153166,"n":"Jambon Simplement Bon Fleury Michon - x6 - 240g","p":2.6,"u":"10,83 €/KG","img":"https://fd11-photos.leclercdrive.fr/image.ashx?id=2843150&use=l&cat=p&typeid=i","cat":316009},{"id":153192,"n":"Canettes Coca-cola Zéro Soda sans sucre - 12x33cl","p":6.66,"u":"1,68 €/L","img":"https://fd11-photos.leclercdrive.fr/image.ashx?id=2209194&use=l&cat=p&typeid=i","cat":284530},{"id":153241,"n":"Blanc de poulet Fleury Michon doré au four - x8 - 240g","p":2.31,"u":"9,63 €/KG","img":"https://fd11-photos.leclercdrive.fr/image.ashx?id=2962845&use=l&cat=p&typeid=i","cat":316010},{"id":153281,"n":"Saucisse cocktail Stephan Nature - 3x200g","p":6.1,"pp":4.03,"u":"6,72 €/KG","img":"https://fd11-photos.leclercdrive.fr/image.ashx?id=2767567&use=l&cat=p&typeid=i","cat":284450},{"id":153313,"n":"Gateau Savane Brossard Pocket chocolat - x7  210g","p":2.06,"u":"9,81 €/KG","img":"https://fd11-photos.leclercdrive.fr/image.ashx?id=2870722&use=l&cat=p&typeid=i","cat":284495},{"id":153317,"n":"Capsules confiturier Le Parfait Diamètre 82mm - Sachet de 6","p":3.55,"img":"https://fd11-photos.leclercdrive.fr/image.ashx?id=2540418&use=l&cat=p&typeid=i","cat":284710},{"id":153321,"n":"Lot de 2 boîtes Eco + 1.3L - 1 pièce","p":2.48,"img":"https://fd11-photos.leclercdrive.fr/image.ashx?id=2085281&use=l&cat=p&typeid=i","cat":284710},{"id":153323,"n":"Lot de 3 boîtes Eco + 1,9L - 1 pièce","p":3.88,"img":"https://fd11-photos.leclercdrive.fr/image.ashx?id=2085284&use=l&cat=p&typeid=i","cat":284710},{"id":153328,"n":"Gâteaux fourrés Napolitain LU Chocolat - 180g","p":1.52,"u":"8,44 €/KG","img":"https://fd11-photos.leclercdrive.fr/image.ashx?id=3002225&use=l&cat=p&typeid=i","cat":284495},{"id":153350,"n":"Croques jambon fromage L'Atelier Traiteur x2 - 280g","p":3.19,"u":"11,39 €/KG","img":"https://fd11-photos.leclercdrive.fr/image.ashx?id=2846535&use=l&cat=p&typeid=i","cat":333671},{"id":153368,"n":"Table à repasserHomeside Plateau 130x45cm","p":44.99,"u":"Dont 0,66 € d'éco-part.","img":"https://fd11-photos.leclercdrive.fr/image.ashx?id=2118021&use=l&cat=p&typeid=i","cat":335909},{"id":153393,"n":"Eau Aromatisée Vittel Aro Fraise - 1L","p":1.18,"u":"1,18 €/L","img":"https://fd11-photos.leclercdrive.fr/image.ashx?id=2788874&use=l&cat=p&typeid=i","cat":284537},{"id":153447,"n":"Lait Céréales bio Bio Village Vanille 6 mois - 2x25cl","p":2.13,"u":"4,26 €/L","img":"https://fd11-photos.leclercdrive.fr/image.ashx?id=2833026&use=l&cat=p&typeid=i","cat":312226},{"id":153929,"n":"Bûche de chèvre frais cendrée L'Atelier Fromagerie - 200g","p":3.19,"u":"15,95 €/KG","img":"https://fd11-photos.leclercdrive.fr/image.ashx?id=2999646&use=l&cat=p&typeid=i","cat":314036},{"id":153967,"n":"Changes bébé Lotus Baby T2 Douceur naturelle 3/6kg - x45","p":13.92,"u":"0,31 €/P","img":"https://fd11-photos.leclercdrive.fr/image.ashx?id=2909206&use=l&cat=p&typeid=i","cat":284737},{"id":154629,"n":"Bière Blonde Leffe 6,6% - 20x25cl","p":14.91,"u":"2,98 €/L","img":"https://fd11-photos.leclercdrive.fr/image.ashx?id=2995427&use=l&cat=p&typeid=i","cat":334852},{"id":154644,"n":"Crème réparatrice A-Derma Dermalibour + Cica - 100ml","p":13.5,"u":"135,00 €/L","img":"https://fd11-photos.leclercdrive.fr/image.ashx?id=2377136&use=l&cat=p&typeid=i","cat":290421},{"id":154647,"n":"Crème apaisante Avène Tolerance Control - 40ml","p":16.9,"u":"422,50 €/L","img":"https://fd11-photos.leclercdrive.fr/image.ashx?id=2373468&use=l&cat=p&typeid=i","cat":291171},{"id":154648,"n":"Gel moussant A-Derma Dermalibour + Cica - 200ml","p":12.18,"u":"60,90 €/L","img":"https://fd11-photos.leclercdrive.fr/image.ashx?id=2377175&use=l&cat=p&typeid=i","cat":301591},{"id":154650,"n":"Baume apaisant Avène Tolerance Control - 40ml","p":16.9,"u":"422,50 €/L","img":"https://fd11-photos.leclercdrive.fr/image.ashx?id=2373471&use=l&cat=p&typeid=i","cat":290421},{"id":154651,"n":"Gel moussant émollient A-Derma Exomega Control - 500ml","p":11.52,"u":"23,04 €/L","img":"https://fd11-photos.leclercdrive.fr/image.ashx?id=2377151&use=l&cat=p&typeid=i","cat":301591},{"id":154658,"n":"Shampooing Klorane Quinine Eldeweiss Bio - 400ml","p":10.49,"u":"26,23 €/L","img":"https://fd11-photos.leclercdrive.fr/image.ashx?id=2854495&use=l&cat=p&typeid=i","cat":290400},{"id":154663,"n":"Shampooing Klorane Menthe Aquatique Bio - 400ml","p":9.49,"u":"23,73 €/L","img":"https://fd11-photos.leclercdrive.fr/image.ashx?id=2968247&use=l&cat=p&typeid=i","cat":290400},{"id":154664,"n":"Shampooing traitant Ducray  Kélual DS - 100ml","p":11.5,"u":"115,00 €/L","img":"https://fd11-photos.leclercdrive.fr/image.ashx?id=2326964&use=l&cat=p&typeid=i","cat":290400},{"id":154672,"n":"Crème hydratante A-Derma 150ml","p":13.49,"u":"89,93 €/L","img":"https://fd11-photos.leclercdrive.fr/image.ashx?id=2377142&use=l&cat=p&typeid=i","cat":291171},{"id":154676,"n":"Lait 2ème âge Biostime Infantile bio - 800g","p":21.49,"u":"26,86 €/KG","img":"https://fd11-photos.leclercdrive.fr/image.ashx?id=2172765&use=l&cat=p&typeid=i","cat":300523},{"id":154677,"n":"Lait 3ème âge Biostime Infantile bio - 800g","p":18.49,"u":"23,11 €/KG","img":"https://fd11-photos.leclercdrive.fr/image.ashx?id=2165638&use=l&cat=p&typeid=i","cat":300523},{"id":154682,"n":"Créaline H2O Bioderma Sans parfum - 250ml","p":8.49,"u":"33,96 €/L","img":"https://fd11-photos.leclercdrive.fr/image.ashx?id=2979842&use=l&cat=p&typeid=i","cat":301587},{"id":154684,"n":"Biberon verre 0-6 mois Dodie Anti-colique-Décor Paris 270ml","p":8.99,"img":"https://fd11-photos.leclercdrive.fr/image.ashx?id=2845497&use=l&cat=p&typeid=i","cat":290386},{"id":154693,"n":"Patch articulation Puressentiel 14 huiles essentielles - x3","p":8.39,"u":"2,80 €/P","img":"https://fd11-photos.leclercdrive.fr/image.ashx?id=2988520&use=l&cat=p&typeid=i","cat":298633},{"id":154695,"n":"Serviettes Nuit Saugella x12","p":3.69,"u":"0,31 €/P","img":"https://fd11-photos.leclercdrive.fr/image.ashx?id=2087619&use=l&cat=p&typeid=i","cat":301349},{"id":154696,"n":"Argile verte Cattier  Ultra ventilée - 250g","p":3.46,"u":"13,84 €/KG","img":"https://fd11-photos.leclercdrive.fr/image.ashx?id=2829144&use=l&cat=p&typeid=i","cat":291165},{"id":154697,"n":"Shampooing Natessance Ricin - 250ml","p":4.85,"u":"19,40 €/L","img":"https://fd11-photos.leclercdrive.fr/image.ashx?id=2735008&use=l&cat=p&typeid=i","cat":290400},{"id":154698,"n":"Eau micellaire Sensifine AR SVR 400ml","p":6.99,"u":"17,48 €/L","img":"https://fd11-photos.leclercdrive.fr/image.ashx?id=2985243&use=l&cat=p&typeid=i","cat":301587},{"id":154704,"n":"Crème Pieds Xerial 50 SVR 50ml","p":8.95,"u":"179,00 €/L","img":"https://fd11-photos.leclercdrive.fr/image.ashx?id=2969136&use=l&cat=p&typeid=i","cat":290424},{"id":154709,"n":"Crème Douceur Saugella Tube - 30ml","p":4.99,"u":"166,33 €/L","img":"https://fd11-photos.leclercdrive.fr/image.ashx?id=2711017&use=l&cat=p&typeid=i","cat":301348},{"id":154712,"n":"Extrait pépins pamplemousse Nutrisanté - 100ml","p":9.99,"u":"99,90 €/L","img":"https://fd11-photos.leclercdrive.fr/image.ashx?id=2740712&use=l&cat=p&typeid=i","cat":301264},{"id":154713,"n":"Soin Intime Soyeux Hydralin 200ml","p":7.4,"u":"37,00 €/L","img":"https://fd11-photos.leclercdrive.fr/image.ashx?id=2905733&use=l&cat=p&typeid=i","cat":301348},{"id":154714,"n":"Crème lavante La Roche Posay Lipikar - surgras - 400ml","p":11.89,"u":"29,73 €/L","img":"https://fd11-photos.leclercdrive.fr/image.ashx?id=2153963&use=l&cat=p&typeid=i","cat":301591},{"id":154718,"n":"Détranspirant aisselles Etiaxil Roll-on peaux sensibles - 15ml","p":7.48,"u":"498,67 €/L","img":"https://fd11-photos.leclercdrive.fr/image.ashx?id=2189585&use=l&cat=p&typeid=i","cat":301593},{"id":154720,"n":"Déodorant Vichy peaux sensibles Bille - 50ml","p":7.39,"u":"147,80 €/L","img":"https://fd11-photos.leclercdrive.fr/image.ashx?id=2086936&use=l&cat=p&typeid=i","cat":301593},{"id":154721,"n":"Tisane allaitement bio Weleda Goût fruits rouges - 20 sachets","p":3.99,"u":"0,20 €/P","img":"https://fd11-photos.leclercdrive.fr/image.ashx?id=2948006&use=l&cat=p&typeid=i","cat":291159},{"id":154722,"n":"Spray pour plaies Elastoplast 50ml","p":3.57,"u":"71,40 €/L","img":"https://fd11-photos.leclercdrive.fr/image.ashx?id=2613609&use=l&cat=p&typeid=i","cat":290405},{"id":154725,"n":"Bain de bouche Arthrodont  300ml","p":6.35,"u":"21,17 €/L","img":"https://fd11-photos.leclercdrive.fr/image.ashx?id=2373603&use=l&cat=p&typeid=i","cat":290416},{"id":154732,"n":"Gel douche amande Natessance Pêche de vigne - 1L","p":6.99,"u":"6,99 €/L","img":"https://fd11-photos.leclercdrive.fr/image.ashx?id=2522209&use=l&cat=p&typeid=i","cat":301591},{"id":154734,"n":"Comprimés Expert hyalu  Intense Forte - 30 comprimés","p":19.9,"u":"0,66 €/P","img":"https://fd11-photos.leclercdrive.fr/image.ashx?id=2087604&use=l&cat=p&typeid=i","cat":301266},{"id":154735,"n":"Shampooing Sec Klorane Avoine Rotopoudre - 50g","p":8.19,"u":"163,80 €/KG","img":"https://fd11-photos.leclercdrive.fr/image.ashx?id=2377220&use=l&cat=p&typeid=i","cat":290400},{"id":154737,"n":"Gel moussant nettoyant Bioderma Sébium - 200ml","p":7.1,"u":"35,50 €/L","img":"https://fd11-photos.leclercdrive.fr/image.ashx?id=2956415&use=l&cat=p&typeid=i","cat":301587},{"id":154738,"n":"Shampooing Klorane Ortie Bio - 400ml","p":10.49,"u":"26,23 €/L","img":"https://fd11-photos.leclercdrive.fr/image.ashx?id=2796249&use=l&cat=p&typeid=i","cat":290400},{"id":154739,"n":"Gel moussant nettoyant Bioderma Sébium - 500ml","p":10.48,"u":"20,96 €/L","img":"https://fd11-photos.leclercdrive.fr/image.ashx?id=2956406&use=l&cat=p&typeid=i","cat":301587},{"id":154740,"n":"Creme dépilatoire Klorane 150ml","p":9.89,"u":"65,93 €/L","img":"https://fd11-photos.leclercdrive.fr/image.ashx?id=2615690&use=l&cat=p&typeid=i","cat":291160},{"id":154744,"n":"Gommes menthe Puressentiel Respiratoire eucalyptus - 45g","p":3.56,"u":"79,11 €/KG","img":"https://fd11-photos.leclercdrive.fr/image.ashx?id=2087244&use=l&cat=p&typeid=i","cat":301256},{"id":154747,"n":"Test de grossesse Biosynex  Simply 1 pièce","p":0.99,"img":"https://fd11-photos.leclercdrive.fr/image.ashx?id=2285327&use=l&cat=p&typeid=i","cat":291159},{"id":154751,"n":"Pansements Elastoplast Universels - x40","p":3.4,"u":"0,09 €/P","img":"https://fd11-photos.leclercdrive.fr/image.ashx?id=2154569&use=l&cat=p&typeid=i","cat":291163},{"id":154753,"n":"Soin matifiant Avène Cleanance - 40ml","p":11.99,"u":"299,75 €/L","img":"https://fd11-photos.leclercdrive.fr/image.ashx?id=2374177&use=l&cat=p&typeid=i","cat":291166},{"id":154756,"n":"Masque Nutrition Klorane Mangue - 150ml","p":15.59,"u":"103,93 €/L","img":"https://fd11-photos.leclercdrive.fr/image.ashx?id=2373474&use=l&cat=p&typeid=i","cat":290399},{"id":154757,"n":"Mousse à raser Nobacter 150ml","p":7.0,"u":"46,67 €/L","img":"https://fd11-photos.leclercdrive.fr/image.ashx?id=2215176&use=l&cat=p&typeid=i","cat":291167},{"id":154758,"n":"Après-Shampooing Klorane Mangue - 200ml","p":10.29,"u":"51,45 €/L","img":"https://fd11-photos.leclercdrive.fr/image.ashx?id=2857299&use=l&cat=p&typeid=i","cat":290398},{"id":154760,"n":"Eau micellaire La Roche Posay Effaclar - 400ml","p":11.89,"u":"29,73 €/L","img":"https://fd11-photos.leclercdrive.fr/image.ashx?id=2850560&use=l&cat=p&typeid=i","cat":301587},{"id":154761,"n":"Zone infestée Insect Ecran 100ml","p":5.71,"u":"57,10 €/L","img":"https://fd11-photos.leclercdrive.fr/image.ashx?id=2770524&use=l&cat=p&typeid=i","cat":290402},{"id":154764,"n":"Spray sommeil Puressentiel 12 huiles essentielles - 200ml","p":18.4,"u":"92,00 €/L","img":"https://fd11-photos.leclercdrive.fr/image.ashx?id=2988526&use=l&cat=p&typeid=i","cat":298633},{"id":154765,"n":"Créaline H2O AR Bioderma 250ml","p":8.49,"u":"33,96 €/L","img":"https://fd11-photos.leclercdrive.fr/image.ashx?id=2979836&use=l&cat=p&typeid=i","cat":301587},{"id":154766,"n":"Shampooing Natessance Argan Kératine Vegétale - 250ml","p":4.85,"u":"19,40 €/L","img":"https://fd11-photos.leclercdrive.fr/image.ashx?id=2761390&use=l&cat=p&typeid=i","cat":290400},{"id":154773,"n":"Melatonine 1900 flash Forte 30 comprimés","p":7.85,"u":"0,26 €/P","img":"https://fd11-photos.leclercdrive.fr/image.ashx?id=2087595&use=l&cat=p&typeid=i","cat":301265},{"id":154775,"n":"Tetine plate +6 mois Dodie  Col large débit 3 - x2","p":3.99,"u":"2,00 €/P","img":"https://fd11-photos.leclercdrive.fr/image.ashx?id=2845485&use=l&cat=p&typeid=i","cat":290386},{"id":154778,"n":"Eau micellaire Sebiaclear SVR 400ml","p":6.95,"u":"17,38 €/L","img":"https://fd11-photos.leclercdrive.fr/image.ashx?id=2968292&use=l&cat=p&typeid=i","cat":301587},{"id":154786,"n":"Roller stress Puressentiel 12 huiles essentielles - 5ml","p":6.49,"img":"https://fd11-photos.leclercdrive.fr/image.ashx?id=2988532&use=l&cat=p&typeid=i","cat":298633},{"id":154787,"n":"Trousse 1er Secours Gilbert Trousse de 30 produits","p":8.99,"img":"https://fd11-photos.leclercdrive.fr/image.ashx?id=2353758&use=l&cat=p&typeid=i","cat":291163},{"id":154791,"n":"Déodorant homme Vichy Peau sensible bille - 50ml","p":7.39,"u":"147,80 €/L","img":"https://fd11-photos.leclercdrive.fr/image.ashx?id=2352741&use=l&cat=p&typeid=i","cat":301593},{"id":154792,"n":"Déodorant anti-trâce Vichy 50ml","p":7.39,"u":"147,80 €/L","img":"https://fd11-photos.leclercdrive.fr/image.ashx?id=2086948&use=l&cat=p&typeid=i","cat":301593},{"id":154799,"n":"Cys-control Flash Arkopharma 20 gélules","p":8.49,"u":"0,42 €/P","img":"https://fd11-photos.leclercdrive.fr/image.ashx?id=2886109&use=l&cat=p&typeid=i","cat":301268},{"id":154800,"n":"Fruits&Fibres Regular 24 Ortis 24 cubes","p":11.7,"pp":8.19,"u":"0,34 €/P","img":"https://fd11-photos.leclercdrive.fr/image.ashx?id=2787731&use=l&cat=p&typeid=i","cat":301268},{"id":154802,"n":"Soin Lavant Doux Saforelle Flacon Pompe - 1L","p":18.13,"u":"18,13 €/L","img":"https://fd11-photos.leclercdrive.fr/image.ashx?id=2087628&use=l&cat=p&typeid=i","cat":301348},{"id":154805,"n":"Embouts jetables Prorhinel Souples - x20","p":8.51,"u":"0,43 €/P","img":"https://fd11-photos.leclercdrive.fr/image.ashx?id=2531928&use=l&cat=p&typeid=i","cat":290385},{"id":154806,"n":"Coussinet nuit Dodie Allaitement - x30","p":6.54,"u":"0,22 €/P","img":"https://fd11-photos.leclercdrive.fr/image.ashx?id=2842084&use=l&cat=p&typeid=i","cat":291159},{"id":154808,"n":"Supradyn Magnesia Bayer 30 comprimés effervescents","p":10.8,"u":"0,36 €/P","img":"https://fd11-photos.leclercdrive.fr/image.ashx?id=2087232&use=l&cat=p&typeid=i","cat":301264},{"id":154810,"n":"Crème Bepanthen Sensicalm 50g","p":11.39,"u":"227,80 €/KG","img":"https://fd11-photos.leclercdrive.fr/image.ashx?id=2087074&use=l&cat=p&typeid=i","cat":290405},{"id":154811,"n":"Gel articulation Puressentiel 14 huiles essentielles - 60ml","p":7.9,"u":"131,67 €/L","img":"https://fd11-photos.leclercdrive.fr/image.ashx?id=2538758&use=l&cat=p&typeid=i","cat":298633},{"id":154814,"n":"Shampooing Klorane Mangue - 400ml","p":10.49,"u":"26,23 €/L","img":"https://fd11-photos.leclercdrive.fr/image.ashx?id=2968235&use=l&cat=p&typeid=i","cat":290400},{"id":154815,"n":"Shampooing Klorane Cupuacu Bio - 400ml","p":10.49,"u":"26,23 €/L","img":"https://fd11-photos.leclercdrive.fr/image.ashx?id=2811821&use=l&cat=p&typeid=i","cat":290400},{"id":154816,"n":"Crème Pieds secs Cicabiafine 100ml","p":5.58,"u":"55,80 €/L","img":"https://fd11-photos.leclercdrive.fr/image.ashx?id=2993430&use=l&cat=p&typeid=i","cat":290424},{"id":154827,"n":"Gel lavant bébé bio Jonzac 1L","p":10.98,"u":"10,98 €/L","img":"https://fd11-photos.leclercdrive.fr/image.ashx?id=2912269&use=l&cat=p&typeid=i","cat":290425},{"id":154828,"n":"Gel gingival 1ere dent Elgydium 15ml","p":4.99,"u":"332,67 €/L","img":"https://fd11-photos.leclercdrive.fr/image.ashx?id=2373594&use=l&cat=p&typeid=i","cat":290385},{"id":154840,"n":"Pastilles miel-citron Activox 24 pastilles","p":3.89,"u":"0,16 €/P","img":"https://fd11-photos.leclercdrive.fr/image.ashx?id=2349224&use=l&cat=p&typeid=i","cat":301256},{"id":154842,"n":"Coussinet jour Dodie Allaitement - X30","p":10.44,"u":"0,35 €/P","img":"https://fd11-photos.leclercdrive.fr/image.ashx?id=2842090&use=l&cat=p&typeid=i","cat":291159},{"id":154849,"n":"Spray Famille Insect Ecran 200ml","p":9.99,"u":"49,95 €/L","img":"https://fd11-photos.leclercdrive.fr/image.ashx?id=2316694&use=l&cat=p&typeid=i","cat":290402},{"id":154852,"n":"Baume crevasses Cicabiafine 50ml","p":6.39,"u":"127,80 €/L","img":"https://fd11-photos.leclercdrive.fr/image.ashx?id=2993415&use=l&cat=p&typeid=i","cat":290424},{"id":154853,"n":"Comprimés nettoyants Polident Boîte - 72 comprimés","p":7.98,"img":"https://fd11-photos.leclercdrive.fr/image.ashx?id=2536954&use=l&cat=p&typeid=i","cat":301595},{"id":154863,"n":"Crème mains La Roche Posay Cicaplast - 50ml","p":6.49,"u":"129,80 €/L","img":"https://fd11-photos.leclercdrive.fr/image.ashx?id=2093993&use=l&cat=p&typeid=i","cat":290424},{"id":154864,"n":"Tétine plate 0-6 mois Dodie  Col large débit 2 - x2","p":4.66,"u":"2,33 €/P","img":"https://fd11-photos.leclercdrive.fr/image.ashx?id=2845482&use=l&cat=p&typeid=i","cat":290386},{"id":154865,"n":"Acerola à croquer Forte Pharma Goût fruits rouges-60 comprimés","p":8.49,"u":"0,14 €/P","img":"https://fd11-photos.leclercdrive.fr/image.ashx?id=2743436&use=l&cat=p&typeid=i","cat":301264},{"id":154870,"n":"Protection oreilles cire Quies Cire naturelle - 12 paires","p":4.79,"u":"0,40 €/P","img":"https://fd11-photos.leclercdrive.fr/image.ashx?id=2159499&use=l&cat=p&typeid=i","cat":301256},{"id":154871,"n":"Sachets de conservation Dodie x20","p":18.28,"img":"https://fd11-photos.leclercdrive.fr/image.ashx?id=2842087&use=l&cat=p&typeid=i","cat":290386},{"id":154873,"n":"Acerola bio à croquer Naturland Goût fruits rouges-30 comprimés","p":12.99,"u":"0,43 €/P","img":"https://fd11-photos.leclercdrive.fr/image.ashx?id=2516926&use=l&cat=p&typeid=i","cat":301264},{"id":154878,"n":"Lotion famille Cinq/Cinq 100ml","p":7.0,"u":"70,00 €/L","img":"https://fd11-photos.leclercdrive.fr/image.ashx?id=2087202&use=l&cat=p&typeid=i","cat":290402},{"id":154884,"n":"Liniment bébé bio Jonzac 1L","p":12.99,"u":"12,99 €/L","img":"https://fd11-photos.leclercdrive.fr/image.ashx?id=2912272&use=l&cat=p&typeid=i","cat":290387},{"id":154885,"n":"Spray hygiene oreilles Stérimar 50ml","p":6.49,"u":"129,80 €/L","img":"https://fd11-photos.leclercdrive.fr/image.ashx?id=2890655&use=l&cat=p&typeid=i","cat":301256},{"id":154894,"n":"Sucette mixte 0-6 mois Dodie Silicone - x2","p":5.28,"u":"2,64 €/P","img":"https://fd11-photos.leclercdrive.fr/image.ashx?id=2846069&use=l&cat=p&typeid=i","cat":290430},{"id":154895,"n":"Tétine plate 0-6 mois Dodie  Col large débit 1 - x2","p":8.8,"img":"https://fd11-photos.leclercdrive.fr/image.ashx?id=2845479&use=l&cat=p&typeid=i","cat":290386},{"id":154896,"n":"Lingette bébé Klorane Nettoyantes douces - 3x70","p":9.89,"u":"0,05 €/P","img":"https://fd11-photos.leclercdrive.fr/image.ashx?id=2086873&use=l&cat=p&typeid=i","cat":290387},{"id":154903,"n":"Spray isotoniq Marimer 100ml","p":2.78,"u":"27,80 €/L","img":"https://fd11-photos.leclercdrive.fr/image.ashx?id=2524997&use=l&cat=p&typeid=i","cat":301256},{"id":154904,"n":"Crème Apaisante Saforelle Tube - 100ml","p":9.99,"u":"99,90 €/L","img":"https://fd11-photos.leclercdrive.fr/image.ashx?id=2583617&use=l&cat=p&typeid=i","cat":328622},{"id":154908,"n":"Shampooing Dercos Cheveux gras  Anti-pellicullaire - 200ml","p":8.48,"u":"42,40 €/L","img":"https://fd11-photos.leclercdrive.fr/image.ashx?id=2555511&use=l&cat=p&typeid=i","cat":290400},{"id":154912,"n":"Crème pieds Xerial 30 SVR 50ml","p":6.44,"u":"128,80 €/L","img":"https://fd11-photos.leclercdrive.fr/image.ashx?id=2971619&use=l&cat=p&typeid=i","cat":290424},{"id":154913,"n":"Sucettes Dodie +6m nuit A36 - x2","p":5.28,"u":"2,64 €/P","img":"https://fd11-photos.leclercdrive.fr/image.ashx?id=2846072&use=l&cat=p&typeid=i","cat":290430},{"id":154915,"n":"Forte nuit 8h Forte Pharma 30 comprimés","p":12.48,"u":"0,42 €/P","img":"https://fd11-photos.leclercdrive.fr/image.ashx?id=2087607&use=l&cat=p&typeid=i","cat":301265},{"id":154926,"n":"Baume du Tigre Blanc 30g","p":10.99,"u":"366,33 €/KG","img":"https://fd11-photos.leclercdrive.fr/image.ashx?id=2488800&use=l&cat=p&typeid=i","cat":290421},{"id":154929,"n":"Eau florale bleuet Haut Segala 250ml","p":7.99,"u":"31,96 €/L","img":"https://fd11-photos.leclercdrive.fr/image.ashx?id=2087466&use=l&cat=p&typeid=i","cat":301587},{"id":154934,"n":"Spray anti-pique  Puressentiel   200ml","p":17.99,"u":"89,95 €/L","img":"https://fd11-photos.leclercdrive.fr/image.ashx?id=2988523&use=l&cat=p&typeid=i","cat":290402},{"id":154937,"n":"Crème mamelon Lansinoh 40ml","p":14.89,"u":"372,25 €/L","img":"https://fd11-photos.leclercdrive.fr/image.ashx?id=2088387&use=l&cat=p&typeid=i","cat":291159},{"id":154945,"n":"Spray nasal Puressentiel Décongestionnant - 15ml","p":5.9,"u":"393,33 €/L","img":"https://fd11-photos.leclercdrive.fr/image.ashx?id=2988620&use=l&cat=p&typeid=i","cat":301256},{"id":154946,"n":"Shampooing Anti Chute Dercos 400ml","p":14.66,"u":"36,65 €/L","img":"https://fd11-photos.leclercdrive.fr/image.ashx?id=2938731&use=l&cat=p&typeid=i","cat":290400},{"id":154950,"n":"Anaca3+ minceur 12-en-1 120 gélules","p":33.99,"u":"0,28 €/P","img":"https://fd11-photos.leclercdrive.fr/image.ashx?id=2482417&use=l&cat=p&typeid=i","cat":301267},{"id":154951,"n":"Spray gorge Puressentiel  15ml","p":5.19,"u":"346,00 €/L","img":"https://fd11-photos.leclercdrive.fr/image.ashx?id=2561032&use=l&cat=p&typeid=i","cat":301256},{"id":154955,"n":"Test ovulation Suretest Boite de 10","p":18.2,"u":"1,82 €/P","img":"https://fd11-photos.leclercdrive.fr/image.ashx?id=2087080&use=l&cat=p&typeid=i","cat":291159},{"id":154958,"n":"Bouts de sein Dodie Taille standard - x2","p":7.45,"img":"https://fd11-photos.leclercdrive.fr/image.ashx?id=2842789&use=l&cat=p&typeid=i","cat":291159},{"id":154961,"n":"Dentifrice Parodontax Menthe - 75ml","p":4.3,"u":"57,33 €/L","img":"https://fd11-photos.leclercdrive.fr/image.ashx?id=2536975&use=l&cat=p&typeid=i","cat":290419},{"id":154963,"n":"Tétine plate +18 mois Dodie  Col large débit rapide - x2","p":8.64,"u":"4,32 €/P","img":"https://fd11-photos.leclercdrive.fr/image.ashx?id=2845491&use=l&cat=p&typeid=i","cat":290386},{"id":154965,"n":"Crème lavante La Roche Posay Surgras Lipikar - 750ml","p":15.49,"u":"20,65 €/L","img":"https://fd11-photos.leclercdrive.fr/image.ashx?id=2094005&use=l&cat=p&typeid=i","cat":290425},{"id":154969,"n":"Actipoche grand modèle  20x30cm","p":11.5,"img":"https://fd11-photos.leclercdrive.fr/image.ashx?id=2087169&use=l&cat=p&typeid=i","cat":291163},{"id":154970,"n":"Actipoche modèle moyen 11x27cm","p":7.0,"img":"https://fd11-photos.leclercdrive.fr/image.ashx?id=2087166&use=l&cat=p&typeid=i","cat":291163},{"id":154971,"n":"Solution nasale bébé Stérimar 100ml","p":4.99,"u":"49,90 €/L","img":"https://fd11-photos.leclercdrive.fr/image.ashx?id=2697021&use=l&cat=p&typeid=i","cat":290385},{"id":154981,"n":"Magne 300 marin Forte Pharma 56 comprimés","p":6.99,"u":"0,12 €/P","img":"https://fd11-photos.leclercdrive.fr/image.ashx?id=2742201&use=l&cat=p&typeid=i","cat":301264},{"id":154983,"n":"Brulactiv fort Forte Pharma Perte de poids - 60 gélules","p":33.99,"u":"0,57 €/P","img":"https://fd11-photos.leclercdrive.fr/image.ashx?id=2087568&use=l&cat=p&typeid=i","cat":301267},{"id":154985,"n":"Crème hydratante riche Vichy Aqualia Thermal - 50ml","p":18.89,"u":"377,80 €/L","img":"https://fd11-photos.leclercdrive.fr/image.ashx?id=2126199&use=l&cat=p&typeid=i","cat":291171},{"id":154986,"n":"Crème hydratante Vichy Aqualia légère - 50ml","p":18.89,"u":"377,80 €/L","img":"https://fd11-photos.leclercdrive.fr/image.ashx?id=2094008&use=l&cat=p&typeid=i","cat":291171},{"id":154987,"n":"Ampoules Gelée royale Forte Bio - 2000mg - x20","p":12.99,"u":"0,65 €/P","img":"https://fd11-photos.leclercdrive.fr/image.ashx?id=2351870&use=l&cat=p&typeid=i","cat":301264},{"id":155123,"n":"Biscuits fourrés  BN Fraises - 285g","p":1.32,"u":"4,63 €/KG","img":"https://fd11-photos.leclercdrive.fr/image.ashx?id=2878804&use=l&cat=p&typeid=i","cat":284489},{"id":155134,"n":"Knacki original Herta x4 - 140g","p":1.35,"u":"9,64 €/KG","img":"https://fd11-photos.leclercdrive.fr/image.ashx?id=2289840&use=l&cat=p&typeid=i","cat":316012},{"id":155137,"n":"Thalamag equilibre intérieur 30 comprimés","p":6.98,"u":"0,23 €/P","img":"https://fd11-photos.leclercdrive.fr/image.ashx?id=2567092&use=l&cat=p&typeid=i","cat":301264},{"id":155140,"n":"Gestarelle G3+ 90 comprimés","p":22.51,"u":"0,25 €/P","img":"https://fd11-photos.leclercdrive.fr/image.ashx?id=2522929&use=l&cat=p&typeid=i","cat":301268},{"id":155142,"n":"Lait 1er âge Biostime Infantile bio - 800g","p":21.99,"u":"27,49 €/KG","img":"https://fd11-photos.leclercdrive.fr/image.ashx?id=2096272&use=l&cat=p&typeid=i","cat":300523},{"id":155143,"n":"Stick lèvres Neutrogena 4,8g","p":3.5,"u":"875,00 €/KG","img":"https://fd11-photos.leclercdrive.fr/image.ashx?id=2941736&use=l&cat=p&typeid=i","cat":291172},{"id":155244,"n":"Mini cônes Extrême  Vanille  - 8x39g","p":4.49,"u":"14,39 €/KG","img":"https://fd11-photos.leclercdrive.fr/image.ashx?id=2737741&use=l&cat=p&typeid=i","cat":284264},{"id":155295,"n":"Préparation Cookies alsa Pépites de Chocolat - 240g","p":2.19,"u":"9,13 €/KG","img":"https://fd11-photos.leclercdrive.fr/image.ashx?id=2996446&use=l&cat=p&typeid=i","cat":284505},{"id":155301,"n":"Biscuit BN chocolat 285g","p":1.32,"u":"4,63 €/KG","img":"https://fd11-photos.leclercdrive.fr/image.ashx?id=2810705&use=l&cat=p&typeid=i","cat":284488},{"id":155302,"n":"Biscuits BN casse croute 400g","p":1.38,"u":"3,45 €/KG","img":"https://fd11-photos.leclercdrive.fr/image.ashx?id=2503900&use=l&cat=p&typeid=i","cat":284491},{"id":155303,"n":"Briochettes Pasquier x12 - 480g","p":2.27,"u":"4,73 €/KG","img":"https://fd11-photos.leclercdrive.fr/image.ashx?id=2417857&use=l&cat=p&typeid=i","cat":284478},{"id":155411,"n":"Chewing-gum Mentos Pure Fresh  Cerise sans sucres - 100g","p":3.22,"u":"32,20 €/KG","img":"https://fd11-photos.leclercdrive.fr/image.ashx?id=2659807&use=l&cat=p&typeid=i","cat":304251},{"id":155432,"n":"Moulin à poivre Ogo Pro Bois naturel - 23 cm - x1","p":15.95,"img":"https://fd11-photos.leclercdrive.fr/image.ashx?id=2116506&use=l&cat=p&typeid=i","cat":334135},{"id":155437,"n":"Tête franges la Véritable Elephant - x1","p":5.67,"img":"https://fd11-photos.leclercdrive.fr/image.ashx?id=2571494&use=l&cat=p&typeid=i","cat":284669},{"id":155439,"n":"Seau Serpillère France Elephant x1","p":7.93,"img":"https://fd11-photos.leclercdrive.fr/image.ashx?id=2575543&use=l&cat=p&typeid=i","cat":284669},{"id":155440,"n":"Essoreur design France Elephant - x1","p":3.62,"img":"https://fd11-photos.leclercdrive.fr/image.ashx?id=2570421&use=l&cat=p&typeid=i","cat":284669},{"id":155466,"n":"Séchoir à poser 61x183x109H Homeside - x1","p":39.9,"u":"Dont 0,31 € d'éco-part.","img":"https://fd11-photos.leclercdrive.fr/image.ashx?id=2118045&use=l&cat=p&typeid=i","cat":335909},{"id":155472,"n":"Chopes à bière 2 x 55cl","p":4.58,"u":"2,29 €/P","img":"https://fd11-photos.leclercdrive.fr/image.ashx?id=2118138&use=l&cat=p&typeid=i","cat":334134},{"id":155474,"n":"Flûtes Elegance 3 x 18cl","p":5.3,"img":"https://fd11-photos.leclercdrive.fr/image.ashx?id=2118141&use=l&cat=p&typeid=i","cat":334134},{"id":155475,"n":"Pince Barbecue Silicone x1","p":2.99,"img":"https://fd11-photos.leclercdrive.fr/image.ashx?id=2118084&use=l&cat=p&typeid=i","cat":334135},{"id":155546,"n":"Assiettes dessert 17cm Blanc sans film PE - x50","p":2.69,"u":"0,05 €/P","img":"https://fd11-photos.leclercdrive.fr/image.ashx?id=2096688&use=l&cat=p&typeid=i","cat":334134},{"id":155549,"n":"Glace Bâtonnet MAGNUM Double Gold Caramel 4x85ml","p":2.93,"u":"10,32 €/KG","img":"https://fd11-photos.leclercdrive.fr/image.ashx?id=2770620&use=l&cat=p&typeid=i","cat":284265},{"id":155551,"n":"Mini bâtonnet Magnum  Double gold caramel x6 - 282g","p":4.5,"u":"15,96 €/KG","img":"https://fd11-photos.leclercdrive.fr/image.ashx?id=2769239&use=l&cat=p&typeid=i","cat":284265},{"id":155704,"n":"Dessert - P'tit Brassé Nestlé Pomme Ananas Bio - 6 mois 4x90g","p":2.59,"u":"7,19 €/KG","img":"https://fd11-photos.leclercdrive.fr/image.ashx?id=2102929&use=l&cat=p&typeid=i","cat":312392},{"id":155714,"n":"Déboucheur Gel Destop  Spécial Cheveux - 1L","p":2.64,"u":"2,64 €/L","img":"https://fd11-photos.leclercdrive.fr/image.ashx?id=2625388&use=l&cat=p&typeid=i","cat":284908},{"id":155717,"n":"Sauce apéritif  Doritos Goût salsa douce -280g","p":2.35,"u":"8,39 €/KG","img":"https://fd11-photos.leclercdrive.fr/image.ashx?id=3014476&use=l&cat=p&typeid=i","cat":284451},{"id":155776,"n":"Shampoing Le Petit Marseillais  Calendula & coco - 250ml","p":2.12,"u":"8,48 €/L","img":"https://fd11-photos.leclercdrive.fr/image.ashx?id=2684173&use=l&cat=p&typeid=i","cat":284606},{"id":155792,"n":"Compote bébé Blédina 4-6 mois Pomme coing - 4x130g","p":2.7,"u":"5,19 €/KG","img":"https://fd11-photos.leclercdrive.fr/image.ashx?id=2911205&use=l&cat=p&typeid=i","cat":312387},{"id":155793,"n":"Compote bébé Blédina 4-6 mois Pomme pruneau - 4x130g","p":2.57,"u":"4,94 €/KG","img":"https://fd11-photos.leclercdrive.fr/image.ashx?id=2911202&use=l&cat=p&typeid=i","cat":312387},{"id":155795,"n":"Soda Coca-Cola - SANS SUCRES Canette - 6x33cl","p":3.34,"u":"1,69 €/L","img":"https://fd11-photos.leclercdrive.fr/image.ashx?id=2736805&use=l&cat=p&typeid=i","cat":284530},{"id":155816,"n":"Compote avec morceaux Andros Framboise - 4x100g","p":2.64,"u":"6,60 €/KG","img":"https://fd11-photos.leclercdrive.fr/image.ashx?id=2908201&use=l&cat=p&typeid=i","cat":284416},{"id":155820,"n":"Salade Batavia verte 1p","p":0.99,"img":"https://fd11-photos.leclercdrive.fr/image.ashx?id=1633577&use=l&cat=p&typeid=i","cat":284352},{"id":155828,"n":"Chou rouge 1p","p":2.29,"img":"https://fd11-photos.leclercdrive.fr/image.ashx?id=560850&use=l&cat=p&typeid=i","cat":284352},{"id":155829,"n":"Salade laitue verte 1p","p":0.99,"img":"https://fd11-photos.leclercdrive.fr/image.ashx?id=1633040&use=l&cat=p&typeid=i","cat":284352},{"id":155833,"n":"Feuille de chêne rouge 1p","p":1.39,"img":"https://fd11-photos.leclercdrive.fr/image.ashx?id=1633670&use=l&cat=p&typeid=i","cat":284352},{"id":155835,"n":"Salade frisée 1p","p":2.49,"img":"https://fd11-photos.leclercdrive.fr/image.ashx?id=1631221&use=l&cat=p&typeid=i","cat":284352},{"id":155900,"n":"Boisson aux Fruits Jafun Tropical - 10x20cl","p":3.2,"u":"1,60 €/L","img":"https://fd11-photos.leclercdrive.fr/image.ashx?id=2992567&use=l&cat=p&typeid=i","cat":295018},{"id":155901,"n":"Ménagère 24 pièces gris Collection Barbara","p":19.9,"u":"0,83 €/P","img":"https://fd11-photos.leclercdrive.fr/image.ashx?id=2118060&use=l&cat=p&typeid=i","cat":334134},{"id":155904,"n":"Cure-dents Homeside x120","p":0.4,"img":"https://fd11-photos.leclercdrive.fr/image.ashx?id=2118069&use=l&cat=p&typeid=i","cat":334135},{"id":155907,"n":"Spatule pâtisserie Manche en bois - x1","p":2.5,"img":"https://fd11-photos.leclercdrive.fr/image.ashx?id=2118063&use=l&cat=p&typeid=i","cat":334135},{"id":155908,"n":"Passoire sur pied x1","p":4.5,"img":"https://fd11-photos.leclercdrive.fr/image.ashx?id=2118105&use=l&cat=p&typeid=i","cat":334135},{"id":155909,"n":"Bac à glaçons souple x1","p":2.5,"img":"https://fd11-photos.leclercdrive.fr/image.ashx?id=2118072&use=l&cat=p&typeid=i","cat":334135},{"id":155910,"n":"Casse noix zamac x1","p":4.79,"img":"https://fd11-photos.leclercdrive.fr/image.ashx?id=2118090&use=l&cat=p&typeid=i","cat":334135},{"id":155911,"n":"Boite à pain grand modèle 24 cm x 37 cm x H 14 cm x1","p":16.2,"img":"https://fd11-photos.leclercdrive.fr/image.ashx?id=2112710&use=l&cat=p&typeid=i","cat":334135},{"id":155912,"n":"Ficelle sur carte dévidoir 60m - x1","p":2.0,"img":"https://fd11-photos.leclercdrive.fr/image.ashx?id=2118093&use=l&cat=p&typeid=i","cat":334135},{"id":155913,"n":"Brochette 15cm x75","p":0.67,"img":"https://fd11-photos.leclercdrive.fr/image.ashx?id=2118066&use=l&cat=p&typeid=i","cat":334135},{"id":155914,"n":"Spatule trendy x1","p":3.9,"img":"https://fd11-photos.leclercdrive.fr/image.ashx?id=2118102&use=l&cat=p&typeid=i","cat":334135},{"id":155916,"n":"Eplucheur trendy x1","p":3.5,"img":"https://fd11-photos.leclercdrive.fr/image.ashx?id=2118099&use=l&cat=p&typeid=i","cat":334135},{"id":155917,"n":"Bol pâtissier inox x1","p":6.9,"img":"https://fd11-photos.leclercdrive.fr/image.ashx?id=2118078&use=l&cat=p&typeid=i","cat":334135},{"id":155918,"n":"Rouleau avec poignées articulées - bois - x1","p":2.49,"img":"https://fd11-photos.leclercdrive.fr/image.ashx?id=2118081&use=l&cat=p&typeid=i","cat":334135},{"id":155921,"n":"Faitout 24cm x1","p":20.0,"pp":10.0,"img":"https://fd11-photos.leclercdrive.fr/image.ashx?id=2118129&use=l&cat=p&typeid=i","cat":298490},{"id":155923,"n":"Gourde double paroi inox 500ml","p":7.9,"img":"https://fd11-photos.leclercdrive.fr/image.ashx?id=2118144&use=l&cat=p&typeid=i","cat":284710},{"id":155941,"n":"Gourde acier inox bouteille Isotherme - 500ml","p":15.58,"img":"https://fd11-photos.leclercdrive.fr/image.ashx?id=2114755&use=l&cat=p&typeid=i","cat":284710},{"id":155949,"n":"Mini tour A4 3 tiroirs","p":12.9,"img":"https://fd11-photos.leclercdrive.fr/image.ashx?id=2118111&use=l&cat=p&typeid=i","cat":284745},{"id":155951,"n":"Recharge 2en1 Vileda Brosserie serpillère Turbo  x1","p":5.82,"img":"https://fd11-photos.leclercdrive.fr/image.ashx?id=2672515&use=l&cat=p&typeid=i","cat":284669},{"id":155964,"n":"Theière en fonte Osaka noire 1L20","p":18.57,"img":"https://fd11-photos.leclercdrive.fr/image.ashx?id=2274700&use=l&cat=p&typeid=i","cat":334134},{"id":155965,"n":"Tasse en verre 33cl","p":2.0,"img":"https://fd11-photos.leclercdrive.fr/image.ashx?id=2118036&use=l&cat=p&typeid=i","cat":334134},{"id":155966,"n":"Poubelle à pédale Noire - 44L","p":18.99,"img":"https://fd11-photos.leclercdrive.fr/image.ashx?id=2118030&use=l&cat=p&typeid=i","cat":335909},{"id":155967,"n":"Poubelle à pédale Noire - 24L","p":13.49,"img":"https://fd11-photos.leclercdrive.fr/image.ashx?id=2118027&use=l&cat=p&typeid=i","cat":335909},{"id":155971,"n":"Autocuiseur 8L x1","p":69.9,"img":"https://fd11-photos.leclercdrive.fr/image.ashx?id=2132217&use=l&cat=p&typeid=i","cat":298490},{"id":155975,"n":"Moule 6 muffins x1","p":5.9,"img":"https://fd11-photos.leclercdrive.fr/image.ashx?id=2118057&use=l&cat=p&typeid=i","cat":298490},{"id":155983,"n":"Manique de cuisine cotin Couleur aléatoire - x1","p":1.47,"img":"https://fd11-photos.leclercdrive.fr/image.ashx?id=2118087&use=l&cat=p&typeid=i","cat":334135},{"id":155984,"n":"Autocuiseur 4,5L x1","p":59.9,"img":"https://fd11-photos.leclercdrive.fr/image.ashx?id=2118033&use=l&cat=p&typeid=i","cat":298490},{"id":155986,"n":"Moule à tarte Pyrex 31cm Bake and enjoy x1","p":10.58,"img":"https://fd11-photos.leclercdrive.fr/image.ashx?id=2658045&use=l&cat=p&typeid=i","cat":298490},{"id":155992,"n":"Moule 12 madeleines aluminium 35cmx27cm","p":5.5,"img":"https://fd11-photos.leclercdrive.fr/image.ashx?id=2833038&use=l&cat=p&typeid=i","cat":298490},{"id":155993,"n":"Terrines 100mm FA Wiss 750g x6","p":15.03,"img":"https://fd11-photos.leclercdrive.fr/image.ashx?id=2807483&use=l&cat=p&typeid=i","cat":284710},{"id":155996,"n":"Bouchons collerette Homeside - x1","p":1.9,"img":"https://fd11-photos.leclercdrive.fr/image.ashx?id=2118075&use=l&cat=p&typeid=i","cat":334135},{"id":156005,"n":"Verres à pied Elegance 3 x 22cl","p":5.3,"img":"https://fd11-photos.leclercdrive.fr/image.ashx?id=2132226&use=l&cat=p&typeid=i","cat":334134},{"id":156022,"n":"Soda Coca Cola Cherry Canette 6x33cl","p":4.25,"u":"2,15 €/L","img":"https://fd11-photos.leclercdrive.fr/image.ashx?id=2997226&use=l&cat=p&typeid=i","cat":284530},{"id":156067,"n":"Soda Coca-Cola Canette - 6x33cl","p":4.17,"u":"2,11 €/L","img":"https://fd11-photos.leclercdrive.fr/image.ashx?id=2997229&use=l&cat=p&typeid=i","cat":284530},{"id":156135,"n":"Soda Coca-Cola canettes 12x33cl","p":8.31,"u":"2,10 €/L","img":"https://fd11-photos.leclercdrive.fr/image.ashx?id=2192940&use=l&cat=p&typeid=i","cat":284530},{"id":156145,"n":"Thé glacé Fuze tea Saveur pêche - 1,75L","p":1.9,"u":"1,09 €/L","img":"https://fd11-photos.leclercdrive.fr/image.ashx?id=2944395&use=l&cat=p&typeid=i","cat":295019},{"id":156156,"n":"Fromage enfant Kiri crème 8 portions à tartiner - 144g","p":2.07,"u":"0,26 €/P","img":"https://fd11-photos.leclercdrive.fr/image.ashx?id=2973562&use=l&cat=p&typeid=i","cat":314030},{"id":156175,"n":"Doomino St Michel Chocolat - x6","p":1.78,"u":"9,89 €/KG","img":"https://fd11-photos.leclercdrive.fr/image.ashx?id=2949979&use=l&cat=p&typeid=i","cat":284495},{"id":156188,"n":"Préparation Flan Pâtissier alsa Vanille - 740g","p":2.7,"u":"3,65 €/KG","img":"https://fd11-photos.leclercdrive.fr/image.ashx?id=2790591&use=l&cat=p&typeid=i","cat":284505},{"id":156198,"n":"Bière blonde Tripel Karmeliet 8,4% - 6x33cl","p":12.27,"u":"6,20 €/L","img":"https://fd11-photos.leclercdrive.fr/image.ashx?id=2675586&use=l&cat=p&typeid=i","cat":334872},{"id":156223,"n":"Croquette Truite One Sterilcat Indoor formula","p":13.67,"u":"4,56 €/KG","img":"https://fd11-photos.leclercdrive.fr/image.ashx?id=2488076&use=l&cat=p&typeid=i","cat":284680},{"id":156343,"n":"Abondance AOP NRT L'Atelier Fromagerie - 150g","p":3.2,"u":"21,33 €/KG","img":"https://fd11-photos.leclercdrive.fr/image.ashx?id=2123907&use=l&cat=p&typeid=i","cat":314036},{"id":156344,"n":"Fromage Beaufort AOP L'Atelier Fromagerie - 150g","p":4.49,"u":"29,93 €/KG","img":"https://fd11-photos.leclercdrive.fr/image.ashx?id=2120472&use=l&cat=p&typeid=i","cat":327294},{"id":156345,"n":"Fromage Bleu de Laqueuille L'Atelier Fromagerie - 150g","p":2.4,"u":"16,00 €/KG","img":"https://fd11-photos.leclercdrive.fr/image.ashx?id=2130002&use=l&cat=p&typeid=i","cat":327294},{"id":156346,"n":"Pointe Brie de Meaux AOP L'Atelier Fromagerie - 200g","p":3.19,"u":"15,95 €/KG","img":"https://fd11-photos.leclercdrive.fr/image.ashx?id=2123910&use=l&cat=p&typeid=i","cat":314036},{"id":156347,"n":"Pointe de Melun AOP L'Atelier Fromagerie - 185g","p":4.25,"u":"22,97 €/KG","img":"https://fd11-photos.leclercdrive.fr/image.ashx?id=2124128&use=l&cat=p&typeid=i","cat":314036},{"id":156348,"n":"Cantal Entre deux AOP NRT L'Atelier Fromagerie - 200g","p":3.5,"u":"17,50 €/KG","img":"https://fd11-photos.leclercdrive.fr/image.ashx?id=2398788&use=l&cat=p&typeid=i","cat":327294},{"id":156350,"n":"Comté 18 mois AOP L'Atelier Fromagerie - 200g","p":5.3,"u":"26,50 €/KG","img":"https://fd11-photos.leclercdrive.fr/image.ashx?id=2130005&use=l&cat=p&typeid=i","cat":327294},{"id":156351,"n":"Coulommiers 3/4 affiné L'Atelier Fromagerie - 250g","p":3.95,"u":"15,80 €/KG","img":"https://fd11-photos.leclercdrive.fr/image.ashx?id=2546156&use=l&cat=p&typeid=i","cat":314036},{"id":156352,"n":"Gruyère français IGP L'Atelier Fromagerie - 150g","p":2.59,"u":"17,27 €/KG","img":"https://fd11-photos.leclercdrive.fr/image.ashx?id=2123919&use=l&cat=p&typeid=i","cat":327294},{"id":156353,"n":"Rocamadour fermier AOP L'Atelier Fromagerie - 2x35g","p":2.5,"u":"35,71 €/KG","img":"https://fd11-photos.leclercdrive.fr/image.ashx?id=2697471&use=l&cat=p&typeid=i","cat":314036},{"id":156354,"n":"Saint Nectaire laitier AOP L'Atelier Fromagerie - 300g","p":4.7,"u":"15,67 €/KG","img":"https://fd11-photos.leclercdrive.fr/image.ashx?id=2115917&use=l&cat=p&typeid=i","cat":329184},{"id":156355,"n":"Grana padano 20 mois AOP L'Atelier Fromagerie - 180g","p":3.99,"u":"22,17 €/KG","img":"https://fd11-photos.leclercdrive.fr/image.ashx?id=2817178&use=l&cat=p&typeid=i","cat":314036},{"id":156359,"n":"Crottin de chèvre Rians 3+1 offert - 240g","p":3.91,"u":"16,29 €/KG","img":"https://fd11-photos.leclercdrive.fr/image.ashx?id=2557951&use=l&cat=p&typeid=i","cat":314031},{"id":156397,"n":"Glaces Ferrero Rocher x4 chocolat lait noisettes - 200g","p":3.41,"img":"https://fd11-photos.leclercdrive.fr/image.ashx?id=2759065&use=l&cat=p&typeid=i","cat":284265},{"id":156403,"n":"Coulis de framboise Douceur du Verger - 300g","p":5.67,"u":"18,90 €/KG","img":"https://fd11-photos.leclercdrive.fr/image.ashx?id=2116185&use=l&cat=p&typeid=i","cat":284268},{"id":156412,"n":"Glaces Nui Caramel White chocolate & Texan pecan x4 264g","p":4.4,"u":"16,67 €/KG","img":"https://fd11-photos.leclercdrive.fr/image.ashx?id=2519900&use=l&cat=p&typeid=i","cat":284265},{"id":156415,"n":"Bâtonnet Raffaello  Noix de coco amandes x4 - 188g","p":3.57,"u":"18,99 €/KG","img":"https://fd11-photos.leclercdrive.fr/image.ashx?id=2863890&use=l&cat=p&typeid=i","cat":284265},{"id":156476,"n":"Fromage Feta Grecque Islos AOP - 150g","p":2.76,"u":"18,40 €/KG","img":"https://fd11-photos.leclercdrive.fr/image.ashx?id=2892625&use=l&cat=p&typeid=i","cat":314026},{"id":156493,"n":"Petit pot bébé Blédina 6 mois  Légumes bœuf - 2x200g","p":2.12,"u":"5,30 €/KG","img":"https://fd11-photos.leclercdrive.fr/image.ashx?id=2968091&use=l&cat=p&typeid=i","cat":312236},{"id":156494,"n":"Petit pot bébé Blédina 6 mois Riz légumes saumon - 2x200g","p":2.31,"u":"5,78 €/KG","img":"https://fd11-photos.leclercdrive.fr/image.ashx?id=2911214&use=l&cat=p&typeid=i","cat":312236},{"id":156495,"n":"Petit pot bébé Blédina 6 mois Légumes lieu - 2x200g","p":1.78,"u":"4,45 €/KG","img":"https://fd11-photos.leclercdrive.fr/image.ashx?id=2935771&use=l&cat=p&typeid=i","cat":312236},{"id":156496,"n":"Petit pot bébé Blédina 6 mois Potimarron jambon - 2x200g","p":2.09,"u":"5,23 €/KG","img":"https://fd11-photos.leclercdrive.fr/image.ashx?id=2935768&use=l&cat=p&typeid=i","cat":312236},{"id":156497,"n":"Petit pot bébé Blédina 8 mois Riz ratatouille poisson -2x200g","p":2.03,"u":"5,08 €/KG","img":"https://fd11-photos.leclercdrive.fr/image.ashx?id=2911208&use=l&cat=p&typeid=i","cat":312236},{"id":156498,"n":"Compote bébé Blédina 4-6 mois Pomme poire - 4x130g","p":2.67,"u":"5,13 €/KG","img":"https://fd11-photos.leclercdrive.fr/image.ashx?id=2911873&use=l&cat=p&typeid=i","cat":312387},{"id":156499,"n":"Petit pot bébé Blédina 8 mois Légumes poulet - 2x200g","p":1.95,"u":"4,88 €/KG","img":"https://fd11-photos.leclercdrive.fr/image.ashx?id=2935765&use=l&cat=p&typeid=i","cat":312236},{"id":156501,"n":"Petit pot bébé Blédina 6 mois Légumes jambon - 2x200g","p":1.95,"u":"4,88 €/KG","img":"https://fd11-photos.leclercdrive.fr/image.ashx?id=2948767&use=l&cat=p&typeid=i","cat":312236},{"id":156503,"n":"Petit pot bébé Blédina 6 mois  Légumes verts poulet - 2x200g","p":1.96,"u":"4,90 €/KG","img":"https://fd11-photos.leclercdrive.fr/image.ashx?id=2983063&use=l&cat=p&typeid=i","cat":312236},{"id":156527,"n":"Capsules Starbucks by Nespresso  Blonde Espresso Int 6 - x18","p":6.05,"u":"64,36 €/KG","img":"https://fd11-photos.leclercdrive.fr/image.ashx?id=2668177&use=l&cat=p&typeid=i","cat":284749},{"id":156528,"n":"Petit pot bébé Blédina 4-6 mois Carotte - 2x130g","p":1.2,"u":"4,62 €/KG","img":"https://fd11-photos.leclercdrive.fr/image.ashx?id=2911870&use=l&cat=p&typeid=i","cat":312234},{"id":156538,"n":"Compote bébé Blédina 6 mois  Aux fruits - 4x130g","p":2.55,"u":"4,90 €/KG","img":"https://fd11-photos.leclercdrive.fr/image.ashx?id=2911196&use=l&cat=p&typeid=i","cat":312388},{"id":156539,"n":"Petit pot bébé Blédina 6 mois Semoule carotte dinde - 2x200g","p":2.14,"u":"5,35 €/KG","img":"https://fd11-photos.leclercdrive.fr/image.ashx?id=2935774&use=l&cat=p&typeid=i","cat":312236},{"id":156540,"n":"Petit pot bébé Blédina 6 mois Patate douce carotte-2x200g","p":1.92,"u":"4,80 €/KG","img":"https://fd11-photos.leclercdrive.fr/image.ashx?id=2951617&use=l&cat=p&typeid=i","cat":312235},{"id":156541,"n":"Petit pot bébé Blédina 6 mois Purée de panais dinde - 2x200g","p":2.28,"u":"5,70 €/KG","img":"https://fd11-photos.leclercdrive.fr/image.ashx?id=2951611&use=l&cat=p&typeid=i","cat":312236},{"id":156550,"n":"Petites Tartelettes Bonne Maman Chocolat caramel - 250g","p":2.35,"u":"9,40 €/KG","img":"https://fd11-photos.leclercdrive.fr/image.ashx?id=2962302&use=l&cat=p&typeid=i","cat":284488},{"id":156563,"n":"Petit pot bébé Blédina 6 mois Purée carotte jambon - 2x200g","p":2.0,"u":"5,00 €/KG","img":"https://fd11-photos.leclercdrive.fr/image.ashx?id=2935762&use=l&cat=p&typeid=i","cat":312236},{"id":156564,"n":"Petit pot bébé Blédina 6 mois Riz tomate poulet - 2x200g","p":1.95,"u":"4,88 €/KG","img":"https://fd11-photos.leclercdrive.fr/image.ashx?id=2951614&use=l&cat=p&typeid=i","cat":312236},{"id":156598,"n":"Biscuits fourrés bio Jardin Bio Chocolat - 300g","p":2.41,"u":"8,03 €/KG","img":"https://fd11-photos.leclercdrive.fr/image.ashx?id=2903353&use=l&cat=p&typeid=i","cat":284488},{"id":156647,"n":"Compote Pom'Potes Pomme  brugnon banane - 64x90g","p":28.39,"pp":19.87,"u":"3,45 €/KG","img":"https://fd11-photos.leclercdrive.fr/image.ashx?id=2254574&use=l&cat=p&typeid=i","cat":284508},{"id":156954,"n":"Taille crayon gomme  Maped Violet - Connect 2 trous","p":2.35,"img":"https://fd11-photos.leclercdrive.fr/image.ashx?id=2129296&use=l&cat=p&typeid=i","cat":334133},{"id":156957,"n":"Gomme stick Universal Maped Bleu Collector","p":2.38,"img":"https://fd11-photos.leclercdrive.fr/image.ashx?id=2129299&use=l&cat=p&typeid=i","cat":334133},{"id":156958,"n":"Gomme stick Universal Maped Violet Collector","p":2.38,"img":"https://fd11-photos.leclercdrive.fr/image.ashx?id=2129302&use=l&cat=p&typeid=i","cat":334133},{"id":156973,"n":"Surligneurs pastels Maped Assortis - x4","p":2.75,"img":"https://fd11-photos.leclercdrive.fr/image.ashx?id=2384280&use=l&cat=p&typeid=i","cat":284696},{"id":156982,"n":"Paire de ciseaux Sensoft  Maped Rouge  - Gaucher - 13.5cm","p":2.16,"img":"https://fd11-photos.leclercdrive.fr/image.ashx?id=2129329&use=l&cat=p&typeid=i","cat":334133},{"id":156984,"n":"Paire de ciseaux Sensoft Maped Rouge - Droitier - 13.5cm","p":1.99,"img":"https://fd11-photos.leclercdrive.fr/image.ashx?id=2129332&use=l&cat=p&typeid=i","cat":334133},{"id":157136,"n":"Recharges Frixion  x9","p":9.95,"img":"https://fd11-photos.leclercdrive.fr/image.ashx?id=2935978&use=l&cat=p&typeid=i","cat":284696},{"id":157137,"n":"Recharges Frixion  x9","p":9.95,"img":"https://fd11-photos.leclercdrive.fr/image.ashx?id=2545409&use=l&cat=p&typeid=i","cat":284696},{"id":157142,"n":"Roller Frixion ball Bleu + 1 étui","p":5.98,"img":"https://fd11-photos.leclercdrive.fr/image.ashx?id=2574994&use=l&cat=p&typeid=i","cat":284696},{"id":157152,"n":"Surligneurs Grip Pastel Bic x6","p":2.95,"img":"https://fd11-photos.leclercdrive.fr/image.ashx?id=2788466&use=l&cat=p&typeid=i","cat":284696},{"id":157156,"n":"Stylos-Bille 4 couleurs Party Champagne doré","p":3.29,"img":"https://fd11-photos.leclercdrive.fr/image.ashx?id=2972922&use=l&cat=p&typeid=i","cat":284696},{"id":157169,"n":"Feutres de dessin Stabilo Pen68 Pointe moyenne ARTY - x18","p":17.38,"img":"https://fd11-photos.leclercdrive.fr/image.ashx?id=2525294&use=l&cat=p&typeid=i","cat":284696},{"id":157174,"n":"Stylo-feutre Stabilo point 88 pointe fine - ARTY -x18","p":9.5,"img":"https://fd11-photos.leclercdrive.fr/image.ashx?id=2306294&use=l&cat=p&typeid=i","cat":284696},{"id":157176,"n":"Stylo-feutre Stabilo point 88 pointe fine - x16","p":9.12,"img":"https://fd11-photos.leclercdrive.fr/image.ashx?id=2836625&use=l&cat=p&typeid=i","cat":284696},{"id":157178,"n":"Surligneur Stabilo swing cool couleurs pastel assorties - x8","p":5.2,"img":"https://fd11-photos.leclercdrive.fr/image.ashx?id=2690087&use=l&cat=p&typeid=i","cat":284696},{"id":157328,"n":"Gourde brassé bio Bio Village Nature sucré - 4x85g","p":2.89,"u":"8,50 €/KG","img":"https://fd11-photos.leclercdrive.fr/image.ashx?id=2704858&use=l&cat=p&typeid=i","cat":312393},{"id":157506,"n":"Tube de peinture Esquisse  Blanc - 20ml","p":0.99,"img":"https://fd11-photos.leclercdrive.fr/image.ashx?id=2124131&use=l&cat=p&typeid=i","cat":334133},{"id":157507,"n":"Tube de peinture Esquisse  Noir - 20ml","p":0.99,"img":"https://fd11-photos.leclercdrive.fr/image.ashx?id=2124134&use=l&cat=p&typeid=i","cat":334133},{"id":157510,"n":"Bâton de colle Esquisse Végétale - 5x10g","p":2.39,"u":"47,80 €/KG","img":"https://fd11-photos.leclercdrive.fr/image.ashx?id=2124143&use=l&cat=p&typeid=i","cat":334133},{"id":157519,"n":"Fiches bristol 5x5 Esquisse Perforées - 14,8x21cm - x50","p":2.59,"img":"https://fd11-photos.leclercdrive.fr/image.ashx?id=2124155&use=l&cat=p&typeid=i","cat":284697},{"id":157522,"n":"Feutres pour ardoise Esquisse Bleu - A sec Pointe moyenne- x4","p":1.75,"u":"0,44 €/P","img":"https://fd11-photos.leclercdrive.fr/image.ashx?id=2124164&use=l&cat=p&typeid=i","cat":334133},{"id":157722,"n":"Boite en plastique 4,8 L - 1 pièce","p":6.9,"img":"https://fd11-photos.leclercdrive.fr/image.ashx?id=2123340&use=l&cat=p&typeid=i","cat":284710},{"id":157771,"n":"Lait demi-écrémé Les Fayes UHT - Brique - 6x1L","p":6.29,"u":"1,05 €/L","img":"https://fd11-photos.leclercdrive.fr/image.ashx?id=2125251&use=l&cat=p&typeid=i","cat":284377},{"id":157774,"n":"Lait demi-écrémé Les Fayes UHT - Brique - 1L","p":1.05,"u":"1,05 €/L","img":"https://fd11-photos.leclercdrive.fr/image.ashx?id=2128950&use=l&cat=p&typeid=i","cat":284377},{"id":157835,"n":"Soin Contour des yeux Bcombio Triple action - 20ml","p":13.9,"pp":10.42,"u":"521,00 €/L","img":"https://fd11-photos.leclercdrive.fr/image.ashx?id=2664506&use=l&cat=p&typeid=i","cat":291172},{"id":157954,"n":"Pomme de terre de consommation Frites - 2kg","p":2.29,"u":"1,15 €/KG","img":"https://fd11-photos.leclercdrive.fr/image.ashx?id=2757503&use=l&cat=p&typeid=i","cat":284352},{"id":157981,"n":"Boisson P'tit Déli Instantanée chocolatée 450g","p":2.86,"u":"6,36 €/KG","img":"https://fd11-photos.leclercdrive.fr/image.ashx?id=2130015&use=l&cat=p&typeid=i","cat":293235},{"id":158032,"n":"Gel lavant dermo douceur Jonza Bio hypoallergeniques 500ml","p":7.0,"img":"https://fd11-photos.leclercdrive.fr/image.ashx?id=2454292&use=l&cat=p&typeid=i","cat":290425},{"id":158180,"n":"Crème de change Bio Jonzac 75ml","p":7.0,"u":"93,33 €/L","img":"https://fd11-photos.leclercdrive.fr/image.ashx?id=2751180&use=l&cat=p&typeid=i","cat":290387},{"id":158220,"n":"Rhum Havana Club 3 ans 37,5% vol - 70cl","p":15.16,"u":"21,66 €/L","img":"https://fd11-photos.leclercdrive.fr/image.ashx?id=2874096&use=l&cat=p&typeid=i","cat":284550},{"id":158285,"n":"Glace Ben & Jerry's Mini pots Cool-loction 4x100ml","p":6.16,"u":"21,39 €/KG","img":"https://fd11-photos.leclercdrive.fr/image.ashx?id=3009278&use=l&cat=p&typeid=i","cat":284725},{"id":158361,"n":"Stylo bille 4 couleurs Bic Rose gold -Pointe moyenne 1.0mm","p":2.5,"img":"https://fd11-photos.leclercdrive.fr/image.ashx?id=2974584&use=l&cat=p&typeid=i","cat":284696},{"id":158363,"n":"Crème Douche Surgras Bio Cadum Karité - 500ml","p":2.14,"u":"4,28 €/L","img":"https://fd11-photos.leclercdrive.fr/image.ashx?id=2575630&use=l&cat=p&typeid=i","cat":284594},{"id":158489,"n":"Beurrier Tendre Paysan Breton Demi-sel - 80% MG - 200g","p":2.81,"u":"14,05 €/KG","img":"https://fd11-photos.leclercdrive.fr/image.ashx?id=2869038&use=l&cat=p&typeid=i","cat":284379},{"id":158493,"n":"Beurrier Tendre Paysan Breton Doux - 82% MG - 200g","p":2.76,"u":"13,80 €/KG","img":"https://fd11-photos.leclercdrive.fr/image.ashx?id=2903311&use=l&cat=p&typeid=i","cat":284379},{"id":158536,"n":"Nuggets de poisson Cité Marine Pané MSC - 200g","p":2.44,"u":"12,20 €/KG","img":"https://fd11-photos.leclercdrive.fr/image.ashx?id=2873387&use=l&cat=p&typeid=i","cat":284344},{"id":158537,"n":"Filet de limande Meunière Cité Marine MSC - 200g","p":3.75,"u":"18,75 €/KG","img":"https://fd11-photos.leclercdrive.fr/image.ashx?id=2132808&use=l&cat=p&typeid=i","cat":284342},{"id":158548,"n":"Huile végétale de ricin 100ml Laboratoire du Haut Ségala","p":8.99,"u":"89,90 €/L","img":"https://fd11-photos.leclercdrive.fr/image.ashx?id=2131593&use=l&cat=p&typeid=i","cat":290422},{"id":158569,"n":"Blanc de poulet Tradilège Sans nitrite - 4 Tranches 120g","p":1.45,"u":"12,08 €/KG","img":"https://fd11-photos.leclercdrive.fr/image.ashx?id=2943701&use=l&cat=p&typeid=i","cat":316010},{"id":158571,"n":"Plat bébé Blédina 8 mois  Pâtes tomate boeuf - 2x200g","p":2.84,"u":"7,10 €/KG","img":"https://fd11-photos.leclercdrive.fr/image.ashx?id=2975092&use=l&cat=p&typeid=i","cat":312236},{"id":158575,"n":"Single malt Scotch Glenfiddich Tripple Oak 40%vol - 70cl 12ans","p":33.0,"pp":30.5,"u":"43,57 €/L","img":"https://fd11-photos.leclercdrive.fr/image.ashx?id=2131596&use=l&cat=p&typeid=i","cat":284547},{"id":158588,"n":"Vin de France rouge Merlot Cabernet Sauvign.Cambras BIB 5L","p":13.45,"u":"2,69 €/L","img":"https://fd11-photos.leclercdrive.fr/image.ashx?id=2694587&use=l&cat=p&typeid=i","cat":289556},{"id":158631,"n":"Plat bébé soir Blédiner 8 mois  Pâtes épinards - 2x200g","p":2.65,"u":"6,63 €/KG","img":"https://fd11-photos.leclercdrive.fr/image.ashx?id=2845868&use=l&cat=p&typeid=i","cat":312239},{"id":158632,"n":"Couronne de crevettes Delpierre ASC sauce fines herbes - 130g","p":5.15,"u":"39,62 €/KG","img":"https://fd11-photos.leclercdrive.fr/image.ashx?id=2772014&use=l&cat=p&typeid=i","cat":284343},{"id":158779,"n":"Céréales Fitness  Chocolat au lait - 450g","p":2.69,"u":"5,98 €/KG","img":"https://fd11-photos.leclercdrive.fr/image.ashx?id=2922167&use=l&cat=p&typeid=i","cat":309512},{"id":158781,"n":"Céréales Fitness  Chocolat noir - 450g","p":2.73,"u":"6,07 €/KG","img":"https://fd11-photos.leclercdrive.fr/image.ashx?id=2922170&use=l&cat=p&typeid=i","cat":309512},{"id":158784,"n":"Petit pot bébé Blédina 8 mois Légumes viande poisson - 8x200g","p":7.69,"u":"4,81 €/KG","img":"https://fd11-photos.leclercdrive.fr/image.ashx?id=2935777&use=l&cat=p&typeid=i","cat":312236},{"id":158785,"n":"Stylos bille Bic Cristal Pointe moyenne - x12","p":2.5,"u":"0,21 €/P","img":"https://fd11-photos.leclercdrive.fr/image.ashx?id=2170004&use=l&cat=p&typeid=i","cat":284696},{"id":158787,"n":"Petit pot bébé Blédina 6 mois Légume viande poisson - 8x200g","p":7.92,"u":"4,95 €/KG","img":"https://fd11-photos.leclercdrive.fr/image.ashx?id=2948773&use=l&cat=p&typeid=i","cat":312236},{"id":158788,"n":"Noisette décortiquée Vahiné 125g","p":3.18,"u":"25,44 €/KG","img":"https://fd11-photos.leclercdrive.fr/image.ashx?id=2559814&use=l&cat=p&typeid=i","cat":284504},{"id":158789,"n":"Levure boulanger Vahiné x6 - 48g","p":0.92,"u":"19,17 €/KG","img":"https://fd11-photos.leclercdrive.fr/image.ashx?id=2559793&use=l&cat=p&typeid=i","cat":294686},{"id":158791,"n":"Poivre noir grain Ducros 200g - n°6","p":8.13,"u":"40,65 €/KG","img":"https://fd11-photos.leclercdrive.fr/image.ashx?id=2486599&use=l&cat=p&typeid=i","cat":284457},{"id":158798,"n":"Dessert bébé végétal Blédina 6m Lait coco mangue - 4x95g","p":2.5,"u":"6,58 €/KG","img":"https://fd11-photos.leclercdrive.fr/image.ashx?id=2682929&use=l&cat=p&typeid=i","cat":312392},{"id":158803,"n":"Rotella Haribo Sachet bonbons réglisse - 300g","p":1.25,"u":"4,17 €/KG","img":"https://fd11-photos.leclercdrive.fr/image.ashx?id=2982402&use=l&cat=p&typeid=i","cat":304250},{"id":158806,"n":"Lait en poudre Blédilait Bébé 18 mois - 3 ans - 900g","p":10.86,"u":"12,07 €/KG","img":"https://fd11-photos.leclercdrive.fr/image.ashx?id=2458244&use=l&cat=p&typeid=i","cat":290219},{"id":158812,"n":"Nappage framboise Vahiné 155g","p":2.44,"u":"15,74 €/KG","img":"https://fd11-photos.leclercdrive.fr/image.ashx?id=2805267&use=l&cat=p&typeid=i","cat":284504},{"id":158834,"n":"Céréales Fitness Nature 475g","p":2.75,"u":"5,79 €/KG","img":"https://fd11-photos.leclercdrive.fr/image.ashx?id=2874084&use=l&cat=p&typeid=i","cat":309512},{"id":158845,"n":"Compote bébé Blédina 4-6 mois Pomme pêche - 4x130g","p":2.63,"u":"5,06 €/KG","img":"https://fd11-photos.leclercdrive.fr/image.ashx?id=2911199&use=l&cat=p&typeid=i","cat":312387},{"id":158911,"n":"Sucette Physiologique Tigex Mickey +18M  - x2","p":5.39,"u":"2,70 €/P","img":"https://fd11-photos.leclercdrive.fr/image.ashx?id=2400151&use=l&cat=p&typeid=i","cat":284743},{"id":158920,"n":"Petit pot bébé Blédina 6 mois Semoule épinards merlu - 2x200g","p":2.05,"u":"5,13 €/KG","img":"https://fd11-photos.leclercdrive.fr/image.ashx?id=2935759&use=l&cat=p&typeid=i","cat":312236},{"id":158937,"n":"Sauce Tikka Masala Patak's 450g","p":2.73,"u":"6,07 €/KG","img":"https://fd11-photos.leclercdrive.fr/image.ashx?id=2593698&use=l&cat=p&typeid=i","cat":289012},{"id":158982,"n":"Petit pot bébé Blédina 4-6 mois Purée de poireau - 2x130g","p":1.23,"u":"4,73 €/KG","img":"https://fd11-photos.leclercdrive.fr/image.ashx?id=2911190&use=l&cat=p&typeid=i","cat":312234},{"id":159026,"n":"Pomme de terre rouge Panier du Primeur - 2kg","p":2.29,"u":"1,15 €/KG","img":"https://fd11-photos.leclercdrive.fr/image.ashx?id=2757518&use=l&cat=p&typeid=i","cat":284352},{"id":159209,"n":"Lasagne Lustucru Selection  250g","p":2.27,"u":"9,08 €/KG","img":"https://fd11-photos.leclercdrive.fr/image.ashx?id=2792396&use=l&cat=p&typeid=i","cat":333682},{"id":159212,"n":"Bloc WC Bref Deluxe Magnolia  Toilettes propres - 50g x1","p":1.8,"u":"36,00 €/KG","img":"https://fd11-photos.leclercdrive.fr/image.ashx?id=2907581&use=l&cat=p&typeid=i","cat":284662},{"id":159220,"n":"Dos de Cabillaud Findus MSC - x4 - 440g","p":10.93,"u":"24,84 €/KG","img":"https://fd11-photos.leclercdrive.fr/image.ashx?id=2735347&use=l&cat=p&typeid=i","cat":319786},{"id":159394,"n":"Amandes émondées Vahiné 125g","p":4.11,"u":"32,88 €/KG","img":"https://fd11-photos.leclercdrive.fr/image.ashx?id=2606250&use=l&cat=p&typeid=i","cat":284357},{"id":159399,"n":"Saumon fumé ASC Mowi x4 - 130g","p":6.24,"u":"48,00 €/KG","img":"https://fd11-photos.leclercdrive.fr/image.ashx?id=3006193&use=l&cat=p&typeid=i","cat":285188},{"id":159405,"n":"Fromage frais nature Laiterie Les fayes - 250g","p":2.64,"u":"10,56 €/KG","img":"https://fd11-photos.leclercdrive.fr/image.ashx?id=2180400&use=l&cat=p&typeid=i","cat":284409},{"id":159409,"n":"Amande éffilée grillée Vahiné 100g","p":4.13,"u":"41,30 €/KG","img":"https://fd11-photos.leclercdrive.fr/image.ashx?id=2387597&use=l&cat=p&typeid=i","cat":284357},{"id":159410,"n":"Fromage blanc 7.9%mg Laiterie les Fayes - 1,5kg","p":5.83,"u":"3,89 €/KG","img":"https://fd11-photos.leclercdrive.fr/image.ashx?id=2963679&use=l&cat=p&typeid=i","cat":284409},{"id":159413,"n":"Fromage blanc 3.2%mg Laiterie les Fayes - 1,5kg","p":5.23,"u":"3,49 €/KG","img":"https://fd11-photos.leclercdrive.fr/image.ashx?id=2140380&use=l&cat=p&typeid=i","cat":284409},{"id":159414,"n":"Fromage blanc crèmes marrons Laiterie les Fayes - 4x125g","p":3.19,"u":"6,38 €/KG","img":"https://fd11-photos.leclercdrive.fr/image.ashx?id=2144920&use=l&cat=p&typeid=i","cat":284409},{"id":159415,"n":"Fromage blanc confiture abricot Laiterie les Fayes - 4x125g","p":3.12,"u":"6,24 €/KG","img":"https://fd11-photos.leclercdrive.fr/image.ashx?id=2141431&use=l&cat=p&typeid=i","cat":284409},{"id":159416,"n":"Thym Ducros Grand flacon - 85g","p":3.76,"u":"44,24 €/KG","img":"https://fd11-photos.leclercdrive.fr/image.ashx?id=2486557&use=l&cat=p&typeid=i","cat":298297},{"id":159417,"n":"Fromage blanc framboise Laiterie les Fayes  - 4x125g","p":3.25,"u":"6,50 €/KG","img":"https://fd11-photos.leclercdrive.fr/image.ashx?id=2144917&use=l&cat=p&typeid=i","cat":284409},{"id":159418,"n":"Fromage blanc Confiture fraise Laiterie les Fayes -  4x125g","p":3.12,"u":"6,24 €/KG","img":"https://fd11-photos.leclercdrive.fr/image.ashx?id=2144914&use=l&cat=p&typeid=i","cat":284409},{"id":159422,"n":"Crème fraîche épaisse Bio Laiterie Les Fayes - 33cl","p":3.38,"u":"10,24 €/L","img":"https://fd11-photos.leclercdrive.fr/image.ashx?id=2140377&use=l&cat=p&typeid=i","cat":284381},{"id":159424,"n":"Crème fraîche épaisse Laiterie Les Fayes - 33cl","p":2.07,"u":"6,27 €/L","img":"https://fd11-photos.leclercdrive.fr/image.ashx?id=2140362&use=l&cat=p&typeid=i","cat":284381},{"id":159425,"n":"Crème fraîche liquide Laiterie Les Fayes - 33cl","p":2.3,"u":"6,97 €/L","img":"https://fd11-photos.leclercdrive.fr/image.ashx?id=2140359&use=l&cat=p&typeid=i","cat":284381},{"id":159430,"n":"Faisselle des Limousins Au lait entier - 4x100g","p":2.79,"u":"6,98 €/KG","img":"https://fd11-photos.leclercdrive.fr/image.ashx?id=2231849&use=l&cat=p&typeid=i","cat":284409},{"id":159448,"n":"Boisson aux fruits Jafun Pomme Cassis Framboise - 2L","p":1.49,"u":"0,75 €/L","img":"https://fd11-photos.leclercdrive.fr/image.ashx?id=2956924&use=l&cat=p&typeid=i","cat":295018},{"id":159548,"n":"Veau haché BioYooji 6 mois - 80g","p":4.55,"u":"56,88 €/KG","img":"https://fd11-photos.leclercdrive.fr/image.ashx?id=2832260&use=l&cat=p&typeid=i","cat":290631},{"id":159627,"n":"Fromage Fol Epi  Originale 8 Tranches - 150g","p":2.07,"u":"13,80 €/KG","img":"https://fd11-photos.leclercdrive.fr/image.ashx?id=2456801&use=l&cat=p&typeid=i","cat":314028},{"id":159630,"n":"Pomme de terre Eco+ Epluchées - 1kg","p":1.95,"u":"1,95 €/KG","img":"https://fd11-photos.leclercdrive.fr/image.ashx?id=2702609&use=l&cat=p&typeid=i","cat":284352},{"id":159631,"n":"Betterave Eco+ 2x500g","p":1.44,"u":"1,44 €/KG","img":"https://fd11-photos.leclercdrive.fr/image.ashx?id=2669663&use=l&cat=p&typeid=i","cat":284352},{"id":159674,"n":"Purée Bio Carottes et Butternut Petits pots - 2x190g","p":2.87,"u":"7,55 €/KG","img":"https://fd11-photos.leclercdrive.fr/image.ashx?id=2640040&use=l&cat=p&typeid=i","cat":312235},{"id":159675,"n":"Mijoté Bio Panais Chou Saumon Purée - 2x190g","p":3.12,"u":"8,21 €/KG","img":"https://fd11-photos.leclercdrive.fr/image.ashx?id=2736106&use=l&cat=p&typeid=i","cat":312236},{"id":159718,"n":"Carotte Patate douce Lentilles Bio Façon Dahl - 2x190g","p":2.9,"u":"7,63 €/KG","img":"https://fd11-photos.leclercdrive.fr/image.ashx?id=2736109&use=l&cat=p&typeid=i","cat":312235},{"id":159731,"n":"Pomme Gala Bio Good Goût Gourde - 4x85g","p":3.85,"u":"11,32 €/KG","img":"https://fd11-photos.leclercdrive.fr/image.ashx?id=2736118&use=l&cat=p&typeid=i","cat":312387},{"id":159732,"n":"Poire Williams Bio Good Goût Gourde - 4x85g","p":3.99,"u":"11,74 €/KG","img":"https://fd11-photos.leclercdrive.fr/image.ashx?id=2736121&use=l&cat=p&typeid=i","cat":312387},{"id":159733,"n":"Banane Bio Good Goût Gourde - 4x85g","p":3.73,"u":"10,97 €/KG","img":"https://fd11-photos.leclercdrive.fr/image.ashx?id=2736115&use=l&cat=p&typeid=i","cat":312387},{"id":159734,"n":"Pomme Figue Bio Good Goût Gourde - 120g","p":1.76,"u":"14,67 €/KG","img":"https://fd11-photos.leclercdrive.fr/image.ashx?id=2736082&use=l&cat=p&typeid=i","cat":312387},{"id":159735,"n":"Pomme Framboise Bio Good Goût - Gourde - 120g","p":1.72,"u":"14,33 €/KG","img":"https://fd11-photos.leclercdrive.fr/image.ashx?id=2736103&use=l&cat=p&typeid=i","cat":312387},{"id":159736,"n":"Biscuits Animaux Good Goût Bio Huile essentielles Citron 80g","p":3.2,"u":"40,00 €/KG","img":"https://fd11-photos.leclercdrive.fr/image.ashx?id=2697216&use=l&cat=p&typeid=i","cat":312227},{"id":159737,"n":"Biscuits Bio - Good Goût  10 mois  - 80g","p":3.48,"u":"43,50 €/KG","img":"https://fd11-photos.leclercdrive.fr/image.ashx?id=2697219&use=l&cat=p&typeid=i","cat":312227},{"id":159797,"n":"Rubans correcteur Bic Mini pocket - x4","p":4.38,"u":"1,10 €/P","img":"https://fd11-photos.leclercdrive.fr/image.ashx?id=2259487&use=l&cat=p&typeid=i","cat":334133},{"id":159892,"n":"Petits pots bébé P'TITE RECETTE Risotto 8M+ - 2x200g","p":2.13,"u":"5,33 €/KG","img":"https://fd11-photos.leclercdrive.fr/image.ashx?id=2737132&use=l&cat=p&typeid=i","cat":312236},{"id":159897,"n":"Fromage Enfant Kiri Crème 12 portions à tartiner - 216g","p":2.85,"u":"13,19 €/KG","img":"https://fd11-photos.leclercdrive.fr/image.ashx?id=2973565&use=l&cat=p&typeid=i","cat":314030},{"id":159903,"n":"Boisson aux fruits Jafun Tropical - 2L","p":1.8,"u":"0,90 €/L","img":"https://fd11-photos.leclercdrive.fr/image.ashx?id=2897835&use=l&cat=p&typeid=i","cat":295018},{"id":159938,"n":"Desserts Lactés P'TIT BRASSE   Fraise BIO 6M+ - 4x90g","p":2.4,"u":"26,67 €/KG","img":"https://fd11-photos.leclercdrive.fr/image.ashx?id=2510202&use=l&cat=p&typeid=i","cat":312392},{"id":159950,"n":"Desserts Lactés P'TIT GOURMAND  BIO Cacao  6M+ - 4x90g","p":2.43,"u":"27,00 €/KG","img":"https://fd11-photos.leclercdrive.fr/image.ashx?id=2481691&use=l&cat=p&typeid=i","cat":312392},{"id":159953,"n":"Lait croissance GUIGOZ OPTIPRO  12M+ - 2x600g","p":13.54,"u":"11,28 €/KG","img":"https://fd11-photos.leclercdrive.fr/image.ashx?id=2811650&use=l&cat=p&typeid=i","cat":290219},{"id":159954,"n":"Huile moteur Tech 9 5W30 C3 504/507 - 2L","p":13.9,"u":"6,95 €/L","img":"https://fd11-photos.leclercdrive.fr/image.ashx?id=2162681&use=l&cat=p&typeid=i","cat":298253},{"id":159957,"n":"Huile moteur Tech 9 5W30 C4 6 2L","p":18.98,"u":"9,49 €/L","img":"https://fd11-photos.leclercdrive.fr/image.ashx?id=2162684&use=l&cat=p&typeid=i","cat":298253},{"id":159958,"n":"Huile moteur Tech 9 5W40 Diesel - 5L","p":23.5,"u":"4,70 €/L","img":"https://fd11-photos.leclercdrive.fr/image.ashx?id=2148782&use=l&cat=p&typeid=i","cat":298253},{"id":159959,"n":"Huile moteur Tech 9 5W40 Diesel - 2L","p":11.39,"u":"5,70 €/L","img":"https://fd11-photos.leclercdrive.fr/image.ashx?id=2162687&use=l&cat=p&typeid=i","cat":298253},{"id":159960,"n":"Huile moteur Tech 9 5W40 Essence - 2L","p":11.39,"u":"5,70 €/L","img":"https://fd11-photos.leclercdrive.fr/image.ashx?id=2162690&use=l&cat=p&typeid=i","cat":298253},{"id":159961,"n":"Huile moteur Tech 9 5W40 Essence - 5L","p":23.5,"u":"4,70 €/L","img":"https://fd11-photos.leclercdrive.fr/image.ashx?id=2148785&use=l&cat=p&typeid=i","cat":298253},{"id":159964,"n":"Huile moteur Tech 9 0W30 mixte - 2L","p":21.98,"u":"10,99 €/L","img":"https://fd11-photos.leclercdrive.fr/image.ashx?id=2162693&use=l&cat=p&typeid=i","cat":298253},{"id":159965,"n":"Capsules Starbucks by Nespresso  Colombia Int 7 - x18","p":6.05,"u":"59,90 €/KG","img":"https://fd11-photos.leclercdrive.fr/image.ashx?id=2668174&use=l&cat=p&typeid=i","cat":284749},{"id":159969,"n":"Huile moteur Tech 9 0W30 mixte - 5L","p":46.49,"u":"9,30 €/L","img":"https://fd11-photos.leclercdrive.fr/image.ashx?id=2162696&use=l&cat=p&typeid=i","cat":298253},{"id":159976,"n":"Repas Enfant Poulet Et Légumes  P'tite Recette - 2x200g","p":2.2,"u":"11,00 €/KG","img":"https://fd11-photos.leclercdrive.fr/image.ashx?id=2525723&use=l&cat=p&typeid=i","cat":312236},{"id":159980,"n":"Huile moteur Tech 9 10W40 Diesel - 5L","p":18.4,"u":"3,68 €/L","img":"https://fd11-photos.leclercdrive.fr/image.ashx?id=2148767&use=l&cat=p&typeid=i","cat":298253},{"id":159981,"n":"Huile moteur Tech 9 10W40 Diesel - 2L","p":8.9,"u":"4,45 €/L","img":"https://fd11-photos.leclercdrive.fr/image.ashx?id=2193818&use=l&cat=p&typeid=i","cat":298253},{"id":159982,"n":"Huile moteur Tech 9 10W40 Essence - 2L","p":8.9,"u":"4,45 €/L","img":"https://fd11-photos.leclercdrive.fr/image.ashx?id=2162663&use=l&cat=p&typeid=i","cat":298253},{"id":159985,"n":"Huile moteur Tech 9 10W40 Essence - 5L","p":18.4,"u":"3,68 €/L","img":"https://fd11-photos.leclercdrive.fr/image.ashx?id=2148770&use=l&cat=p&typeid=i","cat":298253},{"id":159987,"n":"Huile moteur Tech 9 15W40 Essence - 2L","p":7.98,"u":"3,99 €/L","img":"https://fd11-photos.leclercdrive.fr/image.ashx?id=2162669&use=l&cat=p&typeid=i","cat":298253},{"id":159989,"n":"Huile moteur Tech 9 15W49 Diesel - 5L","p":15.75,"u":"3,15 €/L","img":"https://fd11-photos.leclercdrive.fr/image.ashx?id=2162672&use=l&cat=p&typeid=i","cat":298253},{"id":159990,"n":"Huile moteur Tech 9 15W40 Essence - 5L","p":15.75,"u":"3,15 €/L","img":"https://fd11-photos.leclercdrive.fr/image.ashx?id=2162675&use=l&cat=p&typeid=i","cat":298253},{"id":159992,"n":"Huile moteur Tech 9 5W30 C2 - 5L","p":28.99,"u":"5,80 €/L","img":"https://fd11-photos.leclercdrive.fr/image.ashx?id=2148773&use=l&cat=p&typeid=i","cat":298253},{"id":160101,"n":"Yaourt brassé Perle de Lait Panaché - 8x125g","p":3.38,"u":"3,38 €/KG","img":"https://fd11-photos.leclercdrive.fr/image.ashx?id=2989222&use=l&cat=p&typeid=i","cat":286006},{"id":160139,"n":"Desserts panaches Andros Pomme +pomme poire - 12x100g","p":3.75,"u":"3,13 €/KG","img":"https://fd11-photos.leclercdrive.fr/image.ashx?id=2968103&use=l&cat=p&typeid=i","cat":284416},{"id":160238,"n":"Nappage Fruits rouges Vahiné 155g","p":2.68,"u":"17,29 €/KG","img":"https://fd11-photos.leclercdrive.fr/image.ashx?id=2805270&use=l&cat=p&typeid=i","cat":284504},{"id":160428,"n":"Lessive liquide fraicheur Epsil 40 lavages - 2L","p":4.6,"u":"2,30 €/L","img":"https://fd11-photos.leclercdrive.fr/image.ashx?id=2602982&use=l&cat=p&typeid=i","cat":284640},{"id":160429,"n":"Lessive liquide printemps Epsil 40 Lavages - 2L","p":4.6,"u":"2,30 €/L","img":"https://fd11-photos.leclercdrive.fr/image.ashx?id=2958347&use=l&cat=p&typeid=i","cat":284640},{"id":160430,"n":"Lessive liquide sensitive Epsil 40 lavages - 2L","p":5.99,"u":"3,00 €/L","img":"https://fd11-photos.leclercdrive.fr/image.ashx?id=2838951&use=l&cat=p&typeid=i","cat":284640},{"id":160543,"n":"Pommes de terre four purée  potage Panier du Primeur - 2kg","p":2.29,"u":"1,15 €/KG","img":"https://fd11-photos.leclercdrive.fr/image.ashx?id=2757500&use=l&cat=p&typeid=i","cat":284352},{"id":160820,"n":"Mozza Sticks Pickers by McCain Batonnets de mozzarella - 230g","p":3.28,"u":"14,26 €/KG","img":"https://fd11-photos.leclercdrive.fr/image.ashx?id=2920021&use=l&cat=p&typeid=i","cat":319822},{"id":160821,"n":"Onion rings Pickers by McCain 350g","p":3.13,"u":"8,94 €/KG","img":"https://fd11-photos.leclercdrive.fr/image.ashx?id=2920024&use=l&cat=p&typeid=i","cat":319822},{"id":161003,"n":"Mayonnaise Bénédicta Nature - 510g","p":2.44,"u":"4,78 €/KG","img":"https://fd11-photos.leclercdrive.fr/image.ashx?id=2548225&use=l&cat=p&typeid=i","cat":298295},{"id":161082,"n":"Café capsules DOLCE GUSTO Starbucks vanilla macchiato 2x6","p":4.39,"u":"33,26 €/KG","img":"https://fd11-photos.leclercdrive.fr/image.ashx?id=2986912&use=l&cat=p&typeid=i","cat":293239},{"id":161121,"n":"Boisson aromatisée Vin rosé Pamplemousse 7.5% vol - BIB 3L","p":7.86,"u":"2,62 €/L","img":"https://fd11-photos.leclercdrive.fr/image.ashx?id=2958528&use=l&cat=p&typeid=i","cat":304569},{"id":161126,"n":"Boisson aux fruits Jafun Multifruits - 2L","p":1.99,"u":"1,00 €/L","img":"https://fd11-photos.leclercdrive.fr/image.ashx?id=2897832&use=l&cat=p&typeid=i","cat":295018},{"id":161164,"n":"2 fontaines holographiques or Devineau - 1 pièce","p":2.9,"img":"https://fd11-photos.leclercdrive.fr/image.ashx?id=2155627&use=l&cat=p&typeid=i","cat":335913},{"id":161166,"n":"15 cierges étincelants gris Devineau 17,5cm - 1 pièce","p":1.9,"img":"https://fd11-photos.leclercdrive.fr/image.ashx?id=2155633&use=l&cat=p&typeid=i","cat":335913},{"id":161170,"n":"Bougie verre coloré sérigraphié vanille de Madagascar Devineau","p":4.9,"img":"https://fd11-photos.leclercdrive.fr/image.ashx?id=2672350&use=l&cat=p&typeid=i","cat":335913},{"id":161171,"n":"Bougie verre coloré sérigraphié Grenade d'Inde Devineau","p":4.28,"img":"https://fd11-photos.leclercdrive.fr/image.ashx?id=2672353&use=l&cat=p&typeid=i","cat":335913},{"id":161172,"n":"Bougie 70h Devineau Parfum Vanille de Madagascar","p":5.1,"img":"https://fd11-photos.leclercdrive.fr/image.ashx?id=2177067&use=l&cat=p&typeid=i","cat":335913},{"id":161173,"n":"Bougies droites 19H160 Devineau Blanc non parfumées - x10","p":2.99,"img":"https://fd11-photos.leclercdrive.fr/image.ashx?id=2177070&use=l&cat=p&typeid=i","cat":335913},{"id":161174,"n":"2 fontaines holographiques Argent Devineau - 1 pièce","p":2.9,"img":"https://fd11-photos.leclercdrive.fr/image.ashx?id=2155630&use=l&cat=p&typeid=i","cat":335913},{"id":161175,"n":"Bâtonnets d'encens Devineau Ambre d'Orient - Pochette de 20","p":1.4,"img":"https://fd11-photos.leclercdrive.fr/image.ashx?id=2672356&use=l&cat=p&typeid=i","cat":335913},{"id":161176,"n":"Bâtonnets d'encens Devineau Vanille de Madagascar - x20","p":1.23,"img":"https://fd11-photos.leclercdrive.fr/image.ashx?id=2672359&use=l&cat=p&typeid=i","cat":335913},{"id":161177,"n":"Pochette support en bois pour encens Devineau - 1 pièce","p":2.27,"img":"https://fd11-photos.leclercdrive.fr/image.ashx?id=2311750&use=l&cat=p&typeid=i","cat":335913},{"id":161226,"n":"Huile essentielle Puressentiel Gaulthérie Bio - 10ml","p":3.99,"u":"399,00 €/L","img":"https://fd11-photos.leclercdrive.fr/image.ashx?id=2155564&use=l&cat=p&typeid=i","cat":298633},{"id":161374,"n":"Pains au chocolat AOP x4","p":2.8,"u":"0,70 €/P","img":"https://fd11-photos.leclercdrive.fr/image.ashx?id=2070965&use=l&cat=p&typeid=i","cat":285531},{"id":161410,"n":"Pains hot dog La Fournée Dorée Brioch' x6 - 270g","p":1.83,"u":"6,78 €/KG","img":"https://fd11-photos.leclercdrive.fr/image.ashx?id=2406136&use=l&cat=p&typeid=i","cat":284985},{"id":161846,"n":"Sucre roux Tablier blanc En morceaux - 1kg","p":1.81,"u":"1,81 €/KG","img":"https://fd11-photos.leclercdrive.fr/image.ashx?id=3010437&use=l&cat=p&typeid=i","cat":284502},{"id":161914,"n":"Boisson aux fruits Jafun Tropical light - 2L","p":1.39,"u":"0,70 €/L","img":"https://fd11-photos.leclercdrive.fr/image.ashx?id=2982682&use=l&cat=p&typeid=i","cat":295018},{"id":162271,"n":"Tablette de chocolat noir Lindt Intense 70% - 2x200g","p":6.46,"pp":4.26,"u":"10,65 €/KG","img":"https://fd11-photos.leclercdrive.fr/image.ashx?id=2208936&use=l&cat=p&typeid=i","cat":285562},{"id":162274,"n":"Sauce Crudités Benedicta  Nature légère - 295g","p":1.85,"u":"6,27 €/KG","img":"https://fd11-photos.leclercdrive.fr/image.ashx?id=2755206&use=l&cat=p&typeid=i","cat":284456},{"id":162357,"n":"Samoussas L'Atelier Traiteur Boeuf curry - 220g","p":3.32,"u":"15,09 €/KG","img":"https://fd11-photos.leclercdrive.fr/image.ashx?id=2635709&use=l&cat=p&typeid=i","cat":333673},{"id":162403,"n":"Nems au porc L'Atelier Traiteur 280g","p":2.85,"u":"10,18 €/KG","img":"https://fd11-photos.leclercdrive.fr/image.ashx?id=2987646&use=l&cat=p&typeid=i","cat":333673},{"id":162407,"n":"Lasagnes à la bolognaise L'Atelier Traiteur - 900g","p":7.29,"u":"8,10 €/KG","img":"https://fd11-photos.leclercdrive.fr/image.ashx?id=2972367&use=l&cat=p&typeid=i","cat":333666},{"id":162572,"n":"Sauce apéritif Doritos Goût sour cream -280g","p":2.35,"u":"8,39 €/KG","img":"https://fd11-photos.leclercdrive.fr/image.ashx?id=2167528&use=l&cat=p&typeid=i","cat":284451},{"id":162596,"n":"Boisson aux fruits Jafun Orange - 2L","p":1.49,"u":"0,75 €/L","img":"https://fd11-photos.leclercdrive.fr/image.ashx?id=2897829&use=l&cat=p&typeid=i","cat":295018},{"id":162611,"n":"Parmentier de canard L'Atelier Traiteur - 750g","p":7.79,"u":"10,39 €/KG","img":"https://fd11-photos.leclercdrive.fr/image.ashx?id=2895807&use=l&cat=p&typeid=i","cat":333666},{"id":162613,"n":"Paëlla royale L'Atelier Traiteur - 900g","p":6.98,"u":"7,76 €/KG","img":"https://fd11-photos.leclercdrive.fr/image.ashx?id=2812611&use=l&cat=p&typeid=i","cat":333666},{"id":162614,"n":"Couscous L'Atelier Traiteur 900g","p":8.99,"u":"9,99 €/KG","img":"https://fd11-photos.leclercdrive.fr/image.ashx?id=3012454&use=l&cat=p&typeid=i","cat":333666},{"id":163021,"n":"Biscuits Knoppers Lait / Noisettes - 6x25g","p":1.96,"u":"13,07 €/KG","img":"https://fd11-photos.leclercdrive.fr/image.ashx?id=2659151&use=l&cat=p&typeid=i","cat":284488},{"id":163032,"n":"Déodorant Homme AXE Dark Temptation 48h 200ml","p":3.3,"u":"16,50 €/L","img":"https://fd11-photos.leclercdrive.fr/image.ashx?id=2894557&use=l&cat=p&typeid=i","cat":284618},{"id":163133,"n":"Bière ambrée Kwak 8.4% - 75cl","p":4.6,"u":"6,13 €/L","img":"https://fd11-photos.leclercdrive.fr/image.ashx?id=2948423&use=l&cat=p&typeid=i","cat":334872},{"id":163143,"n":"Dragibus Soft Haribo Sachet bonbons - 300g","p":1.35,"u":"4,50 €/KG","img":"https://fd11-photos.leclercdrive.fr/image.ashx?id=2806123&use=l&cat=p&typeid=i","cat":304250},{"id":163145,"n":"Dragibus Original Haribo Multipack bonbons - 250g","p":1.68,"u":"6,72 €/KG","img":"https://fd11-photos.leclercdrive.fr/image.ashx?id=2984943&use=l&cat=p&typeid=i","cat":304250},{"id":163147,"n":"Bonbons Haribo Dragolo - 750g","p":4.34,"u":"5,79 €/KG","img":"https://fd11-photos.leclercdrive.fr/image.ashx?id=2803586&use=l&cat=p&typeid=i","cat":304250},{"id":163185,"n":"Assiettes plates Homeside 23cm blanc sans film PE - x100","p":3.99,"u":"0,04 €/P","img":"https://fd11-photos.leclercdrive.fr/image.ashx?id=2177418&use=l&cat=p&typeid=i","cat":334134},{"id":163286,"n":"Gel de rasage Eucerin Nobacter - 150ml","p":7.99,"u":"53,27 €/L","img":"https://fd11-photos.leclercdrive.fr/image.ashx?id=2175602&use=l&cat=p&typeid=i","cat":291167},{"id":163317,"n":"Assiettes plates Homeside 23cm blanc sans film PE - x50","p":2.69,"u":"0,05 €/P","img":"https://fd11-photos.leclercdrive.fr/image.ashx?id=2177415&use=l&cat=p&typeid=i","cat":334134},{"id":163319,"n":"Assiettes plates Homeside 23cm rouge sans film PE - x20","p":1.96,"u":"0,10 €/P","img":"https://fd11-photos.leclercdrive.fr/image.ashx?id=2177406&use=l&cat=p&typeid=i","cat":334134},{"id":163323,"n":"Assiettes plates Homeside 23cm turquoise sans film PE-x20","p":1.96,"u":"0,10 €/P","img":"https://fd11-photos.leclercdrive.fr/image.ashx?id=2177409&use=l&cat=p&typeid=i","cat":334134},{"id":163324,"n":"Assiettes plates Homeside 23 cm grise sans film PE - x20","p":1.96,"u":"0,10 €/P","img":"https://fd11-photos.leclercdrive.fr/image.ashx?id=2177391&use=l&cat=p&typeid=i","cat":334134},{"id":163325,"n":"Assiettes plates Homeside Rose clair 23 cm - x20","p":1.96,"u":"0,10 €/P","img":"https://fd11-photos.leclercdrive.fr/image.ashx?id=2928345&use=l&cat=p&typeid=i","cat":334134},{"id":163326,"n":"Assiettes plates Homeside 23 cm noir sans film PE - x20","p":1.96,"u":"0,10 €/P","img":"https://fd11-photos.leclercdrive.fr/image.ashx?id=2177397&use=l&cat=p&typeid=i","cat":334134},{"id":163328,"n":"Aassiettes plates Homeside 23 cm anis sans film PE - x20","p":1.96,"u":"0,10 €/P","img":"https://fd11-photos.leclercdrive.fr/image.ashx?id=2177385&use=l&cat=p&typeid=i","cat":334134},{"id":163331,"n":"Assiettes plates Homeside Bleue 23cm  sans film PE - x20","p":1.96,"u":"0,10 €/P","img":"https://fd11-photos.leclercdrive.fr/image.ashx?id=2927893&use=l&cat=p&typeid=i","cat":334134},{"id":163333,"n":"Assiettes plates Homeside 23 cm Bleu nuit sans film - x20","p":1.96,"img":"https://fd11-photos.leclercdrive.fr/image.ashx?id=2742321&use=l&cat=p&typeid=i","cat":334134},{"id":163341,"n":"Gobelets 25cl Homeside Noir - x12","p":1.5,"u":"0,13 €/P","img":"https://fd11-photos.leclercdrive.fr/image.ashx?id=2708958&use=l&cat=p&typeid=i","cat":334134},{"id":163342,"n":"Gobelets 25cl Homeside Gris - x12","p":1.5,"u":"0,13 €/P","img":"https://fd11-photos.leclercdrive.fr/image.ashx?id=2708961&use=l&cat=p&typeid=i","cat":334134},{"id":163346,"n":"Gobelets 25cl Homeside Aqua - x12","p":1.5,"u":"0,13 €/P","img":"https://fd11-photos.leclercdrive.fr/image.ashx?id=2708970&use=l&cat=p&typeid=i","cat":334134},{"id":163350,"n":"Gobelets 25cl Homeside Chaud/froid - 25","p":1.9,"u":"0,08 €/P","img":"https://fd11-photos.leclercdrive.fr/image.ashx?id=2177355&use=l&cat=p&typeid=i","cat":334134},{"id":163354,"n":"Gobelets 20cl Eco+ Blanc - x50","p":1.26,"u":"0,03 €/P","img":"https://fd11-photos.leclercdrive.fr/image.ashx?id=2176608&use=l&cat=p&typeid=i","cat":334134},{"id":163355,"n":"Gobelets 10cl Homeside Décor café - x20","p":1.1,"u":"0,06 €/P","img":"https://fd11-photos.leclercdrive.fr/image.ashx?id=2177361&use=l&cat=p&typeid=i","cat":334134},{"id":163356,"n":"Gobelets 25cl Homeside Olive - x12","p":1.5,"u":"0,13 €/P","img":"https://fd11-photos.leclercdrive.fr/image.ashx?id=2708973&use=l&cat=p&typeid=i","cat":334134},{"id":163357,"n":"Gobelets 25cl Homeside Bleu ciel - x12","p":1.5,"u":"0,13 €/P","img":"https://fd11-photos.leclercdrive.fr/image.ashx?id=2708976&use=l&cat=p&typeid=i","cat":334134},{"id":163361,"n":"Gobelets 25cl Homeside Rouge - x12","p":1.5,"u":"0,13 €/P","img":"https://fd11-photos.leclercdrive.fr/image.ashx?id=2708982&use=l&cat=p&typeid=i","cat":334134},{"id":163362,"n":"Gobelets double paroi Homeside 10cl Carton kraft - x10","p":1.4,"u":"0,14 €/P","img":"https://fd11-photos.leclercdrive.fr/image.ashx?id=2181584&use=l&cat=p&typeid=i","cat":334134},{"id":163370,"n":"Thon entier Petit Navire MSC Nature - 3x112g","p":8.53,"u":"25,39 €/KG","img":"https://fd11-photos.leclercdrive.fr/image.ashx?id=2521921&use=l&cat=p&typeid=i","cat":303867},{"id":163420,"n":"Smarties Mini Bonbons Chocolats 21 boites - 315g","p":3.86,"u":"12,25 €/KG","img":"https://fd11-photos.leclercdrive.fr/image.ashx?id=2740862&use=l&cat=p&typeid=i","cat":304238},{"id":163521,"n":"Petit pot bébé Blédina 4-6 mois Épinards - 2x130g","p":1.55,"u":"5,96 €/KG","img":"https://fd11-photos.leclercdrive.fr/image.ashx?id=2986167&use=l&cat=p&typeid=i","cat":312234},{"id":163525,"n":"Petit pot bébé Blédina 6 mois Haricot carotte veau - 2x200g","p":2.17,"u":"5,43 €/KG","img":"https://fd11-photos.leclercdrive.fr/image.ashx?id=2935756&use=l&cat=p&typeid=i","cat":312236},{"id":163526,"n":"Petit pot bébé bledina 6 mois  Purée légumes agneau - 2x200g","p":2.23,"u":"5,58 €/KG","img":"https://fd11-photos.leclercdrive.fr/image.ashx?id=2976770&use=l&cat=p&typeid=i","cat":312236},{"id":163529,"n":"Compote bébé Blédina 4-6 mois Pomme - 2x130g","p":1.42,"u":"5,46 €/KG","img":"https://fd11-photos.leclercdrive.fr/image.ashx?id=2911211&use=l&cat=p&typeid=i","cat":312387},{"id":163543,"n":"Isey Skyr Vanille - 400g","p":3.14,"u":"7,85 €/KG","img":"https://fd11-photos.leclercdrive.fr/image.ashx?id=2598609&use=l&cat=p&typeid=i","cat":315000},{"id":163613,"n":"Mozzarella fromage râpé  Les Croisés - 150g","p":1.39,"u":"9,27 €/KG","img":"https://fd11-photos.leclercdrive.fr/image.ashx?id=2178848&use=l&cat=p&typeid=i","cat":314035},{"id":163643,"n":"Patates douces en morceaux Bio Bio Village - 600g","p":2.08,"u":"3,47 €/KG","img":"https://fd11-photos.leclercdrive.fr/image.ashx?id=2898101&use=l&cat=p&typeid=i","cat":319805},{"id":163749,"n":"Mousseline Purina Gourmet Boeuf nappé de sauce - 4x57g","p":2.82,"u":"12,37 €/KG","img":"https://fd11-photos.leclercdrive.fr/image.ashx?id=2861773&use=l&cat=p&typeid=i","cat":285286},{"id":163750,"n":"Mousseline Purina Gourmet Poulet nappé de sauce - 4x57g","p":2.81,"u":"12,32 €/KG","img":"https://fd11-photos.leclercdrive.fr/image.ashx?id=2864197&use=l&cat=p&typeid=i","cat":285286},{"id":163910,"n":"Daddy pure canne bio 750g","p":2.85,"u":"3,80 €/KG","img":"https://fd11-photos.leclercdrive.fr/image.ashx?id=2936077&use=l&cat=p&typeid=i","cat":284502},{"id":163930,"n":"Chorizo doux tranché L'Atelier Charcuterie - 100g","p":2.46,"u":"24,60 €/KG","img":"https://fd11-photos.leclercdrive.fr/image.ashx?id=2856666&use=l&cat=p&typeid=i","cat":316007},{"id":164541,"n":"Maïs Bonduelle Sans Résidu De Pesticides 285g","p":1.18,"u":"4,14 €/KG","img":"https://fd11-photos.leclercdrive.fr/image.ashx?id=2972892&use=l&cat=p&typeid=i","cat":312611},{"id":164567,"n":"Eau nettoyante Cadum Bébé  Douceur - 750ml","p":3.25,"u":"4,33 €/L","img":"https://fd11-photos.leclercdrive.fr/image.ashx?id=2278451&use=l&cat=p&typeid=i","cat":284741},{"id":164569,"n":"Gel nettoyant Cadum Bébé  Corps et Cheveux - 750ml","p":3.25,"u":"4,33 €/L","img":"https://fd11-photos.leclercdrive.fr/image.ashx?id=2377799&use=l&cat=p&typeid=i","cat":284740},{"id":164570,"n":"Gel Douche Sans Savon Cadum Huile d'Amandes Douces - 750ml","p":3.19,"u":"4,25 €/L","img":"https://fd11-photos.leclercdrive.fr/image.ashx?id=2352870&use=l&cat=p&typeid=i","cat":284594},{"id":164583,"n":"Gel Lavant enfant Cadum Corps & cheveux - 750ml","p":4.44,"u":"5,92 €/L","img":"https://fd11-photos.leclercdrive.fr/image.ashx?id=2839496&use=l&cat=p&typeid=i","cat":284594},{"id":164584,"n":"Crème Douche surgras Cadum Beurre de Karité - 750ml","p":3.19,"u":"4,25 €/L","img":"https://fd11-photos.leclercdrive.fr/image.ashx?id=2395020&use=l&cat=p&typeid=i","cat":284594},{"id":164598,"n":"40 sacs congélation Alfapac avec lien Moyen modèle","p":1.97,"u":"0,05 €/P","img":"https://fd11-photos.leclercdrive.fr/image.ashx?id=2918700&use=l&cat=p&typeid=i","cat":334134},{"id":164602,"n":"Lessive liquide fraîcheur ECO+ 40 lavages - 2L","p":2.16,"u":"1,08 €/L","img":"https://fd11-photos.leclercdrive.fr/image.ashx?id=2597988&use=l&cat=p&typeid=i","cat":284640},{"id":164656,"n":"Jus de Citron Jardin Bio Etic bio -1L","p":5.44,"u":"5,44 €/L","img":"https://fd11-photos.leclercdrive.fr/image.ashx?id=3002102&use=l&cat=p&typeid=i","cat":288383},{"id":164872,"n":"Saumon fumé Mowi Ecosse ASC - 120g","p":6.24,"u":"52,00 €/KG","img":"https://fd11-photos.leclercdrive.fr/image.ashx?id=2651975&use=l&cat=p&typeid=i","cat":285188},{"id":164919,"n":"Pommes de terre vapeur sautées Panier du Primeur - 2kg","p":2.29,"u":"1,15 €/KG","img":"https://fd11-photos.leclercdrive.fr/image.ashx?id=2757506&use=l&cat=p&typeid=i","cat":284352},{"id":165062,"n":"Gel Lubrifiant Intime Cherry Arome Cerise Durex 100ml","p":8.82,"u":"88,20 €/L","img":"https://fd11-photos.leclercdrive.fr/image.ashx?id=2960696&use=l&cat=p&typeid=i","cat":285160},{"id":165065,"n":"Huile moteur Tech 9 2T 100 Synhèse - 2L","p":12.89,"u":"6,45 €/L","img":"https://fd11-photos.leclercdrive.fr/image.ashx?id=2193821&use=l&cat=p&typeid=i","cat":298253},{"id":165131,"n":"Crème de cassis d'Anjou  Giffard 16% - 50cl","p":5.5,"pp":4.95,"u":"9,90 €/L","img":"https://fd11-photos.leclercdrive.fr/image.ashx?id=2219150&use=l&cat=p&typeid=i","cat":286032},{"id":165174,"n":"Spray aérien Puressentiel  Sommeil et détente - 75ml","p":10.89,"u":"145,20 €/L","img":"https://fd11-photos.leclercdrive.fr/image.ashx?id=2194253&use=l&cat=p&typeid=i","cat":298633},{"id":165199,"n":"Pate à tartiner Bonne Maman Noisette et cacao - 360g","p":3.62,"u":"10,06 €/KG","img":"https://fd11-photos.leclercdrive.fr/image.ashx?id=2891106&use=l&cat=p&typeid=i","cat":284481},{"id":165200,"n":"Pate à tartiner Bonne Maman Noisette et cacao - 580g","p":5.88,"u":"10,14 €/KG","img":"https://fd11-photos.leclercdrive.fr/image.ashx?id=2891109&use=l&cat=p&typeid=i","cat":284481},{"id":165225,"n":"Novanuit Triple action x30","p":9.99,"u":"222,00 €/KG","img":"https://fd11-photos.leclercdrive.fr/image.ashx?id=2237202&use=l&cat=p&typeid=i","cat":301265},{"id":165605,"n":"Tenders de poulet Coté Croc  - 600g","p":6.23,"u":"10,38 €/KG","img":"https://fd11-photos.leclercdrive.fr/image.ashx?id=2974819&use=l&cat=p&typeid=i","cat":319780},{"id":165643,"n":"Protège matelas Tissaïa Basics Blanc - 160x200cm","p":7.94,"img":"https://fd11-photos.leclercdrive.fr/image.ashx?id=2219431&use=l&cat=p&typeid=i","cat":286694},{"id":165656,"n":"Diffuseur Glade avec bâtonnets Lavandin & Santal - 80ml","p":7.44,"u":"93,00 €/L","img":"https://fd11-photos.leclercdrive.fr/image.ashx?id=2266083&use=l&cat=p&typeid=i","cat":311627},{"id":165699,"n":"Chocolats à la liqueur Abtey Extra fins x17 - 240g","p":5.98,"u":"24,92 €/KG","img":"https://fd11-photos.leclercdrive.fr/image.ashx?id=2870263&use=l&cat=p&typeid=i","cat":327601},{"id":165703,"n":"Tablette de chocolat au lait   Rohan Père Noël - 100g","p":2.06,"u":"20,60 €/KG","img":"https://fd11-photos.leclercdrive.fr/image.ashx?id=2198651&use=l&cat=p&typeid=i","cat":327592},{"id":165725,"n":"Marrons glacés L'Artisan Provençal x8 - 145g","p":11.72,"u":"80,83 €/KG","img":"https://fd11-photos.leclercdrive.fr/image.ashx?id=2390245&use=l&cat=p&typeid=i","cat":327603},{"id":165769,"n":"After Eight Chocolat Noël Saveur fraise - 400g","p":8.12,"u":"20,30 €/KG","img":"https://fd11-photos.leclercdrive.fr/image.ashx?id=2451489&use=l&cat=p&typeid=i","cat":327595},{"id":165801,"n":"Sauce bolognaise Eco+ 420g","p":1.13,"u":"2,69 €/KG","img":"https://fd11-photos.leclercdrive.fr/image.ashx?id=2634845&use=l&cat=p&typeid=i","cat":287599},{"id":166221,"n":"Acide citrique Biovie 350g","p":5.29,"u":"15,11 €/KG","img":"https://fd11-photos.leclercdrive.fr/image.ashx?id=2997007&use=l&cat=p&typeid=i","cat":325365},{"id":166304,"n":"Croquettes poisson pané Findus MSC Ail Fines Herbes x6 - 300g","p":2.9,"u":"9,67 €/KG","img":"https://fd11-photos.leclercdrive.fr/image.ashx?id=3008752&use=l&cat=p&typeid=i","cat":319788},{"id":166377,"n":"Lessive eco-recharge Uni Vert Fleur x30 lavages - 1,05L","p":4.12,"u":"3,92 €/L","img":"https://fd11-photos.leclercdrive.fr/image.ashx?id=2838942&use=l&cat=p&typeid=i","cat":284640},{"id":166403,"n":"Lessive eco-recharge Uni Vert Aloe x30 lavages - 1.05L","p":4.12,"u":"3,92 €/L","img":"https://fd11-photos.leclercdrive.fr/image.ashx?id=2669780&use=l&cat=p&typeid=i","cat":284640},{"id":166404,"n":"Lessive eco-recharge Uni Vert  Aloe Vera x42 lavages - 1.5L","p":5.91,"u":"3,94 €/L","img":"https://fd11-photos.leclercdrive.fr/image.ashx?id=2955056&use=l&cat=p&typeid=i","cat":284640},{"id":166601,"n":"Compote bio Jardin Bio Pomme banane - 680g","p":3.5,"u":"5,15 €/KG","img":"https://fd11-photos.leclercdrive.fr/image.ashx?id=2918307&use=l&cat=p&typeid=i","cat":284508},{"id":166602,"n":"Compote bio Jardin Bio Pomme fraise - 680g","p":3.4,"u":"5,00 €/KG","img":"https://fd11-photos.leclercdrive.fr/image.ashx?id=2918835&use=l&cat=p&typeid=i","cat":284508},{"id":166654,"n":"1ère Crème lavante bébé Uriage Flacon pompe - 500ml","p":9.05,"u":"18,10 €/L","img":"https://fd11-photos.leclercdrive.fr/image.ashx?id=2735455&use=l&cat=p&typeid=i","cat":290425},{"id":166655,"n":"1ère Crème lavante bébé Uriage Flacon pompe - 1L","p":10.0,"u":"10,00 €/L","img":"https://fd11-photos.leclercdrive.fr/image.ashx?id=2209531&use=l&cat=p&typeid=i","cat":290425},{"id":166656,"n":"1ère eau nettoyante bébé Uriage Flacon pompe - 500ml","p":7.0,"u":"14,00 €/L","img":"https://fd11-photos.leclercdrive.fr/image.ashx?id=2689970&use=l&cat=p&typeid=i","cat":290425},{"id":166657,"n":"1ère eau nettoyante bébé Uriage Flacon pompe - 1L","p":8.5,"u":"8,50 €/L","img":"https://fd11-photos.leclercdrive.fr/image.ashx?id=2209537&use=l&cat=p&typeid=i","cat":290425},{"id":166664,"n":"Baume Lipikar La Roche Posay AP M Tube Eco Responsable-200ml","p":14.99,"u":"74,95 €/L","img":"https://fd11-photos.leclercdrive.fr/image.ashx?id=2209435&use=l&cat=p&typeid=i","cat":290421},{"id":166665,"n":"Correcteur intensif SVR Sebiaclear Active Gel - 40ml","p":8.47,"u":"211,75 €/L","img":"https://fd11-photos.leclercdrive.fr/image.ashx?id=2965139&use=l&cat=p&typeid=i","cat":291166},{"id":166666,"n":"Gel lavant Topialyse SVR Apaisant hydratant 24h - 1L","p":7.49,"pp":5.62,"u":"5,62 €/L","img":"https://fd11-photos.leclercdrive.fr/image.ashx?id=2971655&use=l&cat=p&typeid=i","cat":301591},{"id":166667,"n":"Huile lavante Topialyse SVR 1L","p":13.99,"pp":10.49,"u":"10,49 €/L","img":"https://fd11-photos.leclercdrive.fr/image.ashx?id=2971185&use=l&cat=p&typeid=i","cat":301591},{"id":166674,"n":"Confiture Douceur du Verger Fraise - 750g","p":2.15,"u":"2,87 €/KG","img":"https://fd11-photos.leclercdrive.fr/image.ashx?id=2965545&use=l&cat=p&typeid=i","cat":284480},{"id":166675,"n":"Confiture Douceur du Verger Abricot - 370g","p":1.27,"u":"3,43 €/KG","img":"https://fd11-photos.leclercdrive.fr/image.ashx?id=2965569&use=l&cat=p&typeid=i","cat":284480},{"id":166686,"n":"Yaourt protéiné Hipro  Coco 0%mg - 2x160g","p":2.01,"u":"6,28 €/KG","img":"https://fd11-photos.leclercdrive.fr/image.ashx?id=2807423&use=l&cat=p&typeid=i","cat":315000},{"id":166707,"n":"Saumon fumé Delpierre Norvège 10 tranches - 320g","p":11.45,"u":"35,78 €/KG","img":"https://fd11-photos.leclercdrive.fr/image.ashx?id=2961915&use=l&cat=p&typeid=i","cat":285188},{"id":166753,"n":"Apéritif Apérol Spritz 12.5% vol - 1L","p":14.44,"u":"14,44 €/L","img":"https://fd11-photos.leclercdrive.fr/image.ashx?id=2957287&use=l&cat=p&typeid=i","cat":286032},{"id":166754,"n":"Spéculoos pocket P'tit Déli 168g","p":0.85,"u":"5,06 €/KG","img":"https://fd11-photos.leclercdrive.fr/image.ashx?id=2245598&use=l&cat=p&typeid=i","cat":284487},{"id":166819,"n":"Sucre en poudre Tablier Blanc 1kg","p":1.53,"u":"1,53 €/KG","img":"https://fd11-photos.leclercdrive.fr/image.ashx?id=3010434&use=l&cat=p&typeid=i","cat":284502},{"id":166839,"n":"Fruits de mer Hamlet Chocolat praliné - 250g","p":6.89,"pp":4.55,"u":"18,20 €/KG","img":"https://fd11-photos.leclercdrive.fr/image.ashx?id=2753247&use=l&cat=p&typeid=i","cat":327595},{"id":167011,"n":"Pur jus de clémentine Jafaden 90cl","p":2.15,"u":"2,39 €/L","img":"https://fd11-photos.leclercdrive.fr/image.ashx?id=2723162&use=l&cat=p&typeid=i","cat":285435},{"id":167143,"n":"Nocciolato minis Novi 130g","p":4.48,"u":"34,46 €/KG","img":"https://fd11-photos.leclercdrive.fr/image.ashx?id=2615176&use=l&cat=p&typeid=i","cat":327595},{"id":167177,"n":"Praliné crème The belgian 200g","p":7.49,"pp":4.94,"u":"24,70 €/KG","img":"https://fd11-photos.leclercdrive.fr/image.ashx?id=2214141&use=l&cat=p&typeid=i","cat":327595},{"id":167178,"n":"Praliné tiramisu The belgian 200g","p":7.49,"pp":4.94,"u":"24,70 €/KG","img":"https://fd11-photos.leclercdrive.fr/image.ashx?id=2214144&use=l&cat=p&typeid=i","cat":327595},{"id":167180,"n":"Truffles praliné The belgian Truffles praliné  - 200g","p":3.95,"u":"19,75 €/KG","img":"https://fd11-photos.leclercdrive.fr/image.ashx?id=2214138&use=l&cat=p&typeid=i","cat":327600},{"id":167181,"n":"Truffles caramel The belgian Truffles caramel - 200g","p":3.95,"u":"19,75 €/KG","img":"https://fd11-photos.leclercdrive.fr/image.ashx?id=2214147&use=l&cat=p&typeid=i","cat":327600},{"id":167182,"n":"Tubo renne lait Libeert Moulage lait décoré - 150g","p":6.21,"u":"41,40 €/KG","img":"https://fd11-photos.leclercdrive.fr/image.ashx?id=2306444&use=l&cat=p&typeid=i","cat":327592},{"id":167183,"n":"Tubo père noël  lait Libeert Moulage lait décoré - 150g","p":7.63,"u":"50,87 €/KG","img":"https://fd11-photos.leclercdrive.fr/image.ashx?id=2306447&use=l&cat=p&typeid=i","cat":327592},{"id":167202,"n":"Nougat noir  Chabert & Guillot  - 100g","p":3.64,"u":"36,40 €/KG","img":"https://fd11-photos.leclercdrive.fr/image.ashx?id=2491310&use=l&cat=p&typeid=i","cat":327605},{"id":167238,"n":"Escargots noir et lait Revillon Papillotes Noir Lait - 370g","p":11.36,"u":"30,70 €/KG","img":"https://fd11-photos.leclercdrive.fr/image.ashx?id=2661205&use=l&cat=p&typeid=i","cat":327597},{"id":167239,"n":"Festif Truffes Revillon Noir 70% - 370g","p":11.93,"u":"32,24 €/KG","img":"https://fd11-photos.leclercdrive.fr/image.ashx?id=2661199&use=l&cat=p&typeid=i","cat":327597},{"id":167240,"n":"Festif rochers Revillon Noir 70% & lait - 370g","p":11.83,"u":"31,97 €/KG","img":"https://fd11-photos.leclercdrive.fr/image.ashx?id=2661661&use=l&cat=p&typeid=i","cat":327597},{"id":167241,"n":"Festif Malakoffs Revillon Noir 70% & lait - 370g","p":11.93,"u":"32,24 €/KG","img":"https://fd11-photos.leclercdrive.fr/image.ashx?id=2661202&use=l&cat=p&typeid=i","cat":327597},{"id":167242,"n":"Nougats noir et lait  Revillon Noir 70% & lait - 300g","p":11.78,"u":"39,27 €/KG","img":"https://fd11-photos.leclercdrive.fr/image.ashx?id=2661658&use=l&cat=p&typeid=i","cat":327597},{"id":167245,"n":"Papillotes Révillon Blanc Féerique - 360g","p":11.36,"u":"31,56 €/KG","img":"https://fd11-photos.leclercdrive.fr/image.ashx?id=2409124&use=l&cat=p&typeid=i","cat":327597},{"id":167246,"n":"Papillotes Revillon Noir Lait Féerique - 360g","p":11.58,"u":"32,17 €/KG","img":"https://fd11-photos.leclercdrive.fr/image.ashx?id=2863275&use=l&cat=p&typeid=i","cat":327597},{"id":167247,"n":"Papillotes Révillon Lait et Blanc - 360g","p":11.36,"u":"31,56 €/KG","img":"https://fd11-photos.leclercdrive.fr/image.ashx?id=2863278&use=l&cat=p&typeid=i","cat":327597},{"id":167248,"n":"Papillote Révillon Noir Lait et Blanc Féerique - 360g","p":11.58,"u":"32,17 €/KG","img":"https://fd11-photos.leclercdrive.fr/image.ashx?id=2863121&use=l&cat=p&typeid=i","cat":327597},{"id":167256,"n":"Bonhomme de neige Riegelein 125g","p":3.49,"u":"27,92 €/KG","img":"https://fd11-photos.leclercdrive.fr/image.ashx?id=2848325&use=l&cat=p&typeid=i","cat":327592},{"id":167274,"n":"Sucette chocolat Rohan Modèle divers - 35g","p":1.84,"u":"52,57 €/KG","img":"https://fd11-photos.leclercdrive.fr/image.ashx?id=2900878&use=l&cat=p&typeid=i","cat":327592},{"id":167306,"n":"Soupe Déshydratée Oignon KNORR 4 portions - 94g","p":1.18,"u":"12,55 €/KG","img":"https://fd11-photos.leclercdrive.fr/image.ashx?id=2780088&use=l&cat=p&typeid=i","cat":284463},{"id":167307,"n":"Faisselle des Limousins Laiterie les Fayes - 1kg","p":3.86,"u":"3,86 €/KG","img":"https://fd11-photos.leclercdrive.fr/image.ashx?id=2215704&use=l&cat=p&typeid=i","cat":284409},{"id":167309,"n":"Lait demi-écrémé Les Fayes UHT - Bouteille - 6x1L","p":7.19,"u":"1,20 €/L","img":"https://fd11-photos.leclercdrive.fr/image.ashx?id=2215707&use=l&cat=p&typeid=i","cat":284377},{"id":167375,"n":"Pois chiches d'aucy Bien Cultivés - 250g","p":1.98,"u":"7,92 €/KG","img":"https://fd11-photos.leclercdrive.fr/image.ashx?id=2800764&use=l&cat=p&typeid=i","cat":312609},{"id":167382,"n":"Pois carottes d'aucy  Bien Cultivés - 250g","p":1.88,"u":"7,52 €/KG","img":"https://fd11-photos.leclercdrive.fr/image.ashx?id=2835259&use=l&cat=p&typeid=i","cat":312607},{"id":167389,"n":"Pur jus d'orange Jafaden Sans pulpe - 90cl","p":2.15,"u":"2,39 €/L","img":"https://fd11-photos.leclercdrive.fr/image.ashx?id=2723159&use=l&cat=p&typeid=i","cat":285435},{"id":167391,"n":"Jus de pomme Jafaden 90cl","p":1.91,"u":"2,12 €/L","img":"https://fd11-photos.leclercdrive.fr/image.ashx?id=2723171&use=l&cat=p&typeid=i","cat":285435},{"id":167392,"n":"Jus d'ananas Jafaden 90cl","p":2.21,"u":"2,46 €/L","img":"https://fd11-photos.leclercdrive.fr/image.ashx?id=2819642&use=l&cat=p&typeid=i","cat":285435},{"id":167394,"n":"Pur jus multifruits Jafaden Pomme pêche abricot - 90cl","p":2.09,"u":"2,32 €/L","img":"https://fd11-photos.leclercdrive.fr/image.ashx?id=2723180&use=l&cat=p&typeid=i","cat":285435},{"id":167395,"n":"Pur jus d'orange frais Jafaden Avec pulpe - 1,5L","p":3.66,"u":"2,44 €/L","img":"https://fd11-photos.leclercdrive.fr/image.ashx?id=2916719&use=l&cat=p&typeid=i","cat":285435},{"id":167397,"n":"Pur jus d'orange Jafaden Avec pulpe - 90cl","p":2.21,"u":"2,46 €/L","img":"https://fd11-photos.leclercdrive.fr/image.ashx?id=2723156&use=l&cat=p&typeid=i","cat":285435},{"id":167399,"n":"Mini cheese burgers Côté Croc x10 - 155g","p":6.35,"u":"40,97 €/KG","img":"https://fd11-photos.leclercdrive.fr/image.ashx?id=2898266&use=l&cat=p&typeid=i","cat":319774},{"id":167410,"n":"Assortiment Chocolats Hamlet \"Classic\" - 250g","p":9.79,"u":"39,16 €/KG","img":"https://fd11-photos.leclercdrive.fr/image.ashx?id=2872126&use=l&cat=p&typeid=i","cat":327595},{"id":167420,"n":"Compote bébé Blédina 6 mois  Pomme mangue - 4x130g","p":2.66,"u":"5,12 €/KG","img":"https://fd11-photos.leclercdrive.fr/image.ashx?id=2901656&use=l&cat=p&typeid=i","cat":312387},{"id":167433,"n":"Bière blonde Michard - 33cl","p":2.93,"u":"8,88 €/L","img":"https://fd11-photos.leclercdrive.fr/image.ashx?id=2312137&use=l&cat=p&typeid=i","cat":334873},{"id":167434,"n":"Bière brune Michard - 33cl","p":2.93,"u":"8,88 €/L","img":"https://fd11-photos.leclercdrive.fr/image.ashx?id=2312143&use=l&cat=p&typeid=i","cat":334852},{"id":167435,"n":"Bière ambrée Michard - 33cl","p":2.93,"u":"8,88 €/L","img":"https://fd11-photos.leclercdrive.fr/image.ashx?id=2336245&use=l&cat=p&typeid=i","cat":334852},{"id":167436,"n":"Bière blanche Michard - 33cl","p":2.93,"u":"8,88 €/L","img":"https://fd11-photos.leclercdrive.fr/image.ashx?id=2306126&use=l&cat=p&typeid=i","cat":334878},{"id":167437,"n":"Bière abbaye Saint Martial Michard - 33cl","p":3.19,"u":"9,67 €/L","img":"https://fd11-photos.leclercdrive.fr/image.ashx?id=2217083&use=l&cat=p&typeid=i","cat":334852},{"id":167439,"n":"Bière de Noël pur malt Michard - 33cl","p":2.9,"u":"8,79 €/L","img":"https://fd11-photos.leclercdrive.fr/image.ashx?id=2306129&use=l&cat=p&typeid=i","cat":334872},{"id":167529,"n":"Lait bébé en poudre Gallia Calisma 1er âge 0-6 mois 830g","p":15.79,"u":"19,02 €/KG","img":"https://fd11-photos.leclercdrive.fr/image.ashx?id=2456201&use=l&cat=p&typeid=i","cat":284726},{"id":167530,"n":"Lait bébé en poudre Gallia Calisma 2e âge 6-12 mois 830g","p":15.07,"u":"18,16 €/KG","img":"https://fd11-photos.leclercdrive.fr/image.ashx?id=2479730&use=l&cat=p&typeid=i","cat":284727},{"id":167531,"n":"Lait bébé poudre Gallia Relais Calisma  1er âge 0-6 mois 830g","p":19.11,"u":"23,02 €/KG","img":"https://fd11-photos.leclercdrive.fr/image.ashx?id=2462460&use=l&cat=p&typeid=i","cat":284726},{"id":167532,"n":"Lait bébé poudre Gallia Relais Calisma 2e âge 6-12 mois 830g","p":18.23,"u":"21,96 €/KG","img":"https://fd11-photos.leclercdrive.fr/image.ashx?id=2911217&use=l&cat=p&typeid=i","cat":284727},{"id":167533,"n":"Tagliatelle Lustucru Selection  360g","p":1.44,"u":"4,00 €/KG","img":"https://fd11-photos.leclercdrive.fr/image.ashx?id=2885351&use=l&cat=p&typeid=i","cat":333682},{"id":167534,"n":"Tagliatelle Lustucru Selection  Maxi 600g","p":2.36,"u":"3,93 €/KG","img":"https://fd11-photos.leclercdrive.fr/image.ashx?id=2792399&use=l&cat=p&typeid=i","cat":333682},{"id":167561,"n":"Brique pur jus Jafaden Multifruits - 1,5L","p":2.82,"u":"1,88 €/L","img":"https://fd11-photos.leclercdrive.fr/image.ashx?id=2916722&use=l&cat=p&typeid=i","cat":285435},{"id":167899,"n":"Truite fumée des Charentes  Ovive 4 tranches - 120g","p":5.63,"u":"46,92 €/KG","img":"https://fd11-photos.leclercdrive.fr/image.ashx?id=2786846&use=l&cat=p&typeid=i","cat":285188},{"id":168151,"n":"Biscuit bébé Blédina 15 mois  Céréales pépites chocolat -168g","p":2.77,"u":"16,49 €/KG","img":"https://fd11-photos.leclercdrive.fr/image.ashx?id=2892421&use=l&cat=p&typeid=i","cat":312227},{"id":168168,"n":"Huile d'olive Cauvin Vierge Extra - 75cl","p":8.99,"u":"11,99 €/L","img":"https://fd11-photos.leclercdrive.fr/image.ashx?id=2498353&use=l&cat=p&typeid=i","cat":284453},{"id":168169,"n":"Ferments Lactiques Tablier Blanc - 8g","p":2.42,"u":"302,50 €/KG","img":"https://fd11-photos.leclercdrive.fr/image.ashx?id=2900355&use=l&cat=p&typeid=i","cat":284504},{"id":168205,"n":"Foie gras de canard Jean Larnaudie - 170g","p":27.5,"u":"161,76 €/KG","img":"https://fd11-photos.leclercdrive.fr/image.ashx?id=2915823&use=l&cat=p&typeid=i","cat":316008},{"id":168207,"n":"Foie gras de canard Jean Larnaudie - 170g","p":28.8,"u":"169,41 €/KG","img":"https://fd11-photos.leclercdrive.fr/image.ashx?id=2228594&use=l&cat=p&typeid=i","cat":316008},{"id":168300,"n":"Raclette au vin blanc Tranches - 150g","p":2.63,"u":"17,53 €/KG","img":"https://fd11-photos.leclercdrive.fr/image.ashx?id=2503875&use=l&cat=p&typeid=i","cat":314036},{"id":168301,"n":"Skyr Yoplait  Nature 0%Mg - 850g","p":3.19,"u":"3,75 €/KG","img":"https://fd11-photos.leclercdrive.fr/image.ashx?id=2884444&use=l&cat=p&typeid=i","cat":315000},{"id":168316,"n":"Steaks hachés Charal Pur Bœuf 5% MG 4x100g - 400g","p":8.43,"u":"21,08 €/KG","img":"https://fd11-photos.leclercdrive.fr/image.ashx?id=2741994&use=l&cat=p&typeid=i","cat":319778},{"id":168569,"n":"Boulettes au bœuf Charal x30 - 900g","p":8.49,"u":"9,43 €/KG","img":"https://fd11-photos.leclercdrive.fr/image.ashx?id=2901845&use=l&cat=p&typeid=i","cat":319779},{"id":168656,"n":"Schoko-bons white Kinder Chocolat - 300g","p":6.65,"u":"22,17 €/KG","img":"https://fd11-photos.leclercdrive.fr/image.ashx?id=2918071&use=l&cat=p&typeid=i","cat":327592},{"id":168990,"n":"Burgers Eco+ x10 - 1kg","p":6.53,"u":"6,53 €/KG","img":"https://fd11-photos.leclercdrive.fr/image.ashx?id=2966523&use=l&cat=p&typeid=i","cat":319778},{"id":168992,"n":"Nuggets de volaille Eco+ 500g","p":2.18,"u":"4,36 €/KG","img":"https://fd11-photos.leclercdrive.fr/image.ashx?id=2965795&use=l&cat=p&typeid=i","cat":319780},{"id":168993,"n":"Viande hachée Eco+  800g","p":9.49,"u":"11,86 €/KG","img":"https://fd11-photos.leclercdrive.fr/image.ashx?id=2966526&use=l&cat=p&typeid=i","cat":319779},{"id":168994,"n":"Yaourt Enfant Petits Filous Tubs Aromatisés - x15","p":2.93,"u":"5,28 €/KG","img":"https://fd11-photos.leclercdrive.fr/image.ashx?id=2811038&use=l&cat=p&typeid=i","cat":284415},{"id":168995,"n":"Yaourt brassé Perle de Lait Vanille - 4x125g","p":1.93,"u":"3,86 €/KG","img":"https://fd11-photos.leclercdrive.fr/image.ashx?id=2939715&use=l&cat=p&typeid=i","cat":314999},{"id":169006,"n":"Cocktail de fruits de mer Eco+ Précuit - 500g","p":3.77,"u":"7,54 €/KG","img":"https://fd11-photos.leclercdrive.fr/image.ashx?id=2800219&use=l&cat=p&typeid=i","cat":319787},{"id":169026,"n":"Pané de colin d'Alaska Eco+ x5 - 800g","p":4.49,"u":"5,61 €/KG","img":"https://fd11-photos.leclercdrive.fr/image.ashx?id=2804323&use=l&cat=p&typeid=i","cat":319788},{"id":169057,"n":"Pizza Margherita Eco+ x3 - 900g","p":2.62,"u":"2,91 €/KG","img":"https://fd11-photos.leclercdrive.fr/image.ashx?id=2626778&use=l&cat=p&typeid=i","cat":284256},{"id":169342,"n":"Lardons fumés Herta 200g","p":2.14,"u":"10,70 €/KG","img":"https://fd11-photos.leclercdrive.fr/image.ashx?id=2939307&use=l&cat=p&typeid=i","cat":316011},{"id":169344,"n":"Lardons fumés Herta Sans nitrite - 2x75g","p":1.8,"u":"12,00 €/KG","img":"https://fd11-photos.leclercdrive.fr/image.ashx?id=2731369&use=l&cat=p&typeid=i","cat":316011},{"id":169345,"n":"Lardons nature Herta 200g","p":2.15,"u":"10,75 €/KG","img":"https://fd11-photos.leclercdrive.fr/image.ashx?id=2731357&use=l&cat=p&typeid=i","cat":316011},{"id":169346,"n":"Allumettes fumées Herta Sans nitrite - 2x75g","p":1.83,"u":"12,20 €/KG","img":"https://fd11-photos.leclercdrive.fr/image.ashx?id=2868903&use=l&cat=p&typeid=i","cat":316011},{"id":169347,"n":"Allumettes nature Herta Sans nitrite - 2x75g","p":1.95,"u":"13,00 €/KG","img":"https://fd11-photos.leclercdrive.fr/image.ashx?id=2868906&use=l&cat=p&typeid=i","cat":316011},{"id":169353,"n":"Pâte feuilletée Herta Tarte en Or - 230g","p":0.94,"u":"4,09 €/KG","img":"https://fd11-photos.leclercdrive.fr/image.ashx?id=2918658&use=l&cat=p&typeid=i","cat":333681},{"id":169354,"n":"Pâte brisée Herta Tarte en Or - 230g","p":1.01,"u":"4,39 €/KG","img":"https://fd11-photos.leclercdrive.fr/image.ashx?id=2739189&use=l&cat=p&typeid=i","cat":333681},{"id":169429,"n":"Tendres Effilés en Gelée Felix Selection poissons 12x85g","p":4.8,"u":"4,71 €/KG","img":"https://fd11-photos.leclercdrive.fr/image.ashx?id=2995439&use=l&cat=p&typeid=i","cat":285286},{"id":169430,"n":"Tendres Effilés en Gelée Felix Selection campagne 12x85g","p":4.72,"u":"4,63 €/KG","img":"https://fd11-photos.leclercdrive.fr/image.ashx?id=2957668&use=l&cat=p&typeid=i","cat":285286},{"id":169432,"n":"Tendres Effilés en Gelée Felix Selection mixte - 24x85g","p":8.87,"u":"4,35 €/KG","img":"https://fd11-photos.leclercdrive.fr/image.ashx?id=2869651&use=l&cat=p&typeid=i","cat":285286},{"id":169443,"n":"Tendres Effilés Gelée 44x85g","p":16.8,"u":"4,49 €/KG","img":"https://fd11-photos.leclercdrive.fr/image.ashx?id=2957674&use=l&cat=p&typeid=i","cat":285286},{"id":169445,"n":"Duos en gelée Felix Selection campagne - 44x85g","p":16.34,"u":"4,37 €/KG","img":"https://fd11-photos.leclercdrive.fr/image.ashx?id=2976857&use=l&cat=p&typeid=i","cat":285286},{"id":169447,"n":"Emincés En Gelée Felix Selection mixte - 12x85g","p":4.01,"u":"3,93 €/KG","img":"https://fd11-photos.leclercdrive.fr/image.ashx?id=2869657&use=l&cat=p&typeid=i","cat":285286},{"id":169448,"n":"Emincés En Gelée  Felix Volaille légumes - 12x85g","p":4.02,"u":"3,94 €/KG","img":"https://fd11-photos.leclercdrive.fr/image.ashx?id=2909212&use=l&cat=p&typeid=i","cat":285286},{"id":169510,"n":"Crème lavante Uriage 1L","p":10.79,"u":"10,79 €/L","img":"https://fd11-photos.leclercdrive.fr/image.ashx?id=2240113&use=l&cat=p&typeid=i","cat":301591},{"id":169921,"n":"Pousses haricot Mungo Les Crudettes - 250g","p":2.34,"u":"9,36 €/KG","img":"https://fd11-photos.leclercdrive.fr/image.ashx?id=2243122&use=l&cat=p&typeid=i","cat":284352},{"id":170032,"n":"Bloc Foie Gras Canard poivre de Madagascar Delpeyrat 330g","p":14.97,"u":"45,36 €/KG","img":"https://fd11-photos.leclercdrive.fr/image.ashx?id=2569365&use=l&cat=p&typeid=i","cat":305148},{"id":170226,"n":"Foie gras de canard entier Sel de Guérande Delpeyrat 125g","p":10.99,"u":"87,92 €/KG","img":"https://fd11-photos.leclercdrive.fr/image.ashx?id=2569383&use=l&cat=p&typeid=i","cat":305148},{"id":170322,"n":"Sauce à la truffe blanche d'été Charal - 120g","p":2.16,"u":"18,00 €/KG","img":"https://fd11-photos.leclercdrive.fr/image.ashx?id=2245508&use=l&cat=p&typeid=i","cat":327293},{"id":170561,"n":"Friandises chien Tous mes Amis Sticks au Boeuf - 3x11g","p":0.5,"u":"15,15 €/KG","img":"https://fd11-photos.leclercdrive.fr/image.ashx?id=2302265&use=l&cat=p&typeid=i","cat":294527},{"id":170778,"n":"Bloc de foie gras Jean Larnaudie - 230g","p":24.97,"u":"108,57 €/KG","img":"https://fd11-photos.leclercdrive.fr/image.ashx?id=2915811&use=l&cat=p&typeid=i","cat":316008},{"id":170942,"n":"Vin effervescent d'Allemagne Pêche de vigne Sans alcool 75cl","p":3.46,"u":"4,61 €/L","img":"https://fd11-photos.leclercdrive.fr/image.ashx?id=2746214&use=l&cat=p&typeid=i","cat":289460},{"id":170957,"n":"Confiture Douceur du Verger Abricot - 750g","p":2.31,"u":"3,08 €/KG","img":"https://fd11-photos.leclercdrive.fr/image.ashx?id=2965581&use=l&cat=p&typeid=i","cat":284480},{"id":171050,"n":"Foie gras de canard 70 ans IGP Jean Larnaudie - 170g","p":27.5,"u":"161,76 €/KG","img":"https://fd11-photos.leclercdrive.fr/image.ashx?id=2915820&use=l&cat=p&typeid=i","cat":316008},{"id":171105,"n":"Foie gras de canard Delpeyrat Barquette 360g","p":42.49,"u":"118,03 €/KG","img":"https://fd11-photos.leclercdrive.fr/image.ashx?id=2901710&use=l&cat=p&typeid=i","cat":316008},{"id":171108,"n":"Bloc de foie gras Delpeyrat Barquette 540g","p":42.49,"u":"78,69 €/KG","img":"https://fd11-photos.leclercdrive.fr/image.ashx?id=2904691&use=l&cat=p&typeid=i","cat":316008},{"id":171110,"n":"Foie gras de canard Delpeyrat Bocal 360g","p":42.49,"u":"118,03 €/KG","img":"https://fd11-photos.leclercdrive.fr/image.ashx?id=2730565&use=l&cat=p&typeid=i","cat":316008},{"id":171111,"n":"Bloc de foie gras Larnaudie aux sauternes 1er cru - 320g","p":39.44,"u":"123,25 €/KG","img":"https://fd11-photos.leclercdrive.fr/image.ashx?id=2915832&use=l&cat=p&typeid=i","cat":316008},{"id":171188,"n":"Glace Barre Glacée Snickers  Caramel & Cacahuètes x6 - 274g","p":3.55,"u":"12,96 €/KG","img":"https://fd11-photos.leclercdrive.fr/image.ashx?id=2295508&use=l&cat=p&typeid=i","cat":284264},{"id":171192,"n":"Barre glacée Mars  Chocolat & Caramel x12 - 480g","p":5.18,"u":"10,79 €/KG","img":"https://fd11-photos.leclercdrive.fr/image.ashx?id=2295927&use=l&cat=p&typeid=i","cat":284264},{"id":171409,"n":"Sac poubelle Elembal 50L - x40","p":5.99,"u":"0,15 €/P","img":"https://fd11-photos.leclercdrive.fr/image.ashx?id=2793311&use=l&cat=p&typeid=i","cat":285168},{"id":171470,"n":"Shampooing Klorane Grenade Cheveux colorés - 400ml","p":10.49,"u":"26,23 €/L","img":"https://fd11-photos.leclercdrive.fr/image.ashx?id=2878960&use=l&cat=p&typeid=i","cat":290400},{"id":171494,"n":"Shampooing Pivoine bio Klorane Apaisant anti-irritant - 400ml","p":9.49,"u":"23,73 €/L","img":"https://fd11-photos.leclercdrive.fr/image.ashx?id=2968250&use=l&cat=p&typeid=i","cat":290400},{"id":171496,"n":"Shampooing Centaurée Bio Klorane déjaunissant - 400ml","p":10.49,"u":"26,23 €/L","img":"https://fd11-photos.leclercdrive.fr/image.ashx?id=2878966&use=l&cat=p&typeid=i","cat":290400},{"id":171509,"n":"Shampooing Klorane au lait d'avoien - 400ml","p":9.49,"u":"23,73 €/L","img":"https://fd11-photos.leclercdrive.fr/image.ashx?id=2857302&use=l&cat=p&typeid=i","cat":290400},{"id":171544,"n":"Emulsion Keracny PP+ Ducray Traitante purifiante - 30ml","p":12.89,"u":"429,67 €/L","img":"https://fd11-photos.leclercdrive.fr/image.ashx?id=2968241&use=l&cat=p&typeid=i","cat":291166},{"id":171548,"n":"Gel moussant Keracnyl Ducray Nettoyant purifiant - 400ml","p":9.49,"u":"23,73 €/L","img":"https://fd11-photos.leclercdrive.fr/image.ashx?id=2733127&use=l&cat=p&typeid=i","cat":291166},{"id":171550,"n":"Emulsion Keracnyl Ducray Glycolic - 30ml","p":11.89,"u":"396,33 €/L","img":"https://fd11-photos.leclercdrive.fr/image.ashx?id=2968244&use=l&cat=p&typeid=i","cat":291166},{"id":171566,"n":"Lait démaquillant A-Derma hydra nettoyant bio - 400ml","p":14.89,"u":"37,23 €/L","img":"https://fd11-photos.leclercdrive.fr/image.ashx?id=2374165&use=l&cat=p&typeid=i","cat":301587},{"id":171569,"n":"Eau micellaire A-Derma Biology nettoyante bio - 400ml","p":10.25,"u":"25,63 €/L","img":"https://fd11-photos.leclercdrive.fr/image.ashx?id=2290065&use=l&cat=p&typeid=i","cat":301587},{"id":171570,"n":"Crème riche A-Derma Biology Hydratante bio - 40ml","p":13.98,"u":"349,50 €/L","img":"https://fd11-photos.leclercdrive.fr/image.ashx?id=2377196&use=l&cat=p&typeid=i","cat":291171},{"id":171571,"n":"Crème légère A-Derma Biology hydratante bio - 40ml","p":13.98,"u":"349,50 €/L","img":"https://fd11-photos.leclercdrive.fr/image.ashx?id=2377199&use=l&cat=p&typeid=i","cat":291171},{"id":171575,"n":"Soin dermatologique A-Derma Biology Anti-rougeurs bio -40ml","p":14.35,"u":"358,75 €/L","img":"https://fd11-photos.leclercdrive.fr/image.ashx?id=2377205&use=l&cat=p&typeid=i","cat":291171},{"id":171666,"n":"Shampooing Extra doux Ducray Dermo-protecteur - 400ml","p":6.49,"u":"16,23 €/L","img":"https://fd11-photos.leclercdrive.fr/image.ashx?id=2326973&use=l&cat=p&typeid=i","cat":290400},{"id":171674,"n":"Shampooing Kertyol PSO Ducray Anti-démangeaison - 200ml","p":11.89,"u":"59,45 €/L","img":"https://fd11-photos.leclercdrive.fr/image.ashx?id=2394807&use=l&cat=p&typeid=i","cat":290400},{"id":171680,"n":"Crème Densitium SVR 50ml","p":37.58,"u":"751,60 €/L","img":"https://fd11-photos.leclercdrive.fr/image.ashx?id=2971661&use=l&cat=p&typeid=i","cat":291171},{"id":171737,"n":"Foie gras de canard Delpeyrat au poivre moulu - 180g","p":14.99,"u":"83,28 €/KG","img":"https://fd11-photos.leclercdrive.fr/image.ashx?id=2569362&use=l&cat=p&typeid=i","cat":305148},{"id":171836,"n":"Céréales Trésor Kellogg's Chocolat au lait - 620g","p":4.32,"u":"6,97 €/KG","img":"https://fd11-photos.leclercdrive.fr/image.ashx?id=2598334&use=l&cat=p&typeid=i","cat":309513},{"id":171846,"n":"Skyr vanille Délisse 450g","p":1.98,"u":"4,40 €/KG","img":"https://fd11-photos.leclercdrive.fr/image.ashx?id=2992585&use=l&cat=p&typeid=i","cat":315000},{"id":172510,"n":"Morilles et champignons à la Crème Magda - 300g","p":3.98,"pp":2.63,"u":"8,77 €/KG","img":"https://fd11-photos.leclercdrive.fr/image.ashx?id=2790027&use=l&cat=p&typeid=i","cat":319823},{"id":172585,"n":"Fromage blanc 0%MG Light & Free Pêche - 4x120g","p":2.37,"u":"4,94 €/KG","img":"https://fd11-photos.leclercdrive.fr/image.ashx?id=3008002&use=l&cat=p&typeid=i","cat":315000},{"id":172731,"n":"Tablette chocolat Milka Chocolat au lait - 3x100g","p":4.17,"u":"13,90 €/KG","img":"https://fd11-photos.leclercdrive.fr/image.ashx?id=3009137&use=l&cat=p&typeid=i","cat":284497},{"id":172740,"n":"Farine à Pizza Mon Fournil T00 - 1kg","p":1.86,"u":"1,86 €/KG","img":"https://fd11-photos.leclercdrive.fr/image.ashx?id=2341660&use=l&cat=p&typeid=i","cat":284503},{"id":173441,"n":"Crème Fleurette Extra Président Entière 33%MG - 35cl","p":2.34,"u":"6,69 €/L","img":"https://fd11-photos.leclercdrive.fr/image.ashx?id=2962260&use=l&cat=p&typeid=i","cat":284381},{"id":174145,"n":"Confiture Douceur du Verger Cerises - 370 g","p":1.27,"u":"3,43 €/KG","img":"https://fd11-photos.leclercdrive.fr/image.ashx?id=2965599&use=l&cat=p&typeid=i","cat":284480},{"id":174147,"n":"Confiture Douceur du Verger Châtaignes/vanille - 370g","p":1.75,"u":"4,73 €/KG","img":"https://fd11-photos.leclercdrive.fr/image.ashx?id=2965593&use=l&cat=p&typeid=i","cat":284480},{"id":174148,"n":"Confiture Douceur du Verger Pêches - 370 g","p":1.6,"u":"4,32 €/KG","img":"https://fd11-photos.leclercdrive.fr/image.ashx?id=2965602&use=l&cat=p&typeid=i","cat":284480},{"id":174149,"n":"Confiture Douceur du Verger Fraises - 370 g","p":1.12,"u":"3,03 €/KG","img":"https://fd11-photos.leclercdrive.fr/image.ashx?id=2965542&use=l&cat=p&typeid=i","cat":284480},{"id":174150,"n":"Confiture Douceur du Verger Framboises - 370 g","p":1.99,"u":"5,38 €/KG","img":"https://fd11-photos.leclercdrive.fr/image.ashx?id=2965575&use=l&cat=p&typeid=i","cat":284480},{"id":174151,"n":"Confiture Douceur du Verger 4 fruits rouges - 370 g","p":1.18,"u":"3,19 €/KG","img":"https://fd11-photos.leclercdrive.fr/image.ashx?id=2965551&use=l&cat=p&typeid=i","cat":284480},{"id":174153,"n":"Sauce tomates cuisinées Panzani 210g","p":1.1,"u":"5,24 €/KG","img":"https://fd11-photos.leclercdrive.fr/image.ashx?id=2880688&use=l&cat=p&typeid=i","cat":299047},{"id":174156,"n":"Sauce tomates cuisinées Panzani 425g","p":1.54,"u":"3,62 €/KG","img":"https://fd11-photos.leclercdrive.fr/image.ashx?id=2977276&use=l&cat=p&typeid=i","cat":288384},{"id":174157,"n":"Sauce Tomate Basilic Panzani - 400G","p":2.04,"u":"5,10 €/KG","img":"https://fd11-photos.leclercdrive.fr/image.ashx?id=2968088&use=l&cat=p&typeid=i","cat":288384},{"id":174158,"n":"Sauce Tomate Provençale Panzani - 650G","p":2.09,"u":"3,22 €/KG","img":"https://fd11-photos.leclercdrive.fr/image.ashx?id=2977942&use=l&cat=p&typeid=i","cat":299047},{"id":174159,"n":"Sauce Tomate Basilic Panzani - 650G","p":2.32,"u":"3,57 €/KG","img":"https://fd11-photos.leclercdrive.fr/image.ashx?id=2977945&use=l&cat=p&typeid=i","cat":288384},{"id":174160,"n":"Sauce tomates fraîches Panzani 3x190g","p":2.54,"u":"4,46 €/KG","img":"https://fd11-photos.leclercdrive.fr/image.ashx?id=2835274&use=l&cat=p&typeid=i","cat":288384},{"id":174188,"n":"Crevettes décortiquées Eco+ 500g","p":4.93,"u":"9,86 €/KG","img":"https://fd11-photos.leclercdrive.fr/image.ashx?id=2858947&use=l&cat=p&typeid=i","cat":319787},{"id":174189,"n":"Beignets de calamar Eco+ 500g","p":2.46,"u":"4,92 €/KG","img":"https://fd11-photos.leclercdrive.fr/image.ashx?id=2690955&use=l&cat=p&typeid=i","cat":319788},{"id":174196,"n":"Viande hachée 15% MG Férial 1kg","p":14.49,"u":"14,49 €/KG","img":"https://fd11-photos.leclercdrive.fr/image.ashx?id=2630094&use=l&cat=p&typeid=i","cat":284332},{"id":174204,"n":"Margarine Oméga 3 Fruit d'Or Sans huile de palme - 225g","p":1.9,"u":"8,44 €/KG","img":"https://fd11-photos.leclercdrive.fr/image.ashx?id=2887332&use=l&cat=p&typeid=i","cat":315229},{"id":174222,"n":"Pur jus d'orange Eco  Sans pulpe - 1L","p":2.07,"u":"2,07 €/L","img":"https://fd11-photos.leclercdrive.fr/image.ashx?id=2779874&use=l&cat=p&typeid=i","cat":285435},{"id":174223,"n":"Pur jus de pomme Eco  1L","p":1.47,"u":"1,47 €/L","img":"https://fd11-photos.leclercdrive.fr/image.ashx?id=2779877&use=l&cat=p&typeid=i","cat":285435},{"id":174398,"n":"Eponges grattantes Eco + x6","p":0.96,"u":"0,16 €/P","img":"https://fd11-photos.leclercdrive.fr/image.ashx?id=2761295&use=l&cat=p&typeid=i","cat":284667},{"id":174517,"n":"Pur jus multifruits Jafaden 90cl","p":1.7,"u":"1,89 €/L","img":"https://fd11-photos.leclercdrive.fr/image.ashx?id=2723153&use=l&cat=p&typeid=i","cat":285435},{"id":174712,"n":"Confiture Douceur du Verger Figues - 370g","p":1.58,"u":"4,27 €/KG","img":"https://fd11-photos.leclercdrive.fr/image.ashx?id=2965587&use=l&cat=p&typeid=i","cat":284480},{"id":174815,"n":"Confiture Douceur du Verger Myrtilles - 370g","p":1.72,"u":"4,65 €/KG","img":"https://fd11-photos.leclercdrive.fr/image.ashx?id=2965590&use=l&cat=p&typeid=i","cat":284480},{"id":174832,"n":"Saucisses de Toulouse x4 Soutenons Nos Agriculteurs 400g","p":4.03,"u":"10,08 €/KG","img":"https://fd11-photos.leclercdrive.fr/image.ashx?id=2835232&use=l&cat=p&typeid=i","cat":284334},{"id":174835,"n":"Chipolatas aux herbes x6 Soutenons Nos Agriculteurs 330g","p":4.1,"u":"12,42 €/KG","img":"https://fd11-photos.leclercdrive.fr/image.ashx?id=2835235&use=l&cat=p&typeid=i","cat":284334},{"id":174875,"n":"Gelée douceur du Verger Groseilles - 370g","p":1.29,"u":"3,49 €/KG","img":"https://fd11-photos.leclercdrive.fr/image.ashx?id=2965563&use=l&cat=p&typeid=i","cat":284480},{"id":174881,"n":"Carottes râpées Bonduelle Au Citron de Sicile - 320g","p":1.39,"u":"4,34 €/KG","img":"https://fd11-photos.leclercdrive.fr/image.ashx?id=2894194&use=l&cat=p&typeid=i","cat":333657},{"id":174886,"n":"Aubergine Eco+ 500g","p":0.99,"u":"1,98 €/KG","img":"https://fd11-photos.leclercdrive.fr/image.ashx?id=2907153&use=l&cat=p&typeid=i","cat":284352},{"id":174931,"n":"Steak haché façon bouchère x4 Soutenons Nos Agriculteurs 400g","p":6.39,"u":"15,98 €/KG","img":"https://fd11-photos.leclercdrive.fr/image.ashx?id=2968070&use=l&cat=p&typeid=i","cat":319778},{"id":174932,"n":"Poisson Pané Findus Croustibat Colin d'Alaska MSC x18 - 540g","p":4.09,"u":"7,57 €/KG","img":"https://fd11-photos.leclercdrive.fr/image.ashx?id=2653774&use=l&cat=p&typeid=i","cat":319788},{"id":174941,"n":"Fromage blanc Engagé Soutenons Nos Agriculteurs 1kg","p":2.09,"u":"2,09 €/KG","img":"https://fd11-photos.leclercdrive.fr/image.ashx?id=2297292&use=l&cat=p&typeid=i","cat":284409},{"id":174954,"n":"Crème liquide UHT 3x20cl Soutenons Nos Agriculteurs","p":3.49,"u":"5,82 €/L","img":"https://fd11-photos.leclercdrive.fr/image.ashx?id=2291414&use=l&cat=p&typeid=i","cat":284381},{"id":174998,"n":"Jambon supérieur 6 tranches Soutenons Nos Agriculteurs 210g","p":3.89,"u":"18,52 €/KG","img":"https://fd11-photos.leclercdrive.fr/image.ashx?id=2943710&use=l&cat=p&typeid=i","cat":316009},{"id":174999,"n":"Jambon superieur 4 tranches Soutenons Nos Agriculteurs 140g","p":2.66,"u":"19,00 €/KG","img":"https://fd11-photos.leclercdrive.fr/image.ashx?id=2943707&use=l&cat=p&typeid=i","cat":316009},{"id":175283,"n":"Pommes de terre Eco+ 1.5kg","p":0.99,"u":"0,66 €/KG","img":"https://fd11-photos.leclercdrive.fr/image.ashx?id=2282349&use=l&cat=p&typeid=i","cat":284352},{"id":175303,"n":"Skyr Siggi's  Citron - 2x140g","p":2.14,"u":"7,64 €/KG","img":"https://fd11-photos.leclercdrive.fr/image.ashx?id=2673082&use=l&cat=p&typeid=i","cat":315000},{"id":175339,"n":"Poivrons bicolores Eco+ x2","p":0.99,"u":"0,50 €/P","img":"https://fd11-photos.leclercdrive.fr/image.ashx?id=2709716&use=l&cat=p&typeid=i","cat":284352},{"id":175401,"n":"AOP Munster L'Atelier Fromagerie - 225g","p":3.7,"u":"16,44 €/KG","img":"https://fd11-photos.leclercdrive.fr/image.ashx?id=2770332&use=l&cat=p&typeid=i","cat":329558},{"id":175419,"n":"Citrons jaunes non traités Panier du Primeur Sachet x4","p":1.89,"u":"0,47 €/P","img":"https://fd11-photos.leclercdrive.fr/image.ashx?id=2930906&use=l&cat=p&typeid=i","cat":284356},{"id":175420,"n":"Citron à jus Filière Panier du Primeur Sachet 1kg","p":2.79,"u":"2,79 €/KG","img":"https://fd11-photos.leclercdrive.fr/image.ashx?id=2627667&use=l&cat=p&typeid=i","cat":284356},{"id":175423,"n":"Mandarines Panier du Primeur Filet 1.5kg","p":3.99,"u":"2,66 €/KG","img":"https://fd11-photos.leclercdrive.fr/image.ashx?id=2922433&use=l&cat=p&typeid=i","cat":284356},{"id":175574,"n":"Sauce bolognaise Panzani Extra riche - 400g","p":2.58,"u":"6,45 €/KG","img":"https://fd11-photos.leclercdrive.fr/image.ashx?id=2887527&use=l&cat=p&typeid=i","cat":299047},{"id":175576,"n":"Sachet fraicheur chat Sheba Filets au poulet et thon - 60g","p":1.06,"u":"17,67 €/KG","img":"https://fd11-photos.leclercdrive.fr/image.ashx?id=2292464&use=l&cat=p&typeid=i","cat":285286},{"id":175578,"n":"Sachet fraicheur chat Sheba Filets aux crevettes - 60g","p":1.07,"u":"17,83 €/KG","img":"https://fd11-photos.leclercdrive.fr/image.ashx?id=2292467&use=l&cat=p&typeid=i","cat":285286},{"id":175582,"n":"Sachet fraicheur chat Sheba Soupe filets de poulet - 4x40g","p":2.74,"u":"17,13 €/KG","img":"https://fd11-photos.leclercdrive.fr/image.ashx?id=2292590&use=l&cat=p&typeid=i","cat":285286},{"id":175585,"n":"Sachet fraicheur chat Sheba Soupe filets de thon - 4x40g","p":2.81,"u":"17,56 €/KG","img":"https://fd11-photos.leclercdrive.fr/image.ashx?id=2292593&use=l&cat=p&typeid=i","cat":285286},{"id":175586,"n":"Lentilles vertes Vivien Paille 1kg","p":3.6,"pp":2.38,"u":"2,38 €/KG","img":"https://fd11-photos.leclercdrive.fr/image.ashx?id=2285093&use=l&cat=p&typeid=i","cat":284430},{"id":175603,"n":"Thé vert bio Bio Village Menthe x20 - 36g","p":1.65,"u":"45,83 €/KG","img":"https://fd11-photos.leclercdrive.fr/image.ashx?id=2553938&use=l&cat=p&typeid=i","cat":293233},{"id":175610,"n":"2 tétines Air Control Tigex Base étroite silicone +12mois","p":2.84,"img":"https://fd11-photos.leclercdrive.fr/image.ashx?id=2286714&use=l&cat=p&typeid=i","cat":284743},{"id":175614,"n":"Serviettes hygiéniques Tigex","p":13.17,"img":"https://fd11-photos.leclercdrive.fr/image.ashx?id=2286702&use=l&cat=p&typeid=i","cat":289435},{"id":175713,"n":"Bière \"La Goudale\" Rubis - 6x25cl","p":4.61,"u":"3,07 €/L","img":"https://fd11-photos.leclercdrive.fr/image.ashx?id=2778245&use=l&cat=p&typeid=i","cat":334878},{"id":175765,"n":"Chocolat au lait Lindt Création Praliné Feuillantine - 110g","p":3.62,"u":"32,91 €/KG","img":"https://fd11-photos.leclercdrive.fr/image.ashx?id=2287394&use=l&cat=p&typeid=i","cat":284497},{"id":175781,"n":"Gambas cuites d'Equateur ASC L'Atelier Poissonnerie - 500g","p":6.99,"u":"13,98 €/KG","img":"https://fd11-photos.leclercdrive.fr/image.ashx?id=2325335&use=l&cat=p&typeid=i","cat":327284},{"id":175790,"n":"Sachet fraicheur chat Sheba Filets au poulet - 60g","p":1.08,"u":"18,00 €/KG","img":"https://fd11-photos.leclercdrive.fr/image.ashx?id=2287523&use=l&cat=p&typeid=i","cat":285286},{"id":175834,"n":"Boîte en verre carrée  Homeside - 0,8L","p":4.99,"img":"https://fd11-photos.leclercdrive.fr/image.ashx?id=2288892&use=l&cat=p&typeid=i","cat":284710},{"id":176027,"n":"Frites Classiques McCain Just Au Four - 700g","p":2.44,"u":"3,49 €/KG","img":"https://fd11-photos.leclercdrive.fr/image.ashx?id=2997340&use=l&cat=p&typeid=i","cat":319791},{"id":176029,"n":"Frites Classiques McCain Just Au Four - 1,69kg","p":4.89,"u":"2,89 €/KG","img":"https://fd11-photos.leclercdrive.fr/image.ashx?id=2771319&use=l&cat=p&typeid=i","cat":319791},{"id":176030,"n":"Frites Allumettes McCain Just Au Four - 700g","p":2.5,"u":"3,57 €/KG","img":"https://fd11-photos.leclercdrive.fr/image.ashx?id=2772491&use=l&cat=p&typeid=i","cat":319791},{"id":176031,"n":"Frites Allumettes McCain Just Au Four - 1,69kg","p":5.1,"u":"3,02 €/KG","img":"https://fd11-photos.leclercdrive.fr/image.ashx?id=2997343&use=l&cat=p&typeid=i","cat":319791},{"id":176033,"n":"Frites Steakhouse McCain Just Au Four - 700g","p":2.54,"u":"3,63 €/KG","img":"https://fd11-photos.leclercdrive.fr/image.ashx?id=2737921&use=l&cat=p&typeid=i","cat":319791},{"id":176034,"n":"Frites Express McCain Just Au Four - 600g","p":2.99,"u":"4,98 €/KG","img":"https://fd11-photos.leclercdrive.fr/image.ashx?id=2997337&use=l&cat=p&typeid=i","cat":319791},{"id":176036,"n":"Frites friteuse McCain Tradition - 1,080kg","p":2.7,"u":"2,50 €/KG","img":"https://fd11-photos.leclercdrive.fr/image.ashx?id=2737930&use=l&cat=p&typeid=i","cat":319791},{"id":176038,"n":"Frites friteuse McCain Tradition - 2,66kg","p":5.73,"u":"2,15 €/KG","img":"https://fd11-photos.leclercdrive.fr/image.ashx?id=2737927&use=l&cat=p&typeid=i","cat":319791},{"id":176040,"n":"Frites friteuse McCain Golden Allumette - 1,080kg","p":2.79,"u":"2,58 €/KG","img":"https://fd11-photos.leclercdrive.fr/image.ashx?id=2737939&use=l&cat=p&typeid=i","cat":319791},{"id":176043,"n":"La Frite Belge McCain 1.080kg","p":2.93,"u":"2,71 €/KG","img":"https://fd11-photos.leclercdrive.fr/image.ashx?id=2737942&use=l&cat=p&typeid=i","cat":319791},{"id":176239,"n":"Gnocchi Lustucru Selection  390g","p":1.72,"u":"4,41 €/KG","img":"https://fd11-photos.leclercdrive.fr/image.ashx?id=2965999&use=l&cat=p&typeid=i","cat":333682},{"id":176384,"n":"Soin Cheveux Magique Elsève Dream Long Embellisseur - 200ml","p":7.89,"u":"39,45 €/L","img":"https://fd11-photos.leclercdrive.fr/image.ashx?id=2439308&use=l&cat=p&typeid=i","cat":284608},{"id":176391,"n":"Sérum Hydra-Texturisant Elsève Cheveux Déshydratés - 150ml","p":11.1,"u":"74,00 €/L","img":"https://fd11-photos.leclercdrive.fr/image.ashx?id=2870677&use=l&cat=p&typeid=i","cat":284608},{"id":176400,"n":"Gnocchi à poeler Lustucru  Lot de 2 + 1 offert - 900g","p":3.19,"u":"3,54 €/KG","img":"https://fd11-photos.leclercdrive.fr/image.ashx?id=2446671&use=l&cat=p&typeid=i","cat":333682},{"id":176534,"n":"Beurre bio Bio Village Doux  - 82% MG - 250g","p":2.85,"u":"11,40 €/KG","img":"https://fd11-photos.leclercdrive.fr/image.ashx?id=2961716&use=l&cat=p&typeid=i","cat":284379},{"id":176535,"n":"Beurre bio Bio Village  Demi-sel - 80% MG - 250g","p":2.99,"u":"11,96 €/KG","img":"https://fd11-photos.leclercdrive.fr/image.ashx?id=2961719&use=l&cat=p&typeid=i","cat":284379},{"id":176846,"n":"Knacki Original Herta x6 - 210g","p":1.61,"u":"7,67 €/KG","img":"https://fd11-photos.leclercdrive.fr/image.ashx?id=2299070&use=l&cat=p&typeid=i","cat":316012},{"id":176847,"n":"Knacki Original Herta x10 - 350g","p":1.72,"u":"4,91 €/KG","img":"https://fd11-photos.leclercdrive.fr/image.ashx?id=2304111&use=l&cat=p&typeid=i","cat":316012},{"id":176848,"n":"Knacki Original Herta Sans nitrite x6 - 210g","p":2.33,"u":"11,10 €/KG","img":"https://fd11-photos.leclercdrive.fr/image.ashx?id=2299073&use=l&cat=p&typeid=i","cat":316012},{"id":176930,"n":"Burger Moelleux Férial x4 - 440g","p":5.79,"u":"13,16 €/KG","img":"https://fd11-photos.leclercdrive.fr/image.ashx?id=2888410&use=l&cat=p&typeid=i","cat":284332},{"id":176988,"n":"Bonbon à sucer Ricola Menthol Stévia - 50g","p":1.52,"u":"30,40 €/KG","img":"https://fd11-photos.leclercdrive.fr/image.ashx?id=2382201&use=l&cat=p&typeid=i","cat":304252},{"id":176989,"n":"Bonbon à sucer Ricola Sans sucres -50g","p":1.52,"u":"30,40 €/KG","img":"https://fd11-photos.leclercdrive.fr/image.ashx?id=2382204&use=l&cat=p&typeid=i","cat":304252},{"id":176990,"n":"Bonbon à sucer Ricola Citron melisse stévia - 50g","p":1.51,"u":"30,20 €/KG","img":"https://fd11-photos.leclercdrive.fr/image.ashx?id=2382207&use=l&cat=p&typeid=i","cat":304252},{"id":176993,"n":"Bonbon à sucer Ricola Cassis Stevia - 50g","p":1.52,"u":"30,40 €/KG","img":"https://fd11-photos.leclercdrive.fr/image.ashx?id=2382213&use=l&cat=p&typeid=i","cat":304252},{"id":177003,"n":"Tiramisu au spéculoos Equador 2x100g","p":2.25,"u":"11,25 €/KG","img":"https://fd11-photos.leclercdrive.fr/image.ashx?id=2566691&use=l&cat=p&typeid=i","cat":284419},{"id":177111,"n":"Pralines Raffaello Noix de coco amandes x26 - 260g","p":6.71,"u":"25,81 €/KG","img":"https://fd11-photos.leclercdrive.fr/image.ashx?id=2964030&use=l&cat=p&typeid=i","cat":327595},{"id":177211,"n":"Crème glacée L'Angélys Stracciatella - 500g","p":5.27,"u":"10,54 €/KG","img":"https://fd11-photos.leclercdrive.fr/image.ashx?id=2963580&use=l&cat=p&typeid=i","cat":284263},{"id":177215,"n":"Sorbet Plein Fruit L'Angélys Cassis - 500g","p":5.13,"u":"10,26 €/KG","img":"https://fd11-photos.leclercdrive.fr/image.ashx?id=2963604&use=l&cat=p&typeid=i","cat":284263},{"id":177217,"n":"Sorbet Plein Fruit L'Angélys Citron vert - 500g","p":4.1,"u":"8,20 €/KG","img":"https://fd11-photos.leclercdrive.fr/image.ashx?id=2963607&use=l&cat=p&typeid=i","cat":284263},{"id":177221,"n":"Cônes Extrême Nestlé Sorbets Citrons x6 - 426g","p":3.77,"u":"8,85 €/KG","img":"https://fd11-photos.leclercdrive.fr/image.ashx?id=2346320&use=l&cat=p&typeid=i","cat":284264},{"id":177222,"n":"Cônes Extrême Nestlé Trois Chocolats x6  - 444g","p":3.64,"u":"8,20 €/KG","img":"https://fd11-photos.leclercdrive.fr/image.ashx?id=3000006&use=l&cat=p&typeid=i","cat":284264},{"id":177237,"n":"Sorbet Plein Fruit L'Angélys Poire - 500g","p":4.1,"u":"8,20 €/KG","img":"https://fd11-photos.leclercdrive.fr/image.ashx?id=2963637&use=l&cat=p&typeid=i","cat":284263},{"id":177258,"n":"Bâtonnets Manger Main Bio Yooji Betterave Quinoa rouge - 225g","p":3.55,"u":"15,78 €/KG","img":"https://fd11-photos.leclercdrive.fr/image.ashx?id=2529030&use=l&cat=p&typeid=i","cat":290631},{"id":177260,"n":"Bâtonnets Manger Main Bio Yooji Haricots Pois Semoule 225g","p":2.7,"u":"12,00 €/KG","img":"https://fd11-photos.leclercdrive.fr/image.ashx?id=2529039&use=l&cat=p&typeid=i","cat":290631},{"id":177262,"n":"Bâtonnets Manger Main Bio Yooji Butternut Quinoa blanc - 225g","p":3.52,"u":"15,64 €/KG","img":"https://fd11-photos.leclercdrive.fr/image.ashx?id=2529036&use=l&cat=p&typeid=i","cat":290631},{"id":177329,"n":"Bloc de Foie gras de canard Sel de Guérande Delpeyrat 130g","p":5.99,"u":"46,08 €/KG","img":"https://fd11-photos.leclercdrive.fr/image.ashx?id=2569374&use=l&cat=p&typeid=i","cat":305148},{"id":177381,"n":"Bière blonde Ch'ti 6.8% vol. - 75cl","p":2.84,"u":"3,79 €/L","img":"https://fd11-photos.leclercdrive.fr/image.ashx?id=2840169&use=l&cat=p&typeid=i","cat":334852},{"id":177457,"n":"Délice Gelée Chats Poésie Volaille - 12x85g","p":7.04,"u":"6,90 €/KG","img":"https://fd11-photos.leclercdrive.fr/image.ashx?id=2380655&use=l&cat=p&typeid=i","cat":285286},{"id":177480,"n":"Saucisses de Toulouse Férial Label Rouge - X4 - 400g","p":4.09,"u":"10,23 €/KG","img":"https://fd11-photos.leclercdrive.fr/image.ashx?id=2835241&use=l&cat=p&typeid=i","cat":284334},{"id":177509,"n":"Bouquet composé Pâques 23 tiges","p":17.95,"img":"https://fd11-photos.leclercdrive.fr/image.ashx?id=2433942&use=l&cat=p&typeid=i","cat":290902},{"id":177512,"n":"Pavé d'Autruche à poêler Damien de Jong - 240g","p":6.16,"u":"25,67 €/KG","img":"https://fd11-photos.leclercdrive.fr/image.ashx?id=2307826&use=l&cat=p&typeid=i","cat":284338},{"id":177514,"n":"Bouquet duo Rose & Lys 13 tiges","p":12.9,"img":"https://fd11-photos.leclercdrive.fr/image.ashx?id=2308396&use=l&cat=p&typeid=i","cat":290902},{"id":177652,"n":"Jambon Label Rouge Fleury Michon sans nitrite x4- 160g","p":3.87,"u":"24,19 €/KG","img":"https://fd11-photos.leclercdrive.fr/image.ashx?id=2923957&use=l&cat=p&typeid=i","cat":316009},{"id":177670,"n":"Crème fraîche entière Yoplait 30%MG - 450g","p":1.97,"u":"4,38 €/KG","img":"https://fd11-photos.leclercdrive.fr/image.ashx?id=2811044&use=l&cat=p&typeid=i","cat":284381},{"id":177677,"n":"Skyr Yoplait  Lit Fruits Rouges 0%MG - 8x100G","p":3.39,"u":"4,24 €/KG","img":"https://fd11-photos.leclercdrive.fr/image.ashx?id=2884453&use=l&cat=p&typeid=i","cat":315000},{"id":177698,"n":"Knacki Original Herta Sans nitrite x4 - 140g","p":1.9,"u":"13,57 €/KG","img":"https://fd11-photos.leclercdrive.fr/image.ashx?id=2309423&use=l&cat=p&typeid=i","cat":316012},{"id":177704,"n":"Knacki Original Herta 100% Porc - 210g","p":2.16,"u":"10,29 €/KG","img":"https://fd11-photos.leclercdrive.fr/image.ashx?id=2309417&use=l&cat=p&typeid=i","cat":316012},{"id":177707,"n":"Mâche Bio Florette 80g","p":1.95,"u":"24,38 €/KG","img":"https://fd11-photos.leclercdrive.fr/image.ashx?id=2844049&use=l&cat=p&typeid=i","cat":284353},{"id":177721,"n":"Crème Visage Nuit Nivea Anti-taches Luminous - 50ml","p":19.74,"u":"394,80 €/L","img":"https://fd11-photos.leclercdrive.fr/image.ashx?id=3000345&use=l&cat=p&typeid=i","cat":325345},{"id":177923,"n":"Poke bowl Lomi Saumon crudités - 330g","p":10.99,"u":"33,30 €/KG","img":"https://fd11-photos.leclercdrive.fr/image.ashx?id=2480929&use=l&cat=p&typeid=i","cat":286791},{"id":177941,"n":"Courgettes Bio Bio Village Filet - 750g","p":3.99,"u":"5,32 €/KG","img":"https://fd11-photos.leclercdrive.fr/image.ashx?id=2625698&use=l&cat=p&typeid=i","cat":284352},{"id":178074,"n":"Aubergine Bio Bio Village x2","p":2.99,"u":"1,50 €/P","img":"https://fd11-photos.leclercdrive.fr/image.ashx?id=2928333&use=l&cat=p&typeid=i","cat":284352},{"id":178110,"n":"Pizza Dr.Oetker Ristorante Thon - 355g","p":2.6,"u":"7,32 €/KG","img":"https://fd11-photos.leclercdrive.fr/image.ashx?id=2993056&use=l&cat=p&typeid=i","cat":284256},{"id":178111,"n":"Pizza Dr.Oetker Ristorante 4 fromages - 340g","p":2.47,"u":"7,26 €/KG","img":"https://fd11-photos.leclercdrive.fr/image.ashx?id=2993050&use=l&cat=p&typeid=i","cat":284256},{"id":178112,"n":"Pizza Dr.Oetker Ristorante Mozzarella - 335g","p":2.65,"u":"7,91 €/KG","img":"https://fd11-photos.leclercdrive.fr/image.ashx?id=2993062&use=l&cat=p&typeid=i","cat":284256},{"id":178113,"n":"Pizza Dr.Oetker Ristorante  Vegetale aux légumes - 385g","p":2.65,"u":"6,88 €/KG","img":"https://fd11-photos.leclercdrive.fr/image.ashx?id=2993068&use=l&cat=p&typeid=i","cat":284256},{"id":178144,"n":"Thé glacé MayTea Saveur Pêche - 1,2L","p":1.86,"u":"1,55 €/L","img":"https://fd11-photos.leclercdrive.fr/image.ashx?id=2648661&use=l&cat=p&typeid=i","cat":295019},{"id":178147,"n":"Céréales Trésor Kellogg's Chocolat noisettes - 620g","p":4.32,"u":"6,97 €/KG","img":"https://fd11-photos.leclercdrive.fr/image.ashx?id=2598331&use=l&cat=p&typeid=i","cat":309513},{"id":178163,"n":"Thé glacé MayTea Saveur Menthe - 1,2L","p":1.86,"u":"1,55 €/L","img":"https://fd11-photos.leclercdrive.fr/image.ashx?id=2648664&use=l&cat=p&typeid=i","cat":295019},{"id":178251,"n":"Brocoli Eco+ 400g","p":0.99,"u":"2,48 €/KG","img":"https://fd11-photos.leclercdrive.fr/image.ashx?id=2953398&use=l&cat=p&typeid=i","cat":284352},{"id":178253,"n":"Yaourt aux fruits Eco+ Panaché - 12x125g","p":2.47,"u":"1,65 €/KG","img":"https://fd11-photos.leclercdrive.fr/image.ashx?id=2849635&use=l&cat=p&typeid=i","cat":284410},{"id":178260,"n":"Truite fumée Eco+ 100g","p":2.33,"u":"23,30 €/KG","img":"https://fd11-photos.leclercdrive.fr/image.ashx?id=2973505&use=l&cat=p&typeid=i","cat":285188},{"id":178350,"n":"Légumes pour pot-au-feu Notre Jardin - 1kg","p":2.9,"u":"2,90 €/KG","img":"https://fd11-photos.leclercdrive.fr/image.ashx?id=2900190&use=l&cat=p&typeid=i","cat":319823},{"id":178351,"n":"Poêlée à la Mexicaine Notre Jardin - 1kg","p":3.72,"u":"3,72 €/KG","img":"https://fd11-photos.leclercdrive.fr/image.ashx?id=2771375&use=l&cat=p&typeid=i","cat":319823},{"id":178625,"n":"Recharge gel douche Sanex Zéro% Tous types de peaux - 500ml","p":3.14,"u":"6,28 €/L","img":"https://fd11-photos.leclercdrive.fr/image.ashx?id=2859986&use=l&cat=p&typeid=i","cat":284594},{"id":178845,"n":"Tampons Tampax Compak  Avec applicateur - Super+ - x22","p":2.99,"u":"0,14 €/P","img":"https://fd11-photos.leclercdrive.fr/image.ashx?id=2850405&use=l&cat=p&typeid=i","cat":284626},{"id":178949,"n":"Gâteau Savane Brossard Max Barr' Pocket x7 - 210g","p":2.18,"u":"10,38 €/KG","img":"https://fd11-photos.leclercdrive.fr/image.ashx?id=2870731&use=l&cat=p&typeid=i","cat":294776},{"id":178950,"n":"Eponge Spontex  Flash - x2","p":2.21,"u":"73,67 €/KG","img":"https://fd11-photos.leclercdrive.fr/image.ashx?id=2657781&use=l&cat=p&typeid=i","cat":284667},{"id":178951,"n":"Sacs poubelle Handy Bag   Ultra résistant 50L - x10","p":2.82,"u":"0,28 €/P","img":"https://fd11-photos.leclercdrive.fr/image.ashx?id=2918970&use=l&cat=p&typeid=i","cat":285168},{"id":178954,"n":"Mouchoirs Family Kleenex® Boîte x128","p":1.72,"u":"0,01 €/P","img":"https://fd11-photos.leclercdrive.fr/image.ashx?id=3009017&use=l&cat=p&typeid=i","cat":284638},{"id":178967,"n":"Mochi glacé Vanille Mei Asia - 180g","p":5.28,"u":"29,33 €/KG","img":"https://fd11-photos.leclercdrive.fr/image.ashx?id=2322986&use=l&cat=p&typeid=i","cat":284266},{"id":178974,"n":"Mouchoirs Balsam Kleenex® Boîte x64","p":1.72,"u":"0,03 €/P","img":"https://fd11-photos.leclercdrive.fr/image.ashx?id=2853353&use=l&cat=p&typeid=i","cat":284638},{"id":178977,"n":"Bûche de Chèvre Soignon  120g","p":1.95,"u":"16,25 €/KG","img":"https://fd11-photos.leclercdrive.fr/image.ashx?id=2676717&use=l&cat=p&typeid=i","cat":314031},{"id":179025,"n":"Sacs poubelle 30L Handy Bag Ultra résistant - x20","p":2.6,"u":"0,13 €/P","img":"https://fd11-photos.leclercdrive.fr/image.ashx?id=2603800&use=l&cat=p&typeid=i","cat":285168},{"id":179031,"n":"Gel douche Sanex zéro 0% Peaux normales - 475ml","p":3.17,"u":"6,67 €/L","img":"https://fd11-photos.leclercdrive.fr/image.ashx?id=2648851&use=l&cat=p&typeid=i","cat":284594},{"id":179056,"n":"Dentifrice Signal Integral 8  Fraîcheur et détox -75ml","p":1.91,"u":"25,47 €/L","img":"https://fd11-photos.leclercdrive.fr/image.ashx?id=2960228&use=l&cat=p&typeid=i","cat":284612},{"id":179087,"n":"Liquide Vaisselle Paic Citron - 750ml","p":1.69,"u":"2,25 €/L","img":"https://fd11-photos.leclercdrive.fr/image.ashx?id=2322835&use=l&cat=p&typeid=i","cat":284655},{"id":179088,"n":"Liquide Vaisselle Paic Citron Vert - 750ml","p":1.81,"u":"2,41 €/L","img":"https://fd11-photos.leclercdrive.fr/image.ashx?id=2322838&use=l&cat=p&typeid=i","cat":284655},{"id":179256,"n":"Jus Ocean Spray Classic  Cranberry - 1L","p":2.05,"u":"2,05 €/L","img":"https://fd11-photos.leclercdrive.fr/image.ashx?id=2324021&use=l&cat=p&typeid=i","cat":284915},{"id":179263,"n":"Sérum de nuit L'Oréal Paris Age Perfect anti-âge - 30ml","p":11.97,"pp":7.9,"u":"263,33 €/L","img":"https://fd11-photos.leclercdrive.fr/image.ashx?id=2867536&use=l&cat=p&typeid=i","cat":325345},{"id":179264,"n":"Sérum repulpant L'Oréal Paris Revitalift anti-rides - 20ml","p":13.92,"u":"696,00 €/L","img":"https://fd11-photos.leclercdrive.fr/image.ashx?id=2867539&use=l&cat=p&typeid=i","cat":325345},{"id":179299,"n":"Lait bébé Candia Baby  croissance 3ème âge - 6x1L","p":10.96,"u":"1,83 €/L","img":"https://fd11-photos.leclercdrive.fr/image.ashx?id=2963349&use=l&cat=p&typeid=i","cat":284728},{"id":179300,"n":"Lait bébé Candia Baby 4ème âge - 6x1L","p":11.02,"u":"1,84 €/L","img":"https://fd11-photos.leclercdrive.fr/image.ashx?id=2963358&use=l&cat=p&typeid=i","cat":284728},{"id":179326,"n":"Gel douche Sanex Zéro 0% Peaux sèches - 475ml","p":3.17,"u":"6,67 €/L","img":"https://fd11-photos.leclercdrive.fr/image.ashx?id=2692857&use=l&cat=p&typeid=i","cat":284594},{"id":179382,"n":"Crème nutritive SO'BiO étic bio Argan Peaux matures - 50ml","p":15.19,"u":"303,80 €/L","img":"https://fd11-photos.leclercdrive.fr/image.ashx?id=2775628&use=l&cat=p&typeid=i","cat":325345},{"id":179384,"n":"Pâte à tartiner Eco+ 750g - aux noissettes","p":2.47,"u":"3,29 €/KG","img":"https://fd11-photos.leclercdrive.fr/image.ashx?id=2841148&use=l&cat=p&typeid=i","cat":284481},{"id":179413,"n":"Piles Alcalines Energizer Max 9V - pack de 2","p":7.83,"img":"https://fd11-photos.leclercdrive.fr/image.ashx?id=2850713&use=l&cat=p&typeid=i","cat":300572},{"id":179415,"n":"Pile Alcalines Energizer Max Plus AA/LR6 - x4","p":6.75,"img":"https://fd11-photos.leclercdrive.fr/image.ashx?id=2393365&use=l&cat=p&typeid=i","cat":300572},{"id":179422,"n":"Spray désodorisant Airwick Neutralisateur Coton - 237ml","p":3.58,"u":"15,11 €/L","img":"https://fd11-photos.leclercdrive.fr/image.ashx?id=2792822&use=l&cat=p&typeid=i","cat":311626},{"id":179431,"n":"Brioche Pitch Chocolat x8 - 300g","p":1.81,"u":"6,03 €/KG","img":"https://fd11-photos.leclercdrive.fr/image.ashx?id=2452119&use=l&cat=p&typeid=i","cat":293505},{"id":179432,"n":"Brioches Pitch Fraise x8 - 300g","p":1.97,"u":"6,57 €/KG","img":"https://fd11-photos.leclercdrive.fr/image.ashx?id=2452116&use=l&cat=p&typeid=i","cat":293505},{"id":179433,"n":"Brioche Pitch Chocolat au lait x8 - 300g","p":2.11,"u":"7,03 €/KG","img":"https://fd11-photos.leclercdrive.fr/image.ashx?id=2452113&use=l&cat=p&typeid=i","cat":293505},{"id":179437,"n":"Brioches Pitch Pépites chocolat x8 - 300g","p":2.01,"u":"6,70 €/KG","img":"https://fd11-photos.leclercdrive.fr/image.ashx?id=2452107&use=l&cat=p&typeid=i","cat":293505},{"id":179438,"n":"Brioche Pitch Pépites de chocolat x12 - 450g","p":3.09,"u":"6,87 €/KG","img":"https://fd11-photos.leclercdrive.fr/image.ashx?id=2452104&use=l&cat=p&typeid=i","cat":293505},{"id":179440,"n":"Brioches Pitch  Choco barre lait x8 - 300g","p":2.3,"u":"7,67 €/KG","img":"https://fd11-photos.leclercdrive.fr/image.ashx?id=2454115&use=l&cat=p&typeid=i","cat":293505},{"id":179442,"n":"Brioches Pitch Choco barre noisette x8 - 300g","p":2.74,"u":"9,13 €/KG","img":"https://fd11-photos.leclercdrive.fr/image.ashx?id=2454112&use=l&cat=p&typeid=i","cat":293505},{"id":179533,"n":"Soda Fanta citron  bouteille - 1.25L","p":1.62,"u":"1,30 €/L","img":"https://fd11-photos.leclercdrive.fr/image.ashx?id=2659394&use=l&cat=p&typeid=i","cat":284532},{"id":179603,"n":"Bonbons Tic Tac  49g - Framboise myrtille","p":1.57,"u":"32,04 €/KG","img":"https://fd11-photos.leclercdrive.fr/image.ashx?id=2479492&use=l&cat=p&typeid=i","cat":304256},{"id":179645,"n":"Limonade double zest Lorina Bouteille - 1,25L","p":1.23,"u":"0,98 €/L","img":"https://fd11-photos.leclercdrive.fr/image.ashx?id=2723836&use=l&cat=p&typeid=i","cat":284531},{"id":179669,"n":"Liquide vaisselle Paic Citron - 1,5L","p":2.7,"u":"1,80 €/L","img":"https://fd11-photos.leclercdrive.fr/image.ashx?id=2328673&use=l&cat=p&typeid=i","cat":284655},{"id":179757,"n":"Compote Charles & Alices Pommes Mirabelles - 4x97g","p":1.58,"u":"4,07 €/KG","img":"https://fd11-photos.leclercdrive.fr/image.ashx?id=2757353&use=l&cat=p&typeid=i","cat":284416},{"id":179833,"n":"Bâtonnets Manger Main Bio Yooji Maïs et semoule - 225g","p":3.36,"u":"14,93 €/KG","img":"https://fd11-photos.leclercdrive.fr/image.ashx?id=2529033&use=l&cat=p&typeid=i","cat":290631},{"id":179858,"n":"Mini bâtonnets Trium  Rocher Coco x4 - 202g","p":3.22,"u":"15,94 €/KG","img":"https://fd11-photos.leclercdrive.fr/image.ashx?id=2376103&use=l&cat=p&typeid=i","cat":284265},{"id":179859,"n":"Mini bâtonnets Trium  Rocher Chocolat x4 - 204g","p":3.05,"u":"14,95 €/KG","img":"https://fd11-photos.leclercdrive.fr/image.ashx?id=2911711&use=l&cat=p&typeid=i","cat":284265},{"id":179860,"n":"Glaces Kinder Bueno noisettes chocolat lait x4 248g","p":3.72,"u":"15,00 €/KG","img":"https://fd11-photos.leclercdrive.fr/image.ashx?id=2759068&use=l&cat=p&typeid=i","cat":284264},{"id":179881,"n":"Crème glacée Ben & Jerry's Cookie Vermont-Ster - 324g","p":5.67,"u":"17,50 €/KG","img":"https://fd11-photos.leclercdrive.fr/image.ashx?id=2793044&use=l&cat=p&typeid=i","cat":284725},{"id":179939,"n":"Bâtonnets Trium vanille choco blanc fruits rouges x4 - 274g","p":2.69,"u":"9,82 €/KG","img":"https://fd11-photos.leclercdrive.fr/image.ashx?id=2758312&use=l&cat=p&typeid=i","cat":284265},{"id":179961,"n":"Haricots verts Jardin Bio Etic Bio - sans sel ajouté - 185g","p":2.67,"u":"14,43 €/KG","img":"https://fd11-photos.leclercdrive.fr/image.ashx?id=2835421&use=l&cat=p&typeid=i","cat":312606},{"id":179973,"n":"Rosso  14,4% - 1L","p":3.47,"u":"3,47 €/L","img":"https://fd11-photos.leclercdrive.fr/image.ashx?id=2800228&use=l&cat=p&typeid=i","cat":284913},{"id":179974,"n":"Bianco 14,4% - 1L","p":3.5,"u":"3,50 €/L","img":"https://fd11-photos.leclercdrive.fr/image.ashx?id=2800231&use=l&cat=p&typeid=i","cat":284913},{"id":179976,"n":"Chocolat noir Lindt Excellence 28 bouchées - 154g","p":5.01,"u":"32,53 €/KG","img":"https://fd11-photos.leclercdrive.fr/image.ashx?id=2425592&use=l&cat=p&typeid=i","cat":284499},{"id":179979,"n":"AOC Crémant d'Alsace brut 75cl","p":5.35,"u":"7,13 €/L","img":"https://fd11-photos.leclercdrive.fr/image.ashx?id=2888932&use=l&cat=p&typeid=i","cat":284545},{"id":180029,"n":"Sucre gélifiant Daddy  spécial gelée - 1kg","p":2.27,"u":"2,27 €/KG","img":"https://fd11-photos.leclercdrive.fr/image.ashx?id=2975861&use=l&cat=p&typeid=i","cat":284502},{"id":180041,"n":"Chips Tuiles Pringles Paprika - 175g","p":1.71,"u":"9,77 €/KG","img":"https://fd11-photos.leclercdrive.fr/image.ashx?id=2902301&use=l&cat=p&typeid=i","cat":287899},{"id":180061,"n":"Thé vert bio Bio village  36g","p":1.33,"u":"36,94 €/KG","img":"https://fd11-photos.leclercdrive.fr/image.ashx?id=2897910&use=l&cat=p&typeid=i","cat":293233},{"id":180065,"n":"Rillettes de thon Petit Navire 125g","p":1.84,"u":"14,72 €/KG","img":"https://fd11-photos.leclercdrive.fr/image.ashx?id=2533388&use=l&cat=p&typeid=i","cat":303867},{"id":180074,"n":"Fond de veau Maggi - 240g","p":3.43,"u":"14,29 €/KG","img":"https://fd11-photos.leclercdrive.fr/image.ashx?id=2918047&use=l&cat=p&typeid=i","cat":288379},{"id":180079,"n":"Biscuits chocolats Kinder Duo Chocolat blanc et lait - 150g","p":2.01,"u":"13,40 €/KG","img":"https://fd11-photos.leclercdrive.fr/image.ashx?id=2959127&use=l&cat=p&typeid=i","cat":284488},{"id":180118,"n":"Mais d'aucy  Bio - 2x140g","p":2.21,"u":"7,89 €/KG","img":"https://fd11-photos.leclercdrive.fr/image.ashx?id=2651825&use=l&cat=p&typeid=i","cat":312611},{"id":180128,"n":"Infusion à froid Tisea  Fruits rouges - 33g","p":1.89,"u":"57,27 €/KG","img":"https://fd11-photos.leclercdrive.fr/image.ashx?id=2897838&use=l&cat=p&typeid=i","cat":293234},{"id":180154,"n":"Chewing-gum Freedent Myrtille sans sucres 5x10 dragées -70g","p":2.7,"u":"38,57 €/KG","img":"https://fd11-photos.leclercdrive.fr/image.ashx?id=2330356&use=l&cat=p&typeid=i","cat":304251},{"id":180155,"n":"Chewing-gum Freedent White Fraise 5x10 dragées - 70g","p":2.83,"u":"40,43 €/KG","img":"https://fd11-photos.leclercdrive.fr/image.ashx?id=2330359&use=l&cat=p&typeid=i","cat":304251},{"id":180180,"n":"Ramen Tanoshi saveur boeuf nouilles japonaises - 360g","p":2.88,"u":"8,00 €/KG","img":"https://fd11-photos.leclercdrive.fr/image.ashx?id=2922974&use=l&cat=p&typeid=i","cat":288992},{"id":180181,"n":"Sardines à l'huile d'olive Connétable - 135g","p":2.74,"u":"20,30 €/KG","img":"https://fd11-photos.leclercdrive.fr/image.ashx?id=2762115&use=l&cat=p&typeid=i","cat":305146},{"id":180187,"n":"Sauce Pesto Tomates Basilic Panzani - 200G","p":1.77,"u":"8,85 €/KG","img":"https://fd11-photos.leclercdrive.fr/image.ashx?id=2977930&use=l&cat=p&typeid=i","cat":287599},{"id":180193,"n":"Soupe déshydratée Knorr Cèpes  champignons  - 75cl","p":1.75,"u":"19,23 €/KG","img":"https://fd11-photos.leclercdrive.fr/image.ashx?id=2790318&use=l&cat=p&typeid=i","cat":284463},{"id":180196,"n":"Brioches Pitch  Pomme poire - x8 - 300g","p":2.59,"u":"8,63 €/KG","img":"https://fd11-photos.leclercdrive.fr/image.ashx?id=2454100&use=l&cat=p&typeid=i","cat":293505},{"id":180201,"n":"Thé Earl Grey Twinings 50 sachets - 100g","p":3.77,"u":"37,70 €/KG","img":"https://fd11-photos.leclercdrive.fr/image.ashx?id=2893018&use=l&cat=p&typeid=i","cat":293233},{"id":180217,"n":"Assaisonnement déshydraté Knorr Origan basilic romarin - 145g","p":3.02,"u":"20,83 €/KG","img":"https://fd11-photos.leclercdrive.fr/image.ashx?id=3014653&use=l&cat=p&typeid=i","cat":298297},{"id":180240,"n":"Sucre roux de canne  Blonvilliers - 750g","p":2.84,"u":"3,79 €/KG","img":"https://fd11-photos.leclercdrive.fr/image.ashx?id=2460092&use=l&cat=p&typeid=i","cat":284502},{"id":180247,"n":"Double concentré de tomates  Eco+ - 440g","p":1.31,"u":"2,98 €/KG","img":"https://fd11-photos.leclercdrive.fr/image.ashx?id=2669648&use=l&cat=p&typeid=i","cat":288384},{"id":180302,"n":"Biscuits Palmier St Michel  au beurre - 87g","p":1.14,"u":"13,10 €/KG","img":"https://fd11-photos.leclercdrive.fr/image.ashx?id=2555379&use=l&cat=p&typeid=i","cat":284487},{"id":180304,"n":"Semoule de couscous moyen Eco+ - 1kg","p":1.05,"u":"1,05 €/KG","img":"https://fd11-photos.leclercdrive.fr/image.ashx?id=2790858&use=l&cat=p&typeid=i","cat":284429},{"id":180340,"n":"Lait bébé 1A GUIGOZ OPTIPRO  0-6 mois - 2x600g","p":20.66,"u":"17,22 €/KG","img":"https://fd11-photos.leclercdrive.fr/image.ashx?id=2846147&use=l&cat=p&typeid=i","cat":284726},{"id":180344,"n":"Fromage enfant Mini Babybel 6 portions goûter - 132g","p":2.26,"u":"17,12 €/KG","img":"https://fd11-photos.leclercdrive.fr/image.ashx?id=2970822&use=l&cat=p&typeid=i","cat":314030},{"id":180345,"n":"Fromage enfant Mini Babybel 12 portions goûter - 264g","p":4.29,"u":"16,25 €/KG","img":"https://fd11-photos.leclercdrive.fr/image.ashx?id=2970825&use=l&cat=p&typeid=i","cat":314030},{"id":180429,"n":"Agar Bio Village  Bio - 8g","p":2.09,"u":"261,25 €/KG","img":"https://fd11-photos.leclercdrive.fr/image.ashx?id=2343225&use=l&cat=p&typeid=i","cat":284504},{"id":180432,"n":"Thé noir Twinings vanille x20 - 32g","p":2.55,"u":"79,69 €/KG","img":"https://fd11-photos.leclercdrive.fr/image.ashx?id=2893057&use=l&cat=p&typeid=i","cat":293233},{"id":180453,"n":"Thé glacé Fuze Tea  Pêche Intense - 6x33cl","p":3.63,"u":"1,83 €/L","img":"https://fd11-photos.leclercdrive.fr/image.ashx?id=2940405&use=l&cat=p&typeid=i","cat":295019},{"id":180458,"n":"Amandes en poudre Vahiné 125g","p":2.97,"u":"23,76 €/KG","img":"https://fd11-photos.leclercdrive.fr/image.ashx?id=2785934&use=l&cat=p&typeid=i","cat":284504},{"id":180498,"n":"Chips ancienne nature Lay's Sel - 155g","p":1.29,"u":"8,32 €/KG","img":"https://fd11-photos.leclercdrive.fr/image.ashx?id=2996596&use=l&cat=p&typeid=i","cat":284447},{"id":180550,"n":"Serviettes hygiéniques Nana Ultra - Spécial Nuit - x10","p":1.7,"u":"0,17 €/P","img":"https://fd11-photos.leclercdrive.fr/image.ashx?id=2944990&use=l&cat=p&typeid=i","cat":284624},{"id":180556,"n":"Sirop de Citron Bio Village Bio - 50cl","p":2.29,"u":"4,58 €/L","img":"https://fd11-photos.leclercdrive.fr/image.ashx?id=2873192&use=l&cat=p&typeid=i","cat":295020},{"id":180797,"n":"Mouchoirs UltraSoft Kleenex® Boîte x64","p":1.47,"img":"https://fd11-photos.leclercdrive.fr/image.ashx?id=2853350&use=l&cat=p&typeid=i","cat":284638},{"id":180880,"n":"Pack Essentiels Canson Coloriage dessin Giotto - 35pcs","p":10.0,"img":"https://fd11-photos.leclercdrive.fr/image.ashx?id=2364594&use=l&cat=p&typeid=i","cat":284745},{"id":180911,"n":"Ciseaux Maped 13cm Harry Potter","p":2.19,"img":"https://fd11-photos.leclercdrive.fr/image.ashx?id=2381829&use=l&cat=p&typeid=i","cat":334133},{"id":181144,"n":"Stylo-feutre Stabilo pointMax  pointe moyenne noir x3","p":2.31,"img":"https://fd11-photos.leclercdrive.fr/image.ashx?id=2525372&use=l&cat=p&typeid=i","cat":284696},{"id":181160,"n":"10 feutres effacables Esquisse Pointes moyennes","p":2.8,"img":"https://fd11-photos.leclercdrive.fr/image.ashx?id=2349418&use=l&cat=p&typeid=i","cat":334133},{"id":181163,"n":"12 crayons de couleurs aqua Esq Aquarrellables","p":1.7,"img":"https://fd11-photos.leclercdrive.fr/image.ashx?id=2349436&use=l&cat=p&typeid=i","cat":334133},{"id":181164,"n":"12 crayons de couleurs past Esq Pastel","p":0.99,"img":"https://fd11-photos.leclercdrive.fr/image.ashx?id=2349439&use=l&cat=p&typeid=i","cat":334133},{"id":181165,"n":"10 feutres pastel Esquisse Pointes moyennes","p":1.29,"img":"https://fd11-photos.leclercdrive.fr/image.ashx?id=2349430&use=l&cat=p&typeid=i","cat":334133},{"id":181166,"n":"12 crayons de cire Esquisse","p":1.55,"img":"https://fd11-photos.leclercdrive.fr/image.ashx?id=2349442&use=l&cat=p&typeid=i","cat":334133},{"id":181167,"n":"150 gommettes Esquissse Ø 15mm","p":0.99,"img":"https://fd11-photos.leclercdrive.fr/image.ashx?id=2349427&use=l&cat=p&typeid=i","cat":334133},{"id":181168,"n":"24 étiquettes congel Esquisse 50x25mm","p":0.99,"img":"https://fd11-photos.leclercdrive.fr/image.ashx?id=2349424&use=l&cat=p&typeid=i","cat":334133},{"id":181169,"n":"2x100 notes adhésives Esquisse 75x75mm","p":1.25,"img":"https://fd11-photos.leclercdrive.fr/image.ashx?id=2349412&use=l&cat=p&typeid=i","cat":334133},{"id":181683,"n":"Roller Frixion ball fin  Pilot + 3 Recharges","p":5.98,"img":"https://fd11-photos.leclercdrive.fr/image.ashx?id=2578031&use=l&cat=p&typeid=i","cat":284696},{"id":181685,"n":"Roller Frixion Point Clicker  Pilot Noir/Bleu - X 4","p":5.78,"img":"https://fd11-photos.leclercdrive.fr/image.ashx?id=2558467&use=l&cat=p&typeid=i","cat":284696},{"id":181761,"n":"Shampoing Le Petit Marseillais  Bio pomme & aloe vera - 250ml","p":4.17,"u":"17,38 €/L","img":"https://fd11-photos.leclercdrive.fr/image.ashx?id=2684194&use=l&cat=p&typeid=i","cat":284606},{"id":181801,"n":"Cahier Oxford grands carreaux 24x32cm - 96p - bleu","p":2.61,"img":"https://fd11-photos.leclercdrive.fr/image.ashx?id=2739078&use=l&cat=p&typeid=i","cat":284697},{"id":182071,"n":"Croquettes chien Ultima Mini Adulte poulet - 1.35kg","p":5.24,"u":"3,88 €/KG","img":"https://fd11-photos.leclercdrive.fr/image.ashx?id=2926645&use=l&cat=p&typeid=i","cat":294526},{"id":182158,"n":"Galettes Normandes NRT Caramel - 100g","p":1.69,"u":"16,90 €/KG","img":"https://fd11-photos.leclercdrive.fr/image.ashx?id=2704915&use=l&cat=p&typeid=i","cat":284487},{"id":182179,"n":"Boisson aux fruits Oasis Tropical - 1,5L","p":2.01,"u":"1,34 €/L","img":"https://fd11-photos.leclercdrive.fr/image.ashx?id=2666698&use=l&cat=p&typeid=i","cat":295018},{"id":182180,"n":"Sirop de Grenadine Bio Village Bio - 50cl","p":2.45,"u":"4,90 €/L","img":"https://fd11-photos.leclercdrive.fr/image.ashx?id=2931947&use=l&cat=p&typeid=i","cat":295020},{"id":182181,"n":"Sirop de Menthe Bio Village Bio - 50cl","p":2.45,"u":"4,90 €/L","img":"https://fd11-photos.leclercdrive.fr/image.ashx?id=2873189&use=l&cat=p&typeid=i","cat":295020},{"id":182218,"n":"Chips paysanne nature Lay's Sel - 155g","p":1.23,"u":"7,94 €/KG","img":"https://fd11-photos.leclercdrive.fr/image.ashx?id=2818602&use=l&cat=p&typeid=i","cat":284447},{"id":182259,"n":"Chips ancienne nature Lay's Sel format familial - 295g","p":2.21,"u":"7,49 €/KG","img":"https://fd11-photos.leclercdrive.fr/image.ashx?id=2999243&use=l&cat=p&typeid=i","cat":284447},{"id":182260,"n":"Chips paysanne nature Lay's Sel format familial - 295g","p":2.25,"u":"7,63 €/KG","img":"https://fd11-photos.leclercdrive.fr/image.ashx?id=2848716&use=l&cat=p&typeid=i","cat":284447},{"id":182266,"n":"Shampooing sec Batiste Original - 200ml","p":3.23,"u":"16,15 €/L","img":"https://fd11-photos.leclercdrive.fr/image.ashx?id=2344046&use=l&cat=p&typeid=i","cat":289143},{"id":182267,"n":"Shampooing sec Batiste Blush - 200ml","p":3.4,"u":"17,00 €/L","img":"https://fd11-photos.leclercdrive.fr/image.ashx?id=2630454&use=l&cat=p&typeid=i","cat":289143},{"id":182340,"n":"Lait en poudre Guigoz Optipro 2ème âge - 6-12 mois - 830g","p":15.25,"u":"18,37 €/KG","img":"https://fd11-photos.leclercdrive.fr/image.ashx?id=2737747&use=l&cat=p&typeid=i","cat":284727},{"id":182342,"n":"Lait bébé en poudre Guigoz Gest 2ème âge - 6-12 mois - 830g","p":17.4,"u":"20,96 €/KG","img":"https://fd11-photos.leclercdrive.fr/image.ashx?id=2469478&use=l&cat=p&typeid=i","cat":284727},{"id":182373,"n":"Skyr Siggi's  Mangue Passion - 2x140g","p":2.04,"u":"7,29 €/KG","img":"https://fd11-photos.leclercdrive.fr/image.ashx?id=2792027&use=l&cat=p&typeid=i","cat":315000},{"id":182479,"n":"Huile d'Olive Tramier Vierge  Extra Sans Pesticides 75cl","p":8.79,"u":"11,72 €/L","img":"https://fd11-photos.leclercdrive.fr/image.ashx?id=2647188&use=l&cat=p&typeid=i","cat":284453},{"id":182480,"n":"Lait bébé en poudre Guigoz Gest 1er âge - 0-6 mois - 830g","p":18.13,"u":"21,84 €/KG","img":"https://fd11-photos.leclercdrive.fr/image.ashx?id=2895047&use=l&cat=p&typeid=i","cat":284726},{"id":182490,"n":"Lait bébé Guigoz Pelargon Poudre- 2e âge- 6-12 mois -780g","p":17.71,"u":"22,71 €/KG","img":"https://fd11-photos.leclercdrive.fr/image.ashx?id=2347386&use=l&cat=p&typeid=i","cat":284727},{"id":182692,"n":"Nappage Caramel Vahiné 200g","p":1.7,"u":"8,50 €/KG","img":"https://fd11-photos.leclercdrive.fr/image.ashx?id=2833336&use=l&cat=p&typeid=i","cat":284504},{"id":182799,"n":"Cumin Moulu Ducros 40g","p":2.35,"u":"58,75 €/KG","img":"https://fd11-photos.leclercdrive.fr/image.ashx?id=2983222&use=l&cat=p&typeid=i","cat":298297},{"id":182820,"n":"Céréales Weetabix original  430g","p":2.93,"u":"6,81 €/KG","img":"https://fd11-photos.leclercdrive.fr/image.ashx?id=2853347&use=l&cat=p&typeid=i","cat":309512},{"id":182887,"n":"Fromage à tartiner Boursin Ail & fines herbes - 150g","p":2.16,"u":"14,40 €/KG","img":"https://fd11-photos.leclercdrive.fr/image.ashx?id=2964449&use=l&cat=p&typeid=i","cat":314029},{"id":182888,"n":"Lait bébé poudre Guigoz Optipro 1er âge - 0-6mois - 830g","p":15.99,"u":"19,27 €/KG","img":"https://fd11-photos.leclercdrive.fr/image.ashx?id=2806423&use=l&cat=p&typeid=i","cat":284726},{"id":182925,"n":"Pâtes Collezione Barilla Bucatini Grandi -  500g","p":2.32,"u":"4,64 €/KG","img":"https://fd11-photos.leclercdrive.fr/image.ashx?id=2726521&use=l&cat=p&typeid=i","cat":284427},{"id":182938,"n":"Sauce crudités Caesar Amora 380ml","p":2.76,"u":"7,26 €/L","img":"https://fd11-photos.leclercdrive.fr/image.ashx?id=2655223&use=l&cat=p&typeid=i","cat":284456},{"id":182939,"n":"Chips Tuiles Pringles Barbecue - 175g","p":2.01,"u":"11,49 €/KG","img":"https://fd11-photos.leclercdrive.fr/image.ashx?id=2662502&use=l&cat=p&typeid=i","cat":287899},{"id":182963,"n":"Glace Trium Vanille - x4 - 294g","p":3.27,"u":"11,12 €/KG","img":"https://fd11-photos.leclercdrive.fr/image.ashx?id=2911714&use=l&cat=p&typeid=i","cat":284265},{"id":182966,"n":"Mini bâtonnets Trium Vanille Caramel beurre salé x8 - 294g","p":2.99,"u":"10,17 €/KG","img":"https://fd11-photos.leclercdrive.fr/image.ashx?id=2791347&use=l&cat=p&typeid=i","cat":284265},{"id":183104,"n":"Nutella Biscuit pâte à tartiner Cacao Noisettes - 207g","p":2.43,"u":"11,74 €/KG","img":"https://fd11-photos.leclercdrive.fr/image.ashx?id=2834035&use=l&cat=p&typeid=i","cat":284488},{"id":183105,"n":"Eau gazeuse San Pellegrino Essenza citron - 6x33cL","p":3.28,"u":"1,66 €/L","img":"https://fd11-photos.leclercdrive.fr/image.ashx?id=2864203&use=l&cat=p&typeid=i","cat":284536},{"id":183107,"n":"Eau gazeuse San Pellegrino Essenza Pêche melon - 6x33cl","p":3.44,"u":"1,74 €/L","img":"https://fd11-photos.leclercdrive.fr/image.ashx?id=2997292&use=l&cat=p&typeid=i","cat":284536},{"id":183128,"n":"Epinards hachés à la crème  Findus légume - 500g","p":2.29,"u":"4,58 €/KG","img":"https://fd11-photos.leclercdrive.fr/image.ashx?id=3008767&use=l&cat=p&typeid=i","cat":319805},{"id":183129,"n":"Epinards Légumes Findus branches à la crème - 480g","p":2.73,"u":"5,69 €/KG","img":"https://fd11-photos.leclercdrive.fr/image.ashx?id=2937349&use=l&cat=p&typeid=i","cat":319805},{"id":183130,"n":"Epinards hachés Findus À la crème fraîche - 900g","p":3.19,"u":"3,54 €/KG","img":"https://fd11-photos.leclercdrive.fr/image.ashx?id=2904245&use=l&cat=p&typeid=i","cat":319805},{"id":183175,"n":"Isey Skyr Framboise Myrtille - 400g","p":2.94,"u":"7,35 €/KG","img":"https://fd11-photos.leclercdrive.fr/image.ashx?id=2598612&use=l&cat=p&typeid=i","cat":315000},{"id":183275,"n":"Tipp-Ex Mini Pocket Mouse  Rubans Correcteurs - x3","p":3.59,"u":"1,20 €/P","img":"https://fd11-photos.leclercdrive.fr/image.ashx?id=2785664&use=l&cat=p&typeid=i","cat":334133},{"id":183287,"n":"Boites dose poudre de lait Tigex","p":5.78,"img":"https://fd11-photos.leclercdrive.fr/image.ashx?id=2354794&use=l&cat=p&typeid=i","cat":289435},{"id":183288,"n":"Biberon col large Serenity+ Nuk + verre 240ml - 0 à 6 mois","p":9.22,"img":"https://fd11-photos.leclercdrive.fr/image.ashx?id=2354791&use=l&cat=p&typeid=i","cat":284742},{"id":183291,"n":"Biberon col étroit Air Control  Minnie Tigex +6 mois - 330ml","p":5.78,"img":"https://fd11-photos.leclercdrive.fr/image.ashx?id=2354788&use=l&cat=p&typeid=i","cat":284742},{"id":183308,"n":"Assiette creuse micro-ondes  Tigex Mickey Minnie","p":6.57,"img":"https://fd11-photos.leclercdrive.fr/image.ashx?id=2388517&use=l&cat=p&typeid=i","cat":289435},{"id":183314,"n":"Sucettes Classic silicone Nuk 18-36 mois Fille - x2","p":4.9,"img":"https://fd11-photos.leclercdrive.fr/image.ashx?id=2680978&use=l&cat=p&typeid=i","cat":284743},{"id":183322,"n":"Crayons couleurs  Stripes x18 FS","p":2.9,"img":"https://fd11-photos.leclercdrive.fr/image.ashx?id=2655331&use=l&cat=p&typeid=i","cat":334133},{"id":183395,"n":"Huile d'olive Puget 75cl","p":8.95,"u":"11,93 €/L","img":"https://fd11-photos.leclercdrive.fr/image.ashx?id=2460925&use=l&cat=p&typeid=i","cat":284453},{"id":183496,"n":"Brocolis fleurette Notre Jardin 900g","p":1.99,"u":"2,21 €/KG","img":"https://fd11-photos.leclercdrive.fr/image.ashx?id=2873165&use=l&cat=p&typeid=i","cat":319805},{"id":183505,"n":"Crème glacée Tiramisu Tradizioni d'Italia - 300g","p":2.85,"u":"9,50 €/KG","img":"https://fd11-photos.leclercdrive.fr/image.ashx?id=2356406&use=l&cat=p&typeid=i","cat":284725},{"id":183839,"n":"Mélange à l'espagnole Ducros 48g","p":1.94,"u":"40,42 €/KG","img":"https://fd11-photos.leclercdrive.fr/image.ashx?id=2559508&use=l&cat=p&typeid=i","cat":298297},{"id":183840,"n":"Curcuma moulu Ducros 45g","p":1.97,"u":"43,78 €/KG","img":"https://fd11-photos.leclercdrive.fr/image.ashx?id=2486644&use=l&cat=p&typeid=i","cat":298297},{"id":183866,"n":"Dentifrice blancheur Colgate Max white one - 75ml","p":1.95,"u":"26,00 €/L","img":"https://fd11-photos.leclercdrive.fr/image.ashx?id=2767255&use=l&cat=p&typeid=i","cat":284612},{"id":183877,"n":"Désodorisant diffuseur Airwick  Electrique Vanille - 19ml","p":3.43,"u":"180,53 €/L","img":"https://fd11-photos.leclercdrive.fr/image.ashx?id=2768237&use=l&cat=p&typeid=i","cat":311629},{"id":183907,"n":"Dentifrice blancheur Colgate Max white optic - 75ml","p":2.18,"u":"29,07 €/L","img":"https://fd11-photos.leclercdrive.fr/image.ashx?id=2738395&use=l&cat=p&typeid=i","cat":284612},{"id":183917,"n":"Huile Miraculeuse Expert Veet Pré et Post Epilation 100ml","p":8.76,"u":"87,60 €/L","img":"https://fd11-photos.leclercdrive.fr/image.ashx?id=2828547&use=l&cat=p&typeid=i","cat":325351},{"id":184141,"n":"Desserts Lactés P'TIT BRASSE Mangue 6M+ - 4x90g","p":2.03,"u":"5,64 €/KG","img":"https://fd11-photos.leclercdrive.fr/image.ashx?id=2594226&use=l&cat=p&typeid=i","cat":312392},{"id":184142,"n":"Desserts Lactés P'TIT BRASSE Fruits rouges 6M+ - 4x90g","p":2.03,"u":"5,64 €/KG","img":"https://fd11-photos.leclercdrive.fr/image.ashx?id=2599943&use=l&cat=p&typeid=i","cat":312392},{"id":184143,"n":"Desserts Lactés P'TIT BRASSE Fraise banane 6M+ - 4x90g","p":2.09,"u":"5,81 €/KG","img":"https://fd11-photos.leclercdrive.fr/image.ashx?id=2594229&use=l&cat=p&typeid=i","cat":312392},{"id":184148,"n":"Biscuits croquants Délichoc Chocolat au lait - 150g","p":1.76,"u":"11,73 €/KG","img":"https://fd11-photos.leclercdrive.fr/image.ashx?id=2867365&use=l&cat=p&typeid=i","cat":284488},{"id":184182,"n":"Purée poire bébé Good Goût bio - 120g - dès 4 mois","p":1.52,"u":"12,67 €/L","img":"https://fd11-photos.leclercdrive.fr/image.ashx?id=2640043&use=l&cat=p&typeid=i","cat":312387},{"id":184188,"n":"Couette unie Tissaïa Basics Blanc - 200x200cm","p":11.94,"u":"Dont 0,40 € d'éco-part.","img":"https://fd11-photos.leclercdrive.fr/image.ashx?id=2361137&use=l&cat=p&typeid=i","cat":288835},{"id":184192,"n":"Purée fraise banane bébé Good Goût bio - 120g - dès 4 mois","p":1.62,"u":"13,50 €/KG","img":"https://fd11-photos.leclercdrive.fr/image.ashx?id=2640046&use=l&cat=p&typeid=i","cat":312387},{"id":184208,"n":"Echalote Ducros  1ère Saveur - 10g","p":2.84,"u":"284,00 €/KG","img":"https://fd11-photos.leclercdrive.fr/image.ashx?id=2490506&use=l&cat=p&typeid=i","cat":298297},{"id":184355,"n":"Boisson énergisante Red Bull  Goût Fruit du Dragon, 250ml","p":1.18,"u":"4,72 €/L","img":"https://fd11-photos.leclercdrive.fr/image.ashx?id=3011992&use=l&cat=p&typeid=i","cat":284533},{"id":184393,"n":"Gousses de vanille Vahiné En poudre sucrées - 8g","p":4.61,"u":"576,25 €/KG","img":"https://fd11-photos.leclercdrive.fr/image.ashx?id=2490587&use=l&cat=p&typeid=i","cat":284504},{"id":184396,"n":"Vanille en poudre Vahiné - 5g","p":7.57,"img":"https://fd11-photos.leclercdrive.fr/image.ashx?id=2559856&use=l&cat=p&typeid=i","cat":284504},{"id":184406,"n":"Romarin de Provence Ducros - 18g","p":2.3,"u":"127,78 €/KG","img":"https://fd11-photos.leclercdrive.fr/image.ashx?id=2486614&use=l&cat=p&typeid=i","cat":298297},{"id":184427,"n":"Thé glacé Oasis Ice Tea Saveur Pêche - 1,5L","p":1.76,"u":"1,17 €/L","img":"https://fd11-photos.leclercdrive.fr/image.ashx?id=2688836&use=l&cat=p&typeid=i","cat":295019},{"id":184514,"n":"Lingettes bébé Waterwipes 99,9% d'eau - x60","p":3.79,"u":"0,06 €/P","img":"https://fd11-photos.leclercdrive.fr/image.ashx?id=2363084&use=l&cat=p&typeid=i","cat":290387},{"id":184537,"n":"Émincés de saumon fumé MSC Sauvage Ronde des mers - 100g","p":4.99,"u":"49,90 €/KG","img":"https://fd11-photos.leclercdrive.fr/image.ashx?id=2362417&use=l&cat=p&typeid=i","cat":285188},{"id":184540,"n":"Fromage Fouetté Nature à tartiner Les Croisés - 150g","p":1.41,"u":"9,40 €/KG","img":"https://fd11-photos.leclercdrive.fr/image.ashx?id=2933452&use=l&cat=p&typeid=i","cat":314029},{"id":184553,"n":"Blocs WC Syphon fraîcheur marine x2 - 110g","p":2.0,"u":"18,18 €/KG","img":"https://fd11-photos.leclercdrive.fr/image.ashx?id=2670359&use=l&cat=p&typeid=i","cat":284662},{"id":184561,"n":"Glaces Kinder Bueno x4 noisettes chocolat blanc - 248g","p":4.01,"u":"16,17 €/KG","img":"https://fd11-photos.leclercdrive.fr/image.ashx?id=2759071&use=l&cat=p&typeid=i","cat":284264},{"id":184568,"n":"Muesli croustillant Bio village Bio Chocolat quinoa - 500g","p":4.2,"u":"8,40 €/KG","img":"https://fd11-photos.leclercdrive.fr/image.ashx?id=2720196&use=l&cat=p&typeid=i","cat":309512},{"id":184569,"n":"Muesli croustillant Bio Village Bio Chocolat - 500g","p":3.72,"u":"7,44 €/KG","img":"https://fd11-photos.leclercdrive.fr/image.ashx?id=2559984&use=l&cat=p&typeid=i","cat":309512},{"id":184584,"n":"Brumisateur Evian - 400ml","p":3.44,"u":"8,60 €/L","img":"https://fd11-photos.leclercdrive.fr/image.ashx?id=2363431&use=l&cat=p&typeid=i","cat":290295},{"id":184662,"n":"2 Stylos 4 Couleurs Wood Bois/bleu","p":6.2,"u":"3,10 €/P","img":"https://fd11-photos.leclercdrive.fr/image.ashx?id=2381504&use=l&cat=p&typeid=i","cat":334133},{"id":184828,"n":"Persillade Ducros Première saveur 19g","p":3.39,"u":"178,42 €/KG","img":"https://fd11-photos.leclercdrive.fr/image.ashx?id=2559502&use=l&cat=p&typeid=i","cat":298297},{"id":184829,"n":"Fines herbes Ducros Première saveur - 16g","p":3.09,"u":"193,13 €/KG","img":"https://fd11-photos.leclercdrive.fr/image.ashx?id=2486626&use=l&cat=p&typeid=i","cat":298297},{"id":184830,"n":"Persillade provençale Ducros Première saveur 19g","p":3.33,"u":"175,26 €/KG","img":"https://fd11-photos.leclercdrive.fr/image.ashx?id=2486629&use=l&cat=p&typeid=i","cat":298297},{"id":184831,"n":"Ail semoule Ducros 140g","p":2.44,"u":"17,43 €/KG","img":"https://fd11-photos.leclercdrive.fr/image.ashx?id=2559511&use=l&cat=p&typeid=i","cat":298297},{"id":184832,"n":"Noix de Muscade Ducros Moulue 42g","p":1.98,"u":"47,14 €/KG","img":"https://fd11-photos.leclercdrive.fr/image.ashx?id=2983219&use=l&cat=p&typeid=i","cat":298297},{"id":184834,"n":"Macédoine fruits confits Vahiné 150g","p":2.61,"u":"17,40 €/KG","img":"https://fd11-photos.leclercdrive.fr/image.ashx?id=2490569&use=l&cat=p&typeid=i","cat":284504},{"id":184835,"n":"Ecorces oranges confites Vahiné 100g","p":3.01,"u":"30,10 €/KG","img":"https://fd11-photos.leclercdrive.fr/image.ashx?id=2490572&use=l&cat=p&typeid=i","cat":284504},{"id":184955,"n":"Eau Aromatisée Vittel Aro Fruit Exotique - 1L","p":1.16,"u":"1,16 €/L","img":"https://fd11-photos.leclercdrive.fr/image.ashx?id=2737135&use=l&cat=p&typeid=i","cat":284537},{"id":184997,"n":"Infusion bio Elephant Detox - x20","p":1.87,"u":"55,00 €/KG","img":"https://fd11-photos.leclercdrive.fr/image.ashx?id=2507566&use=l&cat=p&typeid=i","cat":293234},{"id":184999,"n":"Infusion bio Elephant Relax - x20","p":2.21,"u":"85,00 €/KG","img":"https://fd11-photos.leclercdrive.fr/image.ashx?id=2507572&use=l&cat=p&typeid=i","cat":293234},{"id":185003,"n":"Infusion Eléphant Douce Nuit x20- 32g","p":2.2,"u":"68,75 €/KG","img":"https://fd11-photos.leclercdrive.fr/image.ashx?id=2507569&use=l&cat=p&typeid=i","cat":293234},{"id":185165,"n":"Skyr Yoplait  Coco 1%Mg - 4x100g","p":2.07,"u":"5,18 €/KG","img":"https://fd11-photos.leclercdrive.fr/image.ashx?id=2884459&use=l&cat=p&typeid=i","cat":315000},{"id":185166,"n":"Skyr Yoplait  Vanille 0%MG - 4x100G","p":2.18,"u":"5,45 €/KG","img":"https://fd11-photos.leclercdrive.fr/image.ashx?id=2884456&use=l&cat=p&typeid=i","cat":315000},{"id":185443,"n":"Thé vert citron Yate x25 - 37,5g","p":0.79,"u":"20,79 €/KG","img":"https://fd11-photos.leclercdrive.fr/image.ashx?id=2646008&use=l&cat=p&typeid=i","cat":293233},{"id":185494,"n":"Herbes de provence Ducros 35g","p":3.14,"u":"89,71 €/KG","img":"https://fd11-photos.leclercdrive.fr/image.ashx?id=2559505&use=l&cat=p&typeid=i","cat":298297},{"id":185495,"n":"Persillade de France Ducros 25g","p":2.53,"u":"101,20 €/KG","img":"https://fd11-photos.leclercdrive.fr/image.ashx?id=2374713&use=l&cat=p&typeid=i","cat":298297},{"id":185533,"n":"Melange Maitre Prunille Anti-stress - 180g","p":3.75,"u":"20,83 €/KG","img":"https://fd11-photos.leclercdrive.fr/image.ashx?id=2374914&use=l&cat=p&typeid=i","cat":284448},{"id":185567,"n":"Liniment oléo-calcaire Biolane  700 ml","p":7.01,"u":"10,01 €/L","img":"https://fd11-photos.leclercdrive.fr/image.ashx?id=2586864&use=l&cat=p&typeid=i","cat":284741},{"id":185568,"n":"Gel Lavant Biolane Corps et cheveux 750 ml","p":5.39,"u":"7,19 €/L","img":"https://fd11-photos.leclercdrive.fr/image.ashx?id=2586867&use=l&cat=p&typeid=i","cat":284740},{"id":185571,"n":"Eau pure H2O Biolane 750 ml","p":5.29,"u":"7,05 €/L","img":"https://fd11-photos.leclercdrive.fr/image.ashx?id=2733247&use=l&cat=p&typeid=i","cat":284741},{"id":185789,"n":"Myrtilles Panier du Primeur 125g","p":1.99,"u":"15,92 €/KG","img":"https://fd11-photos.leclercdrive.fr/image.ashx?id=2375773&use=l&cat=p&typeid=i","cat":284356},{"id":185831,"n":"Préparation Gâteau alsa Moelleux Marbré - 435g","p":2.19,"u":"5,03 €/KG","img":"https://fd11-photos.leclercdrive.fr/image.ashx?id=2996428&use=l&cat=p&typeid=i","cat":284505},{"id":185837,"n":"Bonbon à sucer Ricola Douceur de miel - 50g","p":2.34,"u":"46,80 €/KG","img":"https://fd11-photos.leclercdrive.fr/image.ashx?id=2382198&use=l&cat=p&typeid=i","cat":304252},{"id":185999,"n":"Boisson végétale Bio Village Riz nature bio - 1l","p":1.65,"u":"1,65 €/L","img":"https://fd11-photos.leclercdrive.fr/image.ashx?id=2381581&use=l&cat=p&typeid=i","cat":316067},{"id":186043,"n":"Lardons Nature Herta  Sans nitrite - 2x75g","p":1.83,"u":"12,20 €/KG","img":"https://fd11-photos.leclercdrive.fr/image.ashx?id=2785802&use=l&cat=p&typeid=i","cat":316011},{"id":186051,"n":"Gel WC Désinfectant Canard Action Intense Marine - 750ml","p":1.32,"u":"1,76 €/L","img":"https://fd11-photos.leclercdrive.fr/image.ashx?id=2929473&use=l&cat=p&typeid=i","cat":284662},{"id":186055,"n":"Boisson énergisante Red Bull Goût Pastèque, 250ml","p":1.18,"u":"4,72 €/L","img":"https://fd11-photos.leclercdrive.fr/image.ashx?id=2471655&use=l&cat=p&typeid=i","cat":284533},{"id":186070,"n":"Mousse à raser Avène 200ml","p":9.9,"u":"49,50 €/L","img":"https://fd11-photos.leclercdrive.fr/image.ashx?id=2382833&use=l&cat=p&typeid=i","cat":291167},{"id":186072,"n":"Fluide solaire SPF 50+ Avène  50ml","p":12.9,"u":"258,00 €/L","img":"https://fd11-photos.leclercdrive.fr/image.ashx?id=2382836&use=l&cat=p&typeid=i","cat":290396},{"id":186073,"n":"Fluide solaire SPF 50+ Avène Sans parfum - 50ml","p":13.2,"u":"264,00 €/L","img":"https://fd11-photos.leclercdrive.fr/image.ashx?id=2382839&use=l&cat=p&typeid=i","cat":290396},{"id":186074,"n":"Crème solaire SPF 50+ Avène 50ml","p":11.99,"u":"239,80 €/L","img":"https://fd11-photos.leclercdrive.fr/image.ashx?id=2382845&use=l&cat=p&typeid=i","cat":290396},{"id":186075,"n":"Crème solaire SPF 50+ Avène Sans parfum - 50ml","p":11.99,"u":"239,80 €/L","img":"https://fd11-photos.leclercdrive.fr/image.ashx?id=2382848&use=l&cat=p&typeid=i","cat":290396},{"id":186076,"n":"Crème solaire SPF 50+ Avène Teintée - 50ml","p":11.99,"u":"239,80 €/L","img":"https://fd11-photos.leclercdrive.fr/image.ashx?id=2382851&use=l&cat=p&typeid=i","cat":290396},{"id":186077,"n":"Crème émolliente A-Derma Exomega Control - 400ml","p":18.77,"u":"46,93 €/L","img":"https://fd11-photos.leclercdrive.fr/image.ashx?id=2382857&use=l&cat=p&typeid=i","cat":290421},{"id":186079,"n":"Baume émollient A-Derma Exomega Control - 400ml","p":15.19,"u":"37,98 €/L","img":"https://fd11-photos.leclercdrive.fr/image.ashx?id=2382860&use=l&cat=p&typeid=i","cat":290421},{"id":186080,"n":"Lait émollient A-Derma Exomega Control - 400ml","p":17.8,"u":"44,50 €/L","img":"https://fd11-photos.leclercdrive.fr/image.ashx?id=2382863&use=l&cat=p&typeid=i","cat":290421},{"id":186081,"n":"Baume émollient A-Derma Exomega Allergo - 200ml","p":14.99,"u":"74,95 €/L","img":"https://fd11-photos.leclercdrive.fr/image.ashx?id=2382866&use=l&cat=p&typeid=i","cat":290421},{"id":186084,"n":"Lingettes Décolor Stop Max Protect Eco - Lot 3x27","p":12.92,"u":"91,63 €/KG","img":"https://fd11-photos.leclercdrive.fr/image.ashx?id=2382797&use=l&cat=p&typeid=i","cat":290450},{"id":186085,"n":"Fluide hydratant Avène Tolerance Hydra-10 - 40ml","p":14.5,"u":"362,50 €/L","img":"https://fd11-photos.leclercdrive.fr/image.ashx?id=2382875&use=l&cat=p&typeid=i","cat":291171},{"id":186087,"n":"Crème hydratante Avène Tolerance Hydra-10 - 40ml","p":14.5,"u":"362,50 €/L","img":"https://fd11-photos.leclercdrive.fr/image.ashx?id=2382878&use=l&cat=p&typeid=i","cat":291171},{"id":186089,"n":"Crème mains absorption express Neutrogena - 75ml","p":5.28,"u":"70,40 €/L","img":"https://fd11-photos.leclercdrive.fr/image.ashx?id=2928840&use=l&cat=p&typeid=i","cat":290424},{"id":186113,"n":"Shampoing illuminateur Klorane Camomille - 400ml","p":10.49,"u":"26,23 €/L","img":"https://fd11-photos.leclercdrive.fr/image.ashx?id=2878972&use=l&cat=p&typeid=i","cat":290400},{"id":186115,"n":"Shampoing assainissant Klorane Cédrat - 400ml","p":9.49,"u":"23,73 €/L","img":"https://fd11-photos.leclercdrive.fr/image.ashx?id=2788613&use=l&cat=p&typeid=i","cat":290400},{"id":186124,"n":"Crème Sensifine AR SVR Anti-rougeurs - 40ml","p":11.5,"u":"287,50 €/KG","img":"https://fd11-photos.leclercdrive.fr/image.ashx?id=2966035&use=l&cat=p&typeid=i","cat":291171},{"id":186130,"n":"Acérola Vitamine C Herbesan Goût cerise - 90 comprimés","p":9.04,"pp":6.33,"u":"0,07 €/P","img":"https://fd11-photos.leclercdrive.fr/image.ashx?id=2382896&use=l&cat=p&typeid=i","cat":301264},{"id":186160,"n":"Confit de porc à l'ancienne Les Trois Chefs - 750g","p":7.16,"u":"9,55 €/KG","img":"https://fd11-photos.leclercdrive.fr/image.ashx?id=2432556&use=l&cat=p&typeid=i","cat":305149},{"id":186162,"n":"Spray désinfectant Septimyl Chlorhexidine 0,5% - 100ml","p":3.49,"u":"34,90 €/L","img":"https://fd11-photos.leclercdrive.fr/image.ashx?id=2383112&use=l&cat=p&typeid=i","cat":291163},{"id":186164,"n":"Ampoule vitamine C SVR 30ml","p":32.59,"img":"https://fd11-photos.leclercdrive.fr/image.ashx?id=2971649&use=l&cat=p&typeid=i","cat":291171},{"id":186165,"n":"Ampoule vitamine B3 SVR 30ml","p":26.39,"u":"879,67 €/L","img":"https://fd11-photos.leclercdrive.fr/image.ashx?id=2971179&use=l&cat=p&typeid=i","cat":291171},{"id":186170,"n":"Sucettes +18 mois Dodie Silicone - x2","p":5.35,"u":"2,68 €/P","img":"https://fd11-photos.leclercdrive.fr/image.ashx?id=2876755&use=l&cat=p&typeid=i","cat":290430},{"id":186171,"n":"Baume réparateur Eucerin Aquaphor - 40ml","p":7.19,"u":"179,75 €/L","img":"https://fd11-photos.leclercdrive.fr/image.ashx?id=2383176&use=l&cat=p&typeid=i","cat":290421},{"id":186174,"n":"Biberon verre 1er âge MAM  Blanc - 260ml","p":10.98,"img":"https://fd11-photos.leclercdrive.fr/image.ashx?id=2980170&use=l&cat=p&typeid=i","cat":290386},{"id":186177,"n":"Crème pieds 10% d'Urée Eucerin UreaRepair Plus - 100ml","p":6.49,"u":"64,90 €/L","img":"https://fd11-photos.leclercdrive.fr/image.ashx?id=2736223&use=l&cat=p&typeid=i","cat":290424},{"id":186184,"n":"Soin de nuit Eucerin Hyaluron-Filler - 50ml","p":26.89,"u":"537,80 €/L","img":"https://fd11-photos.leclercdrive.fr/image.ashx?id=2926813&use=l&cat=p&typeid=i","cat":291168},{"id":186190,"n":"Capsules solaires Doriance Autobronzant - 2x30 capsules","p":18.99,"u":"0,32 €/P","img":"https://fd11-photos.leclercdrive.fr/image.ashx?id=2678017&use=l&cat=p&typeid=i","cat":290395},{"id":186207,"n":"Soin de jour peau sèche Eucerin Hyaluron-Filler - 50ml","p":26.89,"u":"537,80 €/L","img":"https://fd11-photos.leclercdrive.fr/image.ashx?id=2926810&use=l&cat=p&typeid=i","cat":291168},{"id":186209,"n":"Compresses non-tissées douces Elastoplat - 10 pièces","p":1.49,"u":"0,15 €/P","img":"https://fd11-photos.leclercdrive.fr/image.ashx?id=2383221&use=l&cat=p&typeid=i","cat":291163},{"id":186214,"n":"Gel-crème Après soleil Bioderma Photoderm - 200ml","p":8.5,"u":"42,50 €/L","img":"https://fd11-photos.leclercdrive.fr/image.ashx?id=2956520&use=l&cat=p&typeid=i","cat":290394},{"id":186232,"n":"Sucettes +18 mois Dodie Silicone - x2","p":5.48,"u":"2,74 €/P","img":"https://fd11-photos.leclercdrive.fr/image.ashx?id=2852588&use=l&cat=p&typeid=i","cat":290430},{"id":186238,"n":"Crème blur mousse SPF50 SVR 50ml","p":11.99,"u":"239,80 €/L","img":"https://fd11-photos.leclercdrive.fr/image.ashx?id=2971191&use=l&cat=p&typeid=i","cat":290396},{"id":186240,"n":"Baume Protect+ Topialyse SVR 400ml","p":14.99,"pp":11.24,"u":"28,10 €/L","img":"https://fd11-photos.leclercdrive.fr/image.ashx?id=2971658&use=l&cat=p&typeid=i","cat":290421},{"id":186246,"n":"Sérum anti-imperfections SVR SEBIACLEAR - 30ml","p":12.48,"u":"416,00 €/L","img":"https://fd11-photos.leclercdrive.fr/image.ashx?id=2965136&use=l&cat=p&typeid=i","cat":291166},{"id":186258,"n":"Lessive Capsules Tout-en-1 Skip Fraîcheur Intense x26 Capsules","p":10.5,"u":"19,06 €/KG","img":"https://fd11-photos.leclercdrive.fr/image.ashx?id=2978934&use=l&cat=p&typeid=i","cat":284641},{"id":186260,"n":"Lessive Capsules Skip Tout-en-1 Active Clean x26","p":9.37,"u":"17,01 €/KG","img":"https://fd11-photos.leclercdrive.fr/image.ashx?id=2940651&use=l&cat=p&typeid=i","cat":284641},{"id":186263,"n":"Lessive Capsules Tout-en-1 Skip Fraîcheur Intense 38 Lavages","p":14.62,"u":"18,14 €/KG","img":"https://fd11-photos.leclercdrive.fr/image.ashx?id=2929236&use=l&cat=p&typeid=i","cat":284641},{"id":186267,"n":"Lingettes bébé visage et mains Biolane - 64 lingettes","p":2.36,"u":"0,04 €/P","img":"https://fd11-photos.leclercdrive.fr/image.ashx?id=2876539&use=l&cat=p&typeid=i","cat":284738},{"id":186271,"n":"Séchoir à poser  24M semi-automatique","p":34.9,"u":"Dont 0,31 € d'éco-part.","img":"https://fd11-photos.leclercdrive.fr/image.ashx?id=2387155&use=l&cat=p&typeid=i","cat":335909},{"id":186296,"n":"Lessive Capsules Skip Tout-en-1 Active Clean x38","p":14.13,"u":"17,53 €/KG","img":"https://fd11-photos.leclercdrive.fr/image.ashx?id=2757114&use=l&cat=p&typeid=i","cat":284641},{"id":186391,"n":"ULTIMA Chat Stérilisé Poisson - 4x85g","p":2.46,"u":"0,72 €/L","img":"https://fd11-photos.leclercdrive.fr/image.ashx?id=2985627&use=l&cat=p&typeid=i","cat":285286},{"id":186461,"n":"Ail lyophilisé Ducros 19g","p":3.79,"u":"199,47 €/KG","img":"https://fd11-photos.leclercdrive.fr/image.ashx?id=2486617&use=l&cat=p&typeid=i","cat":298297},{"id":186462,"n":"Ciboulette lyophilisée Ducros 3g","p":2.72,"u":"906,67 €/KG","img":"https://fd11-photos.leclercdrive.fr/image.ashx?id=2486620&use=l&cat=p&typeid=i","cat":298297},{"id":186466,"n":"Mayonnaise citron Bénédicta Bocal - 255g","p":2.21,"u":"8,67 €/KG","img":"https://fd11-photos.leclercdrive.fr/image.ashx?id=2828148&use=l&cat=p&typeid=i","cat":298295},{"id":186467,"n":"Mayonnaise Comme à la maison Bénédicta - Bocal - 255g","p":2.06,"u":"8,08 €/KG","img":"https://fd11-photos.leclercdrive.fr/image.ashx?id=2629265&use=l&cat=p&typeid=i","cat":298295},{"id":186481,"n":"Sachet repas chat stérilisé  Poulet/Boeuf/Thon/Poiss - 4x85g","p":2.51,"u":"29,53 €/KG","img":"https://fd11-photos.leclercdrive.fr/image.ashx?id=2985636&use=l&cat=p&typeid=i","cat":285286},{"id":186488,"n":"Purée de pomme et clémentines Babybio - 260g","p":3.02,"u":"11,62 €/KG","img":"https://fd11-photos.leclercdrive.fr/image.ashx?id=2838341&use=l&cat=p&typeid=i","cat":312388},{"id":186497,"n":"Capsules café L'Or Espresso Saveur Caramel x10","p":3.62,"u":"69,62 €/KG","img":"https://fd11-photos.leclercdrive.fr/image.ashx?id=2387049&use=l&cat=p&typeid=i","cat":293241},{"id":186502,"n":"Sachet Chat Stérilisé Ultima Poulet, Dinde, Saumon - 4x85g","p":2.46,"u":"28,94 €/KG","img":"https://fd11-photos.leclercdrive.fr/image.ashx?id=2985633&use=l&cat=p&typeid=i","cat":285286},{"id":186657,"n":"Crème dessert Delisse Chocolat - 6x125g","p":1.42,"u":"1,89 €/KG","img":"https://fd11-photos.leclercdrive.fr/image.ashx?id=2441492&use=l&cat=p&typeid=i","cat":285041},{"id":186659,"n":"Crème dessert Delisse Vanille - 6x125g","p":1.33,"u":"1,77 €/KG","img":"https://fd11-photos.leclercdrive.fr/image.ashx?id=2441498&use=l&cat=p&typeid=i","cat":285041},{"id":186661,"n":"Crème dessert Delisse Caramel - 6x125g","p":1.39,"u":"1,85 €/KG","img":"https://fd11-photos.leclercdrive.fr/image.ashx?id=2441504&use=l&cat=p&typeid=i","cat":285041},{"id":186686,"n":"Déodorant stick Homme Mennen Marine Sans Alcool - 60ml","p":3.14,"u":"52,33 €/L","img":"https://fd11-photos.leclercdrive.fr/image.ashx?id=2869107&use=l&cat=p&typeid=i","cat":284618},{"id":186688,"n":"Déodorant stick Homme Mennen Sans Alcool Anti-Traces - 60ml","p":3.14,"u":"52,33 €/L","img":"https://fd11-photos.leclercdrive.fr/image.ashx?id=2869110&use=l&cat=p&typeid=i","cat":284618},{"id":186853,"n":"Lessive Capsules Tout-en-1 Skip Touche de Cajoline 24 Lavages","p":10.0,"u":"19,65 €/KG","img":"https://fd11-photos.leclercdrive.fr/image.ashx?id=2956688&use=l&cat=p&typeid=i","cat":284641},{"id":186856,"n":"Lessive Capsules Skip Tout-en-1 Extra Détachant x24","p":10.4,"u":"20,43 €/KG","img":"https://fd11-photos.leclercdrive.fr/image.ashx?id=2956691&use=l&cat=p&typeid=i","cat":284641},{"id":186857,"n":"Lessive Capsules Skip Tout-en-1 Cajoline 36 Lavages","p":13.07,"u":"17,13 €/KG","img":"https://fd11-photos.leclercdrive.fr/image.ashx?id=2929239&use=l&cat=p&typeid=i","cat":284641},{"id":186870,"n":"Préparation pour moelleux Tablier Blanc citron - 435g","p":1.97,"u":"4,53 €/KG","img":"https://fd11-photos.leclercdrive.fr/image.ashx?id=2487497&use=l&cat=p&typeid=i","cat":284504},{"id":186920,"n":"Tuiles Monster Munch Crazy Original - 150g","p":1.9,"u":"12,67 €/KG","img":"https://fd11-photos.leclercdrive.fr/image.ashx?id=2921735&use=l&cat=p&typeid=i","cat":287899},{"id":186923,"n":"Tuiles Monster Munch  Crazy crème oignon - 150g","p":1.9,"u":"12,67 €/KG","img":"https://fd11-photos.leclercdrive.fr/image.ashx?id=2916881&use=l&cat=p&typeid=i","cat":287899},{"id":186926,"n":"Tuiles Monster Munch Crazy paprika - 150g","p":1.9,"u":"12,67 €/KG","img":"https://fd11-photos.leclercdrive.fr/image.ashx?id=2955339&use=l&cat=p&typeid=i","cat":287899},{"id":186946,"n":"Mouliné Bio Village Bio - légumes variés  - 2x30cl","p":1.69,"u":"5,63 €/L","img":"https://fd11-photos.leclercdrive.fr/image.ashx?id=2404157&use=l&cat=p&typeid=i","cat":284462},{"id":187029,"n":"Coton-tiges ouatés Inell Boîte - x300 bâtonnets","p":0.73,"img":"https://fd11-photos.leclercdrive.fr/image.ashx?id=2824301&use=l&cat=p&typeid=i","cat":284636},{"id":187124,"n":"Petits Calissons Ballotin Noël Le Roy René - Boîte - 180g","p":6.0,"u":"33,33 €/KG","img":"https://fd11-photos.leclercdrive.fr/image.ashx?id=2424254&use=l&cat=p&typeid=i","cat":327606},{"id":187126,"n":"Crunch Chocolat Noël Moulage Renne - 88g","p":2.41,"u":"27,39 €/KG","img":"https://fd11-photos.leclercdrive.fr/image.ashx?id=2394096&use=l&cat=p&typeid=i","cat":327592},{"id":187127,"n":"Petits Calissons Le Roy René Reglette Noël - 125g","p":5.28,"u":"42,24 €/KG","img":"https://fd11-photos.leclercdrive.fr/image.ashx?id=2456804&use=l&cat=p&typeid=i","cat":327606},{"id":187151,"n":"Tasse Pat Patrouille Chase et Stella Chocolat au lait - 34g","p":4.42,"u":"130,00 €/KG","img":"https://fd11-photos.leclercdrive.fr/image.ashx?id=2964081&use=l&cat=p&typeid=i","cat":327789},{"id":187154,"n":"Tasse Frozen Anna et Elsa Chocolat au lait - 34g","p":4.35,"u":"127,94 €/KG","img":"https://fd11-photos.leclercdrive.fr/image.ashx?id=2394282&use=l&cat=p&typeid=i","cat":327789},{"id":187158,"n":"Tasse céramique Spiderman Chocolat au lait  - 34g","p":4.35,"u":"127,94 €/KG","img":"https://fd11-photos.leclercdrive.fr/image.ashx?id=2394288&use=l&cat=p&typeid=i","cat":327789},{"id":187161,"n":"Pralinés Gianduiotto Novi 250g","p":6.66,"pp":4.4,"u":"17,60 €/KG","img":"https://fd11-photos.leclercdrive.fr/image.ashx?id=2615164&use=l&cat=p&typeid=i","cat":327595},{"id":187168,"n":"Assortiment Cuadro Novi 250g","p":6.66,"pp":4.4,"u":"17,60 €/KG","img":"https://fd11-photos.leclercdrive.fr/image.ashx?id=2615173&use=l&cat=p&typeid=i","cat":327595},{"id":187172,"n":"Bouchées Chocolat Noël Nestlé L'Atelier Lait Noisettes - 262g","p":9.79,"u":"37,37 €/KG","img":"https://fd11-photos.leclercdrive.fr/image.ashx?id=2938244&use=l&cat=p&typeid=i","cat":327595},{"id":187176,"n":"After Eight Chocolat Noël Saveur Cerise - 400g","p":8.12,"u":"20,30 €/KG","img":"https://fd11-photos.leclercdrive.fr/image.ashx?id=2394315&use=l&cat=p&typeid=i","cat":327595},{"id":187241,"n":"Savon Le Petit Marseillais  Solide amande douce - 2x100g","p":1.81,"u":"9,05 €/KG","img":"https://fd11-photos.leclercdrive.fr/image.ashx?id=2684203&use=l&cat=p&typeid=i","cat":284597},{"id":187287,"n":"Desserts Lactés P'TIT BRASSE Banane pêche 6M+ - 4x90g","p":2.0,"u":"5,56 €/KG","img":"https://fd11-photos.leclercdrive.fr/image.ashx?id=2616252&use=l&cat=p&typeid=i","cat":312392},{"id":187288,"n":"Desserts Lactés P'TIT BRASSE Poire SSA 6M+ - 4x90g","p":2.05,"u":"5,69 €/KG","img":"https://fd11-photos.leclercdrive.fr/image.ashx?id=2593050&use=l&cat=p&typeid=i","cat":312392},{"id":187343,"n":"Bûche Pilpa Exquise 3 Chocolats - 535g","p":5.27,"u":"9,85 €/KG","img":"https://fd11-photos.leclercdrive.fr/image.ashx?id=2751027&use=l&cat=p&typeid=i","cat":284266},{"id":187344,"n":"Bûche Pilpa Caramel beurre salé - 535g","p":5.27,"u":"9,85 €/KG","img":"https://fd11-photos.leclercdrive.fr/image.ashx?id=2751036&use=l&cat=p&typeid=i","cat":284266},{"id":187352,"n":"Bûche Pilpa Caprices des Îles - 564g","p":5.27,"u":"9,34 €/KG","img":"https://fd11-photos.leclercdrive.fr/image.ashx?id=2749961&use=l&cat=p&typeid=i","cat":284266},{"id":187355,"n":"Bûche Signature Eskiss Nougat - 487g","p":5.59,"u":"11,48 €/KG","img":"https://fd11-photos.leclercdrive.fr/image.ashx?id=2791365&use=l&cat=p&typeid=i","cat":284266},{"id":187356,"n":"Bûche Signature Eskiss Coco Mangue - 476g","p":5.59,"u":"11,74 €/KG","img":"https://fd11-photos.leclercdrive.fr/image.ashx?id=2791368&use=l&cat=p&typeid=i","cat":284266},{"id":187357,"n":"Bûche Signature Eskiss Vanille Caramel - 490g","p":5.59,"u":"11,41 €/KG","img":"https://fd11-photos.leclercdrive.fr/image.ashx?id=2791371&use=l&cat=p&typeid=i","cat":284266},{"id":187358,"n":"Bûche Signature Eskiss Façon rocher - 501g","p":5.59,"u":"11,16 €/KG","img":"https://fd11-photos.leclercdrive.fr/image.ashx?id=2791374&use=l&cat=p&typeid=i","cat":284266},{"id":187365,"n":"Desserts Lactés P'TIT BRASSE Nature 6M+ - 4x90g","p":2.09,"u":"5,81 €/KG","img":"https://fd11-photos.leclercdrive.fr/image.ashx?id=2594223&use=l&cat=p&typeid=i","cat":312392},{"id":187387,"n":"Truite fumée de France Labeyrie 4 tranches - 120g","p":5.36,"u":"44,67 €/KG","img":"https://fd11-photos.leclercdrive.fr/image.ashx?id=2803535&use=l&cat=p&typeid=i","cat":285188},{"id":187388,"n":"Assortiment chocolats Côte d'Or Collection - 345g","p":14.01,"u":"40,61 €/KG","img":"https://fd11-photos.leclercdrive.fr/image.ashx?id=2494057&use=l&cat=p&typeid=i","cat":327595},{"id":187389,"n":"Saumon fumé du Pacifique  Labeyrie - 4 tranches - 110g","p":8.2,"u":"74,55 €/KG","img":"https://fd11-photos.leclercdrive.fr/image.ashx?id=2877694&use=l&cat=p&typeid=i","cat":285188},{"id":187393,"n":"Assortiment chocolats belges Equador - 195g","p":5.15,"u":"26,41 €/KG","img":"https://fd11-photos.leclercdrive.fr/image.ashx?id=3004115&use=l&cat=p&typeid=i","cat":327595},{"id":187394,"n":"Assortiment chocolats belges Equador - 390g","p":9.59,"u":"24,59 €/KG","img":"https://fd11-photos.leclercdrive.fr/image.ashx?id=3004118&use=l&cat=p&typeid=i","cat":327595},{"id":187403,"n":"Feuilletés Jambon Fromage Eco+ x10 - 650g","p":2.63,"u":"4,05 €/KG","img":"https://fd11-photos.leclercdrive.fr/image.ashx?id=2814851&use=l&cat=p&typeid=i","cat":319776},{"id":187405,"n":"Petits pois très fins Notre Jardin - 1kg","p":1.79,"img":"https://fd11-photos.leclercdrive.fr/image.ashx?id=2900166&use=l&cat=p&typeid=i","cat":319805},{"id":187406,"n":"Saumon fumé Ecosse Delpierre 10 tranches - 300g","p":11.45,"u":"38,17 €/KG","img":"https://fd11-photos.leclercdrive.fr/image.ashx?id=2961918&use=l&cat=p&typeid=i","cat":285188},{"id":187448,"n":"Frites ondulées McCain Côté Burger - 650g","p":2.6,"u":"4,00 €/KG","img":"https://fd11-photos.leclercdrive.fr/image.ashx?id=2920027&use=l&cat=p&typeid=i","cat":319791},{"id":187460,"n":"Sous-vêtements de nuit Ninjamas Fille - T7 - x10","p":8.92,"u":"0,89 €/P","img":"https://fd11-photos.leclercdrive.fr/image.ashx?id=2507212&use=l&cat=p&typeid=i","cat":290633},{"id":187478,"n":"Cordon bleu de poulet Eco+ 200g","p":1.45,"u":"7,25 €/KG","img":"https://fd11-photos.leclercdrive.fr/image.ashx?id=2758294&use=l&cat=p&typeid=i","cat":333683},{"id":187483,"n":"Pâtes Côté Table  Saumon épinard - 900g","p":5.92,"u":"6,58 €/KG","img":"https://fd11-photos.leclercdrive.fr/image.ashx?id=2900187&use=l&cat=p&typeid=i","cat":284254},{"id":187493,"n":"Brassés brebis Baby Bio Bio mirabelle - 260g","p":3.26,"u":"12,54 €/KG","img":"https://fd11-photos.leclercdrive.fr/image.ashx?id=2875393&use=l&cat=p&typeid=i","cat":312392},{"id":187547,"n":"Moutarde Fine & Forte AMORA Flacon Souple - 460g","p":2.29,"u":"4,98 €/KG","img":"https://fd11-photos.leclercdrive.fr/image.ashx?id=2877271&use=l&cat=p&typeid=i","cat":288850},{"id":187549,"n":"Sérum antichute et croissance Neoptide Ducray - 2x50ml","p":43.89,"u":"438,90 €/L","img":"https://fd11-photos.leclercdrive.fr/image.ashx?id=2977393&use=l&cat=p&typeid=i","cat":290399},{"id":187602,"n":"Gousses de vanille Vahiné x4 -","p":8.53,"u":"2,13 €/P","img":"https://fd11-photos.leclercdrive.fr/image.ashx?id=2569428&use=l&cat=p&typeid=i","cat":284504},{"id":187603,"n":"Pepites de chocolats Vahiné  3 chocolats - 180g","p":5.12,"u":"28,44 €/KG","img":"https://fd11-photos.leclercdrive.fr/image.ashx?id=2397863&use=l&cat=p&typeid=i","cat":284504},{"id":187605,"n":"Brassé bio Baby Bio Chèvre abricot banane - 260g","p":3.26,"u":"12,54 €/KG","img":"https://fd11-photos.leclercdrive.fr/image.ashx?id=2858231&use=l&cat=p&typeid=i","cat":312392},{"id":187613,"n":"Petits pots bébé P'TITE RECETTE Poisson provençal 12M+ - 2x200g","p":2.13,"u":"5,33 €/KG","img":"https://fd11-photos.leclercdrive.fr/image.ashx?id=2737150&use=l&cat=p&typeid=i","cat":312237},{"id":187667,"n":"Piles alcalines Energizer Max AAA/LR03 - x4","p":4.99,"img":"https://fd11-photos.leclercdrive.fr/image.ashx?id=2689076&use=l&cat=p&typeid=i","cat":300572},{"id":187671,"n":"Piles alcalines Energizer Max AA/LR6 - x4","p":4.99,"img":"https://fd11-photos.leclercdrive.fr/image.ashx?id=2689073&use=l&cat=p&typeid=i","cat":300572},{"id":187808,"n":"Haricots rouges D'aucy  2x125g","p":1.69,"u":"6,76 €/KG","img":"https://fd11-photos.leclercdrive.fr/image.ashx?id=2861933&use=l&cat=p&typeid=i","cat":312606},{"id":187987,"n":"Déodorant stick Homme Mennen 24H Musk Sans Alcool - 60ml","p":3.14,"u":"52,33 €/L","img":"https://fd11-photos.leclercdrive.fr/image.ashx?id=2869113&use=l&cat=p&typeid=i","cat":284618},{"id":187990,"n":"Lait Corps Réparateur Mixa Peau abîmée desséchée - 300ml","p":3.82,"u":"12,73 €/L","img":"https://fd11-photos.leclercdrive.fr/image.ashx?id=2908186&use=l&cat=p&typeid=i","cat":325349},{"id":187999,"n":"Lait Corps réparateur Mixa Peaux desséchées - 300ml","p":3.49,"u":"11,63 €/L","img":"https://fd11-photos.leclercdrive.fr/image.ashx?id=2402394&use=l&cat=p&typeid=i","cat":325349},{"id":188001,"n":"Gel coiffant Vivelle DOP Fixation Extrême - 190ml","p":3.69,"u":"19,42 €/L","img":"https://fd11-photos.leclercdrive.fr/image.ashx?id=2402403&use=l&cat=p&typeid=i","cat":284609},{"id":188003,"n":"Gel Coiffant Béton Dop Vivelle Fixation 24h - 190ml","p":3.69,"u":"19,42 €/L","img":"https://fd11-photos.leclercdrive.fr/image.ashx?id=2402406&use=l&cat=p&typeid=i","cat":284609},{"id":188011,"n":"Tablette de chocolat Lindt Lait noisettes - 2x100g","p":4.66,"u":"23,30 €/KG","img":"https://fd11-photos.leclercdrive.fr/image.ashx?id=2654614&use=l&cat=p&typeid=i","cat":284497},{"id":188013,"n":"Tablette de chocolat Lindt Lait extra fin - 3x100g","p":5.54,"u":"18,47 €/KG","img":"https://fd11-photos.leclercdrive.fr/image.ashx?id=2655853&use=l&cat=p&typeid=i","cat":284497},{"id":188015,"n":"Cœurs de palmier D'aucy  125g","p":3.95,"u":"17,95 €/KG","img":"https://fd11-photos.leclercdrive.fr/image.ashx?id=2401369&use=l&cat=p&typeid=i","cat":312611},{"id":188271,"n":"Matière grasse doux Astra  À tartiner à cuire 70%MG - 500g","p":2.43,"u":"4,86 €/KG","img":"https://fd11-photos.leclercdrive.fr/image.ashx?id=2406301&use=l&cat=p&typeid=i","cat":315229},{"id":188295,"n":"Jambon Le Bon Paris Herta À l'étouffée x4 - 170g","p":2.06,"u":"12,12 €/KG","img":"https://fd11-photos.leclercdrive.fr/image.ashx?id=2731390&use=l&cat=p&typeid=i","cat":316009},{"id":188296,"n":"Jambon Le Bon Paris Herta À l'étouffée x6 - 255g","p":2.93,"u":"11,49 €/KG","img":"https://fd11-photos.leclercdrive.fr/image.ashx?id=2418720&use=l&cat=p&typeid=i","cat":316009},{"id":188297,"n":"Jambon Le Bon Paris Herta À l'étouffée x8 - 340g","p":3.82,"u":"11,24 €/KG","img":"https://fd11-photos.leclercdrive.fr/image.ashx?id=2921519&use=l&cat=p&typeid=i","cat":316009},{"id":188299,"n":"Jambon Le Bon Paris Herta À l'étouffée x10 - 425g","p":4.72,"u":"11,11 €/KG","img":"https://fd11-photos.leclercdrive.fr/image.ashx?id=2757599&use=l&cat=p&typeid=i","cat":316009},{"id":189846,"n":"Clémentines Caissette 2.3kg","p":5.29,"u":"2,30 €/KG","img":"https://fd11-photos.leclercdrive.fr/image.ashx?id=1856704&use=l&cat=p&typeid=i","cat":284356},{"id":191418,"n":"Botte de radis rose  1p","p":1.19,"img":"https://fd11-photos.leclercdrive.fr/image.ashx?id=558013&use=l&cat=p&typeid=i","cat":284352},{"id":194064,"n":"Jambon Le Bon Paris Herta  sans nitrite x6 - 210g","p":3.46,"u":"16,48 €/KG","img":"https://fd11-photos.leclercdrive.fr/image.ashx?id=2731396&use=l&cat=p&typeid=i","cat":316009},{"id":194071,"n":"Jambon Le Bon Paris Herta -25% de sel x2 - 70g","p":1.48,"u":"21,14 €/KG","img":"https://fd11-photos.leclercdrive.fr/image.ashx?id=2405899&use=l&cat=p&typeid=i","cat":316009},{"id":194073,"n":"Jambon Le Bon Paris Herta -25% de sel x4 - 140g","p":2.39,"u":"17,07 €/KG","img":"https://fd11-photos.leclercdrive.fr/image.ashx?id=2995067&use=l&cat=p&typeid=i","cat":316009},{"id":194075,"n":"Jambon Le Bon Paris Herta -25%  de sel sans nitrite x4 - 140g","p":2.54,"u":"18,14 €/KG","img":"https://fd11-photos.leclercdrive.fr/image.ashx?id=2910124&use=l&cat=p&typeid=i","cat":316009},{"id":194329,"n":"Huile végétale amande douce bio 250ml","p":19.49,"u":"77,96 €/L","img":"https://fd11-photos.leclercdrive.fr/image.ashx?id=2407646&use=l&cat=p&typeid=i","cat":290422},{"id":194333,"n":"Soin yeux Vichy Minéral Fortifiant & réparateur - 15ml","p":16.96,"img":"https://fd11-photos.leclercdrive.fr/image.ashx?id=2406043&use=l&cat=p&typeid=i","cat":291172},{"id":194334,"n":"Fluide Capital Soleil Vichy SPF50  - 40ml","p":16.49,"u":"412,25 €/L","img":"https://fd11-photos.leclercdrive.fr/image.ashx?id=3001365&use=l&cat=p&typeid=i","cat":290396},{"id":194347,"n":"Crème regénération cellulaire Avène Hyaluron Activ B3 - 50ml","p":32.89,"u":"657,80 €/L","img":"https://fd11-photos.leclercdrive.fr/image.ashx?id=2733151&use=l&cat=p&typeid=i","cat":291168},{"id":194351,"n":"Soin regard triple correction Avène - 15ml","p":24.99,"img":"https://fd11-photos.leclercdrive.fr/image.ashx?id=2636341&use=l&cat=p&typeid=i","cat":291172},{"id":194354,"n":"Crème multi-intensive nuit Avène - 40ml","p":31.99,"u":"799,75 €/L","img":"https://fd11-photos.leclercdrive.fr/image.ashx?id=2968262&use=l&cat=p&typeid=i","cat":291171},{"id":194360,"n":"Anacaps expert chute de cheveux Ducray - x90 gélules","p":25.4,"img":"https://fd11-photos.leclercdrive.fr/image.ashx?id=2556159&use=l&cat=p&typeid=i","cat":301266},{"id":194699,"n":"Lait Corps Nourissant Mixa Effet Soleil - 250ml","p":3.86,"u":"15,44 €/L","img":"https://fd11-photos.leclercdrive.fr/image.ashx?id=2409379&use=l&cat=p&typeid=i","cat":325349},{"id":195919,"n":"Jambon Le Bon Paris Herta  sans nitrite x2 - 70g","p":1.81,"u":"25,86 €/KG","img":"https://fd11-photos.leclercdrive.fr/image.ashx?id=2413531&use=l&cat=p&typeid=i","cat":316009},{"id":195960,"n":"Coton-tiges bébé Mots d'Enfants Bio - x60","p":0.65,"u":"0,01 €/P","img":"https://fd11-photos.leclercdrive.fr/image.ashx?id=3015129&use=l&cat=p&typeid=i","cat":284739},{"id":195980,"n":"Liquide vaisselle Excel Paic Brillance actif à froid - 500ml","p":2.06,"u":"4,12 €/L","img":"https://fd11-photos.leclercdrive.fr/image.ashx?id=2413173&use=l&cat=p&typeid=i","cat":284655},{"id":195981,"n":"Liquide vaisselle Excel Paic Anti-odeur actif à froid -500ml","p":2.07,"u":"4,14 €/L","img":"https://fd11-photos.leclercdrive.fr/image.ashx?id=2413176&use=l&cat=p&typeid=i","cat":284655},{"id":195983,"n":"Liquide vaisselle Excel Paic Dégraissant actif à froid 500ml","p":1.9,"u":"3,80 €/L","img":"https://fd11-photos.leclercdrive.fr/image.ashx?id=2413182&use=l&cat=p&typeid=i","cat":284655},{"id":196116,"n":"Jambon Le Bon Paris Herta  -25% Sel x6 - 210g","p":2.7,"u":"12,86 €/KG","img":"https://fd11-photos.leclercdrive.fr/image.ashx?id=2707750&use=l&cat=p&typeid=i","cat":316009},{"id":196120,"n":"Jambon Le Bon Paris Herta Broche x4 - 140g","p":2.72,"u":"19,43 €/KG","img":"https://fd11-photos.leclercdrive.fr/image.ashx?id=3008158&use=l&cat=p&typeid=i","cat":316009},{"id":196179,"n":"Brioches Pitch pâte à tartiner x7 - 262g","p":2.89,"u":"11,03 €/KG","img":"https://fd11-photos.leclercdrive.fr/image.ashx?id=2454097&use=l&cat=p&typeid=i","cat":293505},{"id":196241,"n":"Jambon supérieur Eco+ Sans couenne 4 tranches - 160g","p":1.4,"u":"8,75 €/KG","img":"https://fd11-photos.leclercdrive.fr/image.ashx?id=2744407&use=l&cat=p&typeid=i","cat":316009},{"id":196266,"n":"Mousse à Raser 0% Alcool Mennen Peaux sensibles - 250ml","p":2.22,"u":"8,88 €/L","img":"https://fd11-photos.leclercdrive.fr/image.ashx?id=2661733&use=l&cat=p&typeid=i","cat":284617},{"id":196267,"n":"Mousse à Raser 0% Alcool Mennen Hypoallergénique - 250ml","p":2.22,"u":"8,88 €/L","img":"https://fd11-photos.leclercdrive.fr/image.ashx?id=2661736&use=l&cat=p&typeid=i","cat":284617},{"id":196271,"n":"Nettoyant Ménager Cif Crème à Récurer 750 ml","p":1.73,"u":"2,31 €/L","img":"https://fd11-photos.leclercdrive.fr/image.ashx?id=2752513&use=l&cat=p&typeid=i","cat":325357},{"id":196280,"n":"Couches Jumbo Biolane Taille 5 - x40","p":17.06,"u":"0,43 €/P","img":"https://fd11-photos.leclercdrive.fr/image.ashx?id=2876527&use=l&cat=p&typeid=i","cat":284737},{"id":196308,"n":"Raisins secs golden Domino 500g","p":3.58,"u":"7,16 €/KG","img":"https://fd11-photos.leclercdrive.fr/image.ashx?id=2416778&use=l&cat=p&typeid=i","cat":284504},{"id":196319,"n":"Jambon supérieur Eco+ Avec couenne 4 tranches - 160g","p":1.43,"u":"8,94 €/KG","img":"https://fd11-photos.leclercdrive.fr/image.ashx?id=2706550&use=l&cat=p&typeid=i","cat":316009},{"id":196320,"n":"Jambon supérieur Eco+ Avec couenne 6 tranches - 240g","p":2.14,"u":"8,92 €/KG","img":"https://fd11-photos.leclercdrive.fr/image.ashx?id=2706553&use=l&cat=p&typeid=i","cat":316009},{"id":196321,"n":"Jambon supérieur Eco+ Sans couenne 6 tranches - 240g","p":2.09,"u":"8,71 €/KG","img":"https://fd11-photos.leclercdrive.fr/image.ashx?id=2706556&use=l&cat=p&typeid=i","cat":316009},{"id":196353,"n":"Chardons liqueurs  jacquot x4 - 300g","p":8.42,"u":"28,07 €/KG","img":"https://fd11-photos.leclercdrive.fr/image.ashx?id=2416685&use=l&cat=p&typeid=i","cat":327601},{"id":196373,"n":"Boîte de chocolats Kinder Happy Moments - 382g","p":12.25,"u":"32,07 €/KG","img":"https://fd11-photos.leclercdrive.fr/image.ashx?id=2896435&use=l&cat=p&typeid=i","cat":327592},{"id":196377,"n":"Mix sélection white Kinder Chocolat - 137g","p":7.95,"u":"58,03 €/KG","img":"https://fd11-photos.leclercdrive.fr/image.ashx?id=2689091&use=l&cat=p&typeid=i","cat":327592},{"id":196378,"n":"Boîte chocolats Ferrero Rocher x16 pralines - 200g","p":5.58,"u":"27,90 €/KG","img":"https://fd11-photos.leclercdrive.fr/image.ashx?id=2963841&use=l&cat=p&typeid=i","cat":327600},{"id":196379,"n":"Boîte chocolats Ferrero Rocher x30 pralines - 375g","p":8.71,"u":"23,23 €/KG","img":"https://fd11-photos.leclercdrive.fr/image.ashx?id=2938091&use=l&cat=p&typeid=i","cat":327600},{"id":196423,"n":"Mini roc Côte d'Or Mix - 195g","p":7.49,"u":"38,41 €/KG","img":"https://fd11-photos.leclercdrive.fr/image.ashx?id=2427491&use=l&cat=p&typeid=i","cat":327595},{"id":196431,"n":"Beurre Nature de Breton  Demi-sel - 80% MG - 250g","p":2.48,"u":"9,92 €/KG","img":"https://fd11-photos.leclercdrive.fr/image.ashx?id=2872042&use=l&cat=p&typeid=i","cat":284379},{"id":196432,"n":"Chocolats de Noel Hamlet 250g","p":9.79,"u":"39,16 €/KG","img":"https://fd11-photos.leclercdrive.fr/image.ashx?id=2839322&use=l&cat=p&typeid=i","cat":327595},{"id":196436,"n":"Chocolat Hamlet collection Love - 250g","p":9.79,"u":"39,16 €/KG","img":"https://fd11-photos.leclercdrive.fr/image.ashx?id=2839316&use=l&cat=p&typeid=i","cat":327595},{"id":196439,"n":"Beurre Nature de Breton Doux - 82% MG - 250g","p":2.43,"u":"9,72 €/KG","img":"https://fd11-photos.leclercdrive.fr/image.ashx?id=2872039&use=l&cat=p&typeid=i","cat":284379},{"id":196445,"n":"Assortiment chocolat Hamlet Coffret \"crocro\" - 250g","p":11.95,"pp":8.96,"u":"35,84 €/KG","img":"https://fd11-photos.leclercdrive.fr/image.ashx?id=2839313&use=l&cat=p&typeid=i","cat":327595},{"id":196449,"n":"Boite \" velours\" rouge Hamlet  250g","p":11.95,"pp":8.96,"u":"35,84 €/KG","img":"https://fd11-photos.leclercdrive.fr/image.ashx?id=2839490&use=l&cat=p&typeid=i","cat":327595},{"id":196457,"n":"Moulage chocolat petit biscuit Rohan - 80g","p":2.17,"u":"27,13 €/KG","img":"https://fd11-photos.leclercdrive.fr/image.ashx?id=2484197&use=l&cat=p&typeid=i","cat":327592},{"id":196476,"n":"Panettone premium Motta Poire chocolat - 750g","p":12.24,"u":"16,32 €/KG","img":"https://fd11-photos.leclercdrive.fr/image.ashx?id=2679269&use=l&cat=p&typeid=i","cat":327607},{"id":196488,"n":"Authentique Revillon Chocolat  Lait Voie Lactée - 360g","p":7.3,"u":"20,28 €/KG","img":"https://fd11-photos.leclercdrive.fr/image.ashx?id=2662116&use=l&cat=p&typeid=i","cat":327597},{"id":196500,"n":"Authentique Révillon Noir Lait et Blanc - 360g","p":9.79,"u":"27,19 €/KG","img":"https://fd11-photos.leclercdrive.fr/image.ashx?id=2661994&use=l&cat=p&typeid=i","cat":327597},{"id":196525,"n":"Guimauves au chocolat Révillon  Noir & lait  - 300g","p":11.93,"u":"39,77 €/KG","img":"https://fd11-photos.leclercdrive.fr/image.ashx?id=2662119&use=l&cat=p&typeid=i","cat":327597},{"id":196526,"n":"Papillotes Révillon Pâtes de   fruits de nos région - 370g","p":11.58,"u":"31,30 €/KG","img":"https://fd11-photos.leclercdrive.fr/image.ashx?id=2662122&use=l&cat=p&typeid=i","cat":327597},{"id":196527,"n":"Papillotes Révillon Pâtes  d'Amandes Noir et Lait - 370g","p":10.05,"u":"27,16 €/KG","img":"https://fd11-photos.leclercdrive.fr/image.ashx?id=2661208&use=l&cat=p&typeid=i","cat":327597},{"id":196566,"n":"Fromage de Chèvre Chavroux Frais Nature - 150g","p":1.95,"u":"13,00 €/KG","img":"https://fd11-photos.leclercdrive.fr/image.ashx?id=2912161&use=l&cat=p&typeid=i","cat":314031},{"id":196640,"n":"Bière 3 Monts 8.5% Brassin d'hiver - 75cl","p":2.69,"pp":1.88,"u":"2,51 €/L","img":"https://fd11-photos.leclercdrive.fr/image.ashx?id=2886867&use=l&cat=p&typeid=i","cat":334872},{"id":196798,"n":"Lait en poudre Picot  1er âge - 850g","p":18.1,"u":"21,29 €/KG","img":"https://fd11-photos.leclercdrive.fr/image.ashx?id=2925421&use=l&cat=p&typeid=i","cat":284726},{"id":196799,"n":"Lait en poudre Picot 2ème âge - 850g","p":14.7,"u":"17,29 €/KG","img":"https://fd11-photos.leclercdrive.fr/image.ashx?id=2925424&use=l&cat=p&typeid=i","cat":284727},{"id":196800,"n":"Lait de croissance Picot 3ème âge - 850g","p":11.57,"u":"13,61 €/KG","img":"https://fd11-photos.leclercdrive.fr/image.ashx?id=2925427&use=l&cat=p&typeid=i","cat":290219},{"id":196832,"n":"Assaisonnement  Ducros Persillade - 95g","p":2.24,"u":"23,58 €/KG","img":"https://fd11-photos.leclercdrive.fr/image.ashx?id=2421153&use=l&cat=p&typeid=i","cat":298297},{"id":196965,"n":"Liqueur de menthe Get 27 17,9° - 70cl","p":11.61,"u":"16,59 €/L","img":"https://fd11-photos.leclercdrive.fr/image.ashx?id=2835565&use=l&cat=p&typeid=i","cat":286032},{"id":197175,"n":"Tube mastic Re-New Rubson Blanc - 5m de joint","p":8.03,"u":"100,38 €/KG","img":"https://fd11-photos.leclercdrive.fr/image.ashx?id=2425685&use=l&cat=p&typeid=i","cat":300576},{"id":197606,"n":"Lait en poudre Bio Picot 2ème age - 800g","p":17.33,"u":"21,66 €/KG","img":"https://fd11-photos.leclercdrive.fr/image.ashx?id=2427904&use=l&cat=p&typeid=i","cat":284727},{"id":197625,"n":"Tablette de chocolat noir Lindt 3x100g","p":4.26,"u":"14,20 €/KG","img":"https://fd11-photos.leclercdrive.fr/image.ashx?id=2721422&use=l&cat=p&typeid=i","cat":284956},{"id":197713,"n":"Fromage à Tartiner St Môret  Nature - 500g","p":5.49,"u":"10,98 €/KG","img":"https://fd11-photos.leclercdrive.fr/image.ashx?id=2427991&use=l&cat=p&typeid=i","cat":314029},{"id":197776,"n":"Truffes Chevaliers d'Argouges Fantaisies bio noir - 160g","p":6.08,"u":"38,00 €/KG","img":"https://fd11-photos.leclercdrive.fr/image.ashx?id=2429374&use=l&cat=p&typeid=i","cat":327600},{"id":197905,"n":"Bloc foie gras de canard Jean Larnaudie - 200g","p":14.95,"u":"74,75 €/KG","img":"https://fd11-photos.leclercdrive.fr/image.ashx?id=2915838&use=l&cat=p&typeid=i","cat":316008},{"id":197911,"n":"Bloc de foie gras de canard Jean Larnaudie - Lingot 270g","p":20.61,"u":"76,33 €/KG","img":"https://fd11-photos.leclercdrive.fr/image.ashx?id=2429791&use=l&cat=p&typeid=i","cat":316008},{"id":197930,"n":"Kiwi jaune Panier du Primeur x4","p":3.49,"u":"0,87 €/P","img":"https://fd11-photos.leclercdrive.fr/image.ashx?id=2928303&use=l&cat=p&typeid=i","cat":284356},{"id":198338,"n":"Confiture Douceur du Verger Fraise intense - 320 g","p":1.42,"u":"4,44 €/KG","img":"https://fd11-photos.leclercdrive.fr/image.ashx?id=2965605&use=l&cat=p&typeid=i","cat":284480},{"id":198348,"n":"Confiture Douceur du Verger Abricot intense - 320 g","p":1.42,"u":"4,44 €/KG","img":"https://fd11-photos.leclercdrive.fr/image.ashx?id=2965608&use=l&cat=p&typeid=i","cat":284480},{"id":198522,"n":"Haricots vert Bio Village Bio - 180g","p":1.99,"u":"11,06 €/KG","img":"https://fd11-photos.leclercdrive.fr/image.ashx?id=3002713&use=l&cat=p&typeid=i","cat":312606},{"id":198523,"n":"Desserts Lactés P'TIT ONCTUEUX Fromage blanc 6M+ - 4x90g","p":1.98,"u":"5,50 €/KG","img":"https://fd11-photos.leclercdrive.fr/image.ashx?id=2435707&use=l&cat=p&typeid=i","cat":312392},{"id":198524,"n":"Desserts Lactés P'TIT ONCTUEUX Banane 6M+ - 4x90g","p":1.94,"u":"5,39 €/KG","img":"https://fd11-photos.leclercdrive.fr/image.ashx?id=2435710&use=l&cat=p&typeid=i","cat":312392},{"id":198535,"n":"Velouté Knorr Légumes français -1L","p":3.1,"u":"3,10 €/L","img":"https://fd11-photos.leclercdrive.fr/image.ashx?id=2435935&use=l&cat=p&typeid=i","cat":284462},{"id":198549,"n":"Lait infantile 1er age bio Picot de 0 à 6 mois - 800g","p":19.09,"u":"23,86 €/KG","img":"https://fd11-photos.leclercdrive.fr/image.ashx?id=2435926&use=l&cat=p&typeid=i","cat":284726},{"id":198582,"n":"Desserts Lactés P'TIT ONCTUEUX Mangue ananas 6M+ - 4x90g","p":1.98,"u":"5,50 €/KG","img":"https://fd11-photos.leclercdrive.fr/image.ashx?id=2435932&use=l&cat=p&typeid=i","cat":312392},{"id":198623,"n":"Capsules Nescafé Dolce Gusto  Double Espresso - x16","p":4.54,"u":"33,38 €/KG","img":"https://fd11-photos.leclercdrive.fr/image.ashx?id=2687245&use=l&cat=p&typeid=i","cat":293239},{"id":198652,"n":"Cuisses de volaille cuites Jean Larnaudie - 1.24kg","p":14.97,"u":"12,07 €/KG","img":"https://fd11-photos.leclercdrive.fr/image.ashx?id=2436344&use=l&cat=p&typeid=i","cat":284441},{"id":198794,"n":"Protège-slips Doulys Ultra-mince Long - x30","p":1.25,"u":"0,04 €/P","img":"https://fd11-photos.leclercdrive.fr/image.ashx?id=2882343&use=l&cat=p&typeid=i","cat":284625},{"id":198867,"n":"Lames de rasoir Gillette Mach 3 - x4","p":15.27,"u":"3,82 €/P","img":"https://fd11-photos.leclercdrive.fr/image.ashx?id=2859905&use=l&cat=p&typeid=i","cat":284616},{"id":198924,"n":"Gel à raser GilletteLabs Skin Care - 198ml","p":6.0,"u":"30,30 €/MT","img":"https://fd11-photos.leclercdrive.fr/image.ashx?id=2955215&use=l&cat=p&typeid=i","cat":284617},{"id":198959,"n":"Gel désodorisant Uni vert Lavande Eucalyptus","p":1.39,"img":"https://fd11-photos.leclercdrive.fr/image.ashx?id=2478934&use=l&cat=p&typeid=i","cat":311628},{"id":198979,"n":"Bûche glacée Nestlé Poire Chocolat - 540g","p":6.32,"u":"11,70 €/KG","img":"https://fd11-photos.leclercdrive.fr/image.ashx?id=2750456&use=l&cat=p&typeid=i","cat":284266},{"id":198980,"n":"Bûche glacée Nestlé Nougatine - 540g","p":6.32,"u":"11,70 €/KG","img":"https://fd11-photos.leclercdrive.fr/image.ashx?id=2936716&use=l&cat=p&typeid=i","cat":284266},{"id":199001,"n":"Attache-sucette chaînette Nuk My love - Bleu","p":4.2,"img":"https://fd11-photos.leclercdrive.fr/image.ashx?id=2437286&use=l&cat=p&typeid=i","cat":284743},{"id":199097,"n":"Chocolat Père Noel Kinder 160g","p":5.39,"u":"33,69 €/KG","img":"https://fd11-photos.leclercdrive.fr/image.ashx?id=2764308&use=l&cat=p&typeid=i","cat":327592},{"id":199134,"n":"Moulage chocolat Kinder Père Noel - 110g","p":3.62,"u":"32,91 €/KG","img":"https://fd11-photos.leclercdrive.fr/image.ashx?id=2438108&use=l&cat=p&typeid=i","cat":327592},{"id":199267,"n":"Bûche glacée Pilpa Douceur Citron Meringue 464g","p":5.27,"u":"11,36 €/KG","img":"https://fd11-photos.leclercdrive.fr/image.ashx?id=2751030&use=l&cat=p&typeid=i","cat":284266},{"id":199298,"n":"Bûche glacée Eskiss Façon Pêche Melba - 565g","p":3.89,"u":"6,88 €/KG","img":"https://fd11-photos.leclercdrive.fr/image.ashx?id=2791377&use=l&cat=p&typeid=i","cat":284266},{"id":199461,"n":"Chocolat Kinder Surprise x6 oeufs - 6x20g","p":7.54,"u":"62,83 €/KG","img":"https://fd11-photos.leclercdrive.fr/image.ashx?id=2826336&use=l&cat=p&typeid=i","cat":327592},{"id":199552,"n":"Dentifrice Elmex Anti-caries Original - 75ml","p":4.7,"u":"62,67 €/L","img":"https://fd11-photos.leclercdrive.fr/image.ashx?id=2852181&use=l&cat=p&typeid=i","cat":284612},{"id":199553,"n":"Dentifrice Elmex Sensitive Original - 75ml","p":4.21,"u":"56,13 €/L","img":"https://fd11-photos.leclercdrive.fr/image.ashx?id=2738404&use=l&cat=p&typeid=i","cat":284612},{"id":199559,"n":"Dentifrice Elmex Sensitive  Blancheur douce - 2x75ml","p":9.98,"u":"66,53 €/MT","img":"https://fd11-photos.leclercdrive.fr/image.ashx?id=2738425&use=l&cat=p&typeid=i","cat":284612},{"id":199598,"n":"Désodorisant diffuseur Airwick  Active Fresh Vanille - 228ml","p":6.65,"u":"29,17 €/L","img":"https://fd11-photos.leclercdrive.fr/image.ashx?id=2864672&use=l&cat=p&typeid=i","cat":311629},{"id":199863,"n":"Bûche glacée Nestlé  Framboise Citron Fraise - 540g","p":6.32,"u":"11,70 €/KG","img":"https://fd11-photos.leclercdrive.fr/image.ashx?id=2749991&use=l&cat=p&typeid=i","cat":284266},{"id":200060,"n":"Bûchettes Nestlé Signature Tout chocolat x4 - 310g","p":6.13,"u":"19,77 €/KG","img":"https://fd11-photos.leclercdrive.fr/image.ashx?id=2446755&use=l&cat=p&typeid=i","cat":284266},{"id":200061,"n":"Bûchettes Nestlé Signature Façon fraisier x4 - 310g","p":6.16,"u":"19,87 €/KG","img":"https://fd11-photos.leclercdrive.fr/image.ashx?id=2446749&use=l&cat=p&typeid=i","cat":284266},{"id":200062,"n":"Bûche glacée Nestlé craquante Vanille Caramel - 540g","p":6.49,"u":"12,02 €/KG","img":"https://fd11-photos.leclercdrive.fr/image.ashx?id=2750462&use=l&cat=p&typeid=i","cat":284266},{"id":200096,"n":"Bûche glacée Nestlé  Chocolat Vanille - 540g","p":6.32,"u":"11,70 €/KG","img":"https://fd11-photos.leclercdrive.fr/image.ashx?id=2936722&use=l&cat=p&typeid=i","cat":284266},{"id":200100,"n":"Bûche glacée Nestlé Crème brûlée - 540g","p":6.32,"u":"11,70 €/KG","img":"https://fd11-photos.leclercdrive.fr/image.ashx?id=2749997&use=l&cat=p&typeid=i","cat":284266},{"id":200175,"n":"Plat bébé soir Blédiner 15 mois Pâtes légumes - 200g","p":2.54,"u":"12,70 €/KG","img":"https://fd11-photos.leclercdrive.fr/image.ashx?id=2866295&use=l&cat=p&typeid=i","cat":312239},{"id":200202,"n":"Repas bébé Blédina 15 mois carotte haricot riz bœuf 200g","p":2.5,"u":"12,50 €/KG","img":"https://fd11-photos.leclercdrive.fr/image.ashx?id=2586586&use=l&cat=p&typeid=i","cat":312238},{"id":200218,"n":"Repas bébé Blédina 15 mois carotte pâte épices poulet 200g","p":2.61,"u":"13,05 €/KG","img":"https://fd11-photos.leclercdrive.fr/image.ashx?id=2951632&use=l&cat=p&typeid=i","cat":312238},{"id":200276,"n":"Bloc de foie gras de canard  Jean Larnaudie - 2x150g","p":17.24,"u":"57,47 €/KG","img":"https://fd11-photos.leclercdrive.fr/image.ashx?id=2447900&use=l&cat=p&typeid=i","cat":316008},{"id":200277,"n":"Bloc de foie gras de canard Jean Larnaudie - 2x150g","p":17.24,"u":"57,47 €/KG","img":"https://fd11-photos.leclercdrive.fr/image.ashx?id=2447903&use=l&cat=p&typeid=i","cat":315998},{"id":200278,"n":"Bloc de foie gras de canard Jean Larnaudie - 2x150g","p":17.24,"u":"57,47 €/KG","img":"https://fd11-photos.leclercdrive.fr/image.ashx?id=2447906&use=l&cat=p&typeid=i","cat":316008},{"id":200279,"n":"Foie gras de canard entier  Jean Larnaudie - Lingot 170g","p":17.24,"u":"101,41 €/KG","img":"https://fd11-photos.leclercdrive.fr/image.ashx?id=2447909&use=l&cat=p&typeid=i","cat":305148},{"id":200280,"n":"Foie gras de canard entier Jean Larnaudie - Lingot 170g","p":14.99,"u":"88,18 €/KG","img":"https://fd11-photos.leclercdrive.fr/image.ashx?id=2447912&use=l&cat=p&typeid=i","cat":305148},{"id":200281,"n":"Foie gras de canard signature Jean Larnaudie - Lingot 170g","p":14.99,"u":"88,18 €/KG","img":"https://fd11-photos.leclercdrive.fr/image.ashx?id=2447915&use=l&cat=p&typeid=i","cat":305148},{"id":200282,"n":"Foie gras de canard Ma Création Jean Larnaudie - Lingot 170g","p":14.99,"u":"88,18 €/KG","img":"https://fd11-photos.leclercdrive.fr/image.ashx?id=2447918&use=l&cat=p&typeid=i","cat":305148},{"id":200283,"n":"Foie gras de canard Le Gourmand Jean Larnaudie - Lingot 170g","p":14.99,"u":"88,18 €/KG","img":"https://fd11-photos.leclercdrive.fr/image.ashx?id=2447921&use=l&cat=p&typeid=i","cat":305148},{"id":200323,"n":"Cassoulet Castelnaudary NRT 420g","p":2.5,"u":"5,95 €/KG","img":"https://fd11-photos.leclercdrive.fr/image.ashx?id=2805990&use=l&cat=p&typeid=i","cat":284440},{"id":200377,"n":"Plat bébé soir Blédîner 15 mois Légumes macaroni persil - 200g","p":2.66,"u":"13,30 €/KG","img":"https://fd11-photos.leclercdrive.fr/image.ashx?id=2866292&use=l&cat=p&typeid=i","cat":312239},{"id":200378,"n":"Repas bébé Blédina 15 mois Pâtes brocolis jambon - 200g","p":2.34,"u":"11,70 €/KG","img":"https://fd11-photos.leclercdrive.fr/image.ashx?id=2975104&use=l&cat=p&typeid=i","cat":312238},{"id":200453,"n":"Bouchées de fruits de mer L'Atelier Traiteur - 300g","p":4.89,"u":"16,30 €/KG","img":"https://fd11-photos.leclercdrive.fr/image.ashx?id=2856754&use=l&cat=p&typeid=i","cat":333671},{"id":200634,"n":"Trio mini foies gras de canard L'Origine du Goût Entier - 180g","p":17.95,"u":"99,72 €/KG","img":"https://fd11-photos.leclercdrive.fr/image.ashx?id=2795635&use=l&cat=p&typeid=i","cat":316008},{"id":200648,"n":"Escargot de Bourgogne surgelé L'origine du goût x12 - 110g","p":6.99,"u":"63,55 €/KG","img":"https://fd11-photos.leclercdrive.fr/image.ashx?id=2450330&use=l&cat=p&typeid=i","cat":319775},{"id":200763,"n":"Gel lavant hydratant Sanytol Aloe vera Bio - 250ml","p":2.51,"u":"10,04 €/L","img":"https://fd11-photos.leclercdrive.fr/image.ashx?id=2905273&use=l&cat=p&typeid=i","cat":284597},{"id":200779,"n":"Nettoyant sol Vigor Désincrustant intense - 1L","p":3.18,"u":"3,18 €/L","img":"https://fd11-photos.leclercdrive.fr/image.ashx?id=2736160&use=l&cat=p&typeid=i","cat":284907},{"id":200938,"n":"Langue de boeuf Larzul Sauce moutarde 410g","p":7.92,"u":"19,32 €/KG","img":"https://fd11-photos.leclercdrive.fr/image.ashx?id=2670731&use=l&cat=p&typeid=i","cat":284441},{"id":200943,"n":"Langue de boeuf Larzul Sauce tomate 410g","p":7.65,"u":"18,66 €/KG","img":"https://fd11-photos.leclercdrive.fr/image.ashx?id=2453412&use=l&cat=p&typeid=i","cat":284441},{"id":200987,"n":"Mini burger Jacquet Nature x10 - 210g","p":1.74,"u":"8,29 €/KG","img":"https://fd11-photos.leclercdrive.fr/image.ashx?id=2991873&use=l&cat=p&typeid=i","cat":325067},{"id":201017,"n":"Crêpes dentelles Bretagne NRT 120g","p":1.72,"u":"14,33 €/KG","img":"https://fd11-photos.leclercdrive.fr/image.ashx?id=2622359&use=l&cat=p&typeid=i","cat":284487},{"id":201032,"n":"Foie gras de canard entier Jean Larnaudie - 160g","p":24.49,"u":"153,06 €/KG","img":"https://fd11-photos.leclercdrive.fr/image.ashx?id=2918631&use=l&cat=p&typeid=i","cat":316008},{"id":201193,"n":"Boisson fermentée désalcoolisée Rosé - à base de raisin - 75cl","p":3.23,"u":"4,31 €/L","img":"https://fd11-photos.leclercdrive.fr/image.ashx?id=2477667&use=l&cat=p&typeid=i","cat":284549},{"id":201194,"n":"Boisson fermentée désalcoolisée Blanc - à base de raisin - 75cl","p":3.15,"u":"4,20 €/L","img":"https://fd11-photos.leclercdrive.fr/image.ashx?id=2477670&use=l&cat=p&typeid=i","cat":284549},{"id":201298,"n":"Fromage enfant La Vache qui rit Original 12P à tartiner - 192g","p":2.43,"u":"12,66 €/KG","img":"https://fd11-photos.leclercdrive.fr/image.ashx?id=2945442&use=l&cat=p&typeid=i","cat":314030},{"id":201300,"n":"Fromage enfant La Vache qui rit Original 32P à tartiner - 512g","p":4.73,"u":"9,24 €/KG","img":"https://fd11-photos.leclercdrive.fr/image.ashx?id=2945448&use=l&cat=p&typeid=i","cat":314030},{"id":201341,"n":"Iceberg Eco+","p":0.99,"img":"https://fd11-photos.leclercdrive.fr/image.ashx?id=2715747&use=l&cat=p&typeid=i","cat":284352},{"id":201607,"n":"Rasoirs jetables Wilkinson Extra 3 Essentials - x4","p":2.3,"u":"0,58 €/P","img":"https://fd11-photos.leclercdrive.fr/image.ashx?id=2462840&use=l&cat=p&typeid=i","cat":325352},{"id":201688,"n":"Beurre plaquette Eco+ Doux - 60% MG  - 200g","p":1.45,"u":"7,25 €/KG","img":"https://fd11-photos.leclercdrive.fr/image.ashx?id=2794187&use=l&cat=p&typeid=i","cat":284379},{"id":201690,"n":"Beurre plaquette Eco+ Demi-sel - 60% MG - 200g","p":1.47,"u":"7,35 €/KG","img":"https://fd11-photos.leclercdrive.fr/image.ashx?id=2794184&use=l&cat=p&typeid=i","cat":284379},{"id":201692,"n":"Frites Crousti Express Findus Micro-ondes Allumette 2x100g","p":1.72,"u":"8,60 €/KG","img":"https://fd11-photos.leclercdrive.fr/image.ashx?id=2648274&use=l&cat=p&typeid=i","cat":319791},{"id":201693,"n":"Frites Crousti Express Findus Micro-ondes Classique 2x100g","p":1.6,"u":"8,00 €/KG","img":"https://fd11-photos.leclercdrive.fr/image.ashx?id=2648271&use=l&cat=p&typeid=i","cat":319791},{"id":201702,"n":"Bière Leffe Ruby 5% - 6x25cl","p":5.19,"u":"3,46 €/L","img":"https://fd11-photos.leclercdrive.fr/image.ashx?id=2811581&use=l&cat=p&typeid=i","cat":334878},{"id":201706,"n":"Bière Leffe Ruby 5% - 12x25cl","p":9.1,"u":"3,03 €/L","img":"https://fd11-photos.leclercdrive.fr/image.ashx?id=2813008&use=l&cat=p&typeid=i","cat":334878},{"id":201774,"n":"Sous-vêtements nuit DryNites® Garçons 4-7 ans (17-30 kg) x16","p":12.15,"u":"0,76 €/P","img":"https://fd11-photos.leclercdrive.fr/image.ashx?id=2844727&use=l&cat=p&typeid=i","cat":290633},{"id":201775,"n":"Sous-vêtements nuit DryNites® Garçons 8-13 ans (30-48 kg) x13","p":11.85,"u":"0,91 €/P","img":"https://fd11-photos.leclercdrive.fr/image.ashx?id=2971314&use=l&cat=p&typeid=i","cat":290633},{"id":201791,"n":"Soupe en sachets chat Felix Sélection de poissons - 6x48g","p":1.95,"u":"6,77 €/KG","img":"https://fd11-photos.leclercdrive.fr/image.ashx?id=2887251&use=l&cat=p&typeid=i","cat":285286},{"id":201835,"n":"Pizza Crousti Moelleuse Marie Royale - 500g","p":4.34,"u":"8,68 €/KG","img":"https://fd11-photos.leclercdrive.fr/image.ashx?id=2996704&use=l&cat=p&typeid=i","cat":284256},{"id":201837,"n":"Protège-slips Doulys Ultra-mince normal - x45","p":0.87,"u":"0,02 €/P","img":"https://fd11-photos.leclercdrive.fr/image.ashx?id=2849590&use=l&cat=p&typeid=i","cat":284625},{"id":201911,"n":"Liniment BB calendula Weleda 400ml","p":7.0,"u":"17,50 €/L","img":"https://fd11-photos.leclercdrive.fr/image.ashx?id=2654890&use=l&cat=p&typeid=i","cat":290387},{"id":201915,"n":"Protège-slips Doulys Slip ou string - x45","p":1.61,"u":"0,04 €/P","img":"https://fd11-photos.leclercdrive.fr/image.ashx?id=2877466&use=l&cat=p&typeid=i","cat":284625},{"id":201934,"n":"Protège-slips Vania Confort Fresh - x56","p":2.4,"img":"https://fd11-photos.leclercdrive.fr/image.ashx?id=2735227&use=l&cat=p&typeid=i","cat":284625},{"id":201935,"n":"Protège-slips Confort Vania  Sans parfum - x56","p":2.34,"u":"0,04 €/P","img":"https://fd11-photos.leclercdrive.fr/image.ashx?id=2735230&use=l&cat=p&typeid=i","cat":284625},{"id":201945,"n":"Gel Douche Le Petit Marseillais  Lait de vanille - 250ml","p":1.54,"u":"6,16 €/L","img":"https://fd11-photos.leclercdrive.fr/image.ashx?id=2676096&use=l&cat=p&typeid=i","cat":284594},{"id":201946,"n":"Gel Douche Le Petit Marseillais Lait de vanille - 650 ml","p":3.18,"u":"4,89 €/L","img":"https://fd11-photos.leclercdrive.fr/image.ashx?id=2674794&use=l&cat=p&typeid=i","cat":284594},{"id":201947,"n":"Gel Douche Le Petit Marseillais Fleur de cerisie - 650ml","p":3.23,"u":"4,97 €/L","img":"https://fd11-photos.leclercdrive.fr/image.ashx?id=2676099&use=l&cat=p&typeid=i","cat":284594},{"id":201950,"n":"Gel Douche Le Petit Marseillais Amande douce - 250ml","p":1.56,"u":"6,24 €/MT","img":"https://fd11-photos.leclercdrive.fr/image.ashx?id=2946592&use=l&cat=p&typeid=i","cat":284594},{"id":201951,"n":"Gel Douche Le Petit Marseillais Lait - 250ml","p":1.56,"u":"6,24 €/MT","img":"https://fd11-photos.leclercdrive.fr/image.ashx?id=2676108&use=l&cat=p&typeid=i","cat":284594},{"id":201953,"n":"Gel Douche Le Petit Marseillais Pêche nectarine - 250ml","p":1.56,"u":"6,24 €/L","img":"https://fd11-photos.leclercdrive.fr/image.ashx?id=2938761&use=l&cat=p&typeid=i","cat":284594},{"id":201954,"n":"Gel Douche Le Petit Marseillais  Peche nectarine - 650ml","p":3.23,"u":"4,97 €/L","img":"https://fd11-photos.leclercdrive.fr/image.ashx?id=2676114&use=l&cat=p&typeid=i","cat":284594},{"id":201956,"n":"Gel Douche Le Petit Marseillais Verveine citron - 250ml","p":1.56,"u":"6,24 €/MT","img":"https://fd11-photos.leclercdrive.fr/image.ashx?id=2941769&use=l&cat=p&typeid=i","cat":284594},{"id":201967,"n":"Bière blonde Corona 12x33cl","p":14.98,"u":"3,78 €/L","img":"https://fd11-photos.leclercdrive.fr/image.ashx?id=2544521&use=l&cat=p&typeid=i","cat":334873},{"id":201968,"n":"Bière blonde Corona Extra 4,5% - 6x33cl","p":8.2,"u":"4,14 €/L","img":"https://fd11-photos.leclercdrive.fr/image.ashx?id=2865452&use=l&cat=p&typeid=i","cat":334873},{"id":202048,"n":"Crème glacée Trium Caramel salé - 430g","p":3.75,"u":"8,72 €/KG","img":"https://fd11-photos.leclercdrive.fr/image.ashx?id=2902567&use=l&cat=p&typeid=i","cat":284725},{"id":202051,"n":"Crème glacée Trium Macadamia - 430g","p":4.3,"u":"10,00 €/KG","img":"https://fd11-photos.leclercdrive.fr/image.ashx?id=2469043&use=l&cat=p&typeid=i","cat":284725},{"id":202054,"n":"Pizza Eco+ 6 fromages x2 - 680g","p":3.41,"u":"5,01 €/KG","img":"https://fd11-photos.leclercdrive.fr/image.ashx?id=2756840&use=l&cat=p&typeid=i","cat":284256},{"id":202055,"n":"Crème glacée Trium Cookie Dough - 416g","p":3.24,"u":"7,79 €/KG","img":"https://fd11-photos.leclercdrive.fr/image.ashx?id=2469040&use=l&cat=p&typeid=i","cat":284725},{"id":202077,"n":"Crème semi-épaisse Soutenons Nos Agriculteurs - 3x20cl","p":2.89,"u":"4,82 €/L","img":"https://fd11-photos.leclercdrive.fr/image.ashx?id=2469067&use=l&cat=p&typeid=i","cat":284381},{"id":202081,"n":"Pizza moelleuse Turini 3 viandes - 590g","p":4.0,"u":"6,78 €/KG","img":"https://fd11-photos.leclercdrive.fr/image.ashx?id=2816609&use=l&cat=p&typeid=i","cat":284256},{"id":202399,"n":"Pur jus de grenade Jardin Bio Bio - 75cl","p":5.77,"u":"7,69 €/L","img":"https://fd11-photos.leclercdrive.fr/image.ashx?id=2471856&use=l&cat=p&typeid=i","cat":284915},{"id":202480,"n":"Ossau Iraty 8 mois NRT AOP  L'Atelier Fromagerie - 180g","p":4.75,"u":"26,39 €/KG","img":"https://fd11-photos.leclercdrive.fr/image.ashx?id=2489209&use=l&cat=p&typeid=i","cat":314031},{"id":202545,"n":"Gel douche Le Petit Marseillais Fleur de Tiare - 250ml","p":1.54,"u":"6,16 €/L","img":"https://fd11-photos.leclercdrive.fr/image.ashx?id=2676093&use=l&cat=p&typeid=i","cat":284594},{"id":202623,"n":"Lentilles blondes Eco  500g","p":0.89,"u":"1,78 €/KG","img":"https://fd11-photos.leclercdrive.fr/image.ashx?id=3003744&use=l&cat=p&typeid=i","cat":284430},{"id":202649,"n":"Bière blonde Jenlain 75 cl","p":2.75,"u":"3,67 €/L","img":"https://fd11-photos.leclercdrive.fr/image.ashx?id=2732851&use=l&cat=p&typeid=i","cat":334852},{"id":202674,"n":"Gourde Good Goût Banane Abricot bio - 120g","p":1.53,"u":"12,75 €/KG","img":"https://fd11-photos.leclercdrive.fr/image.ashx?id=2639023&use=l&cat=p&typeid=i","cat":312393},{"id":202870,"n":"Sucrines bicolores Panier du Primeur x3","p":1.29,"u":"0,43 €/P","img":"https://fd11-photos.leclercdrive.fr/image.ashx?id=2477544&use=l&cat=p&typeid=i","cat":284352},{"id":202871,"n":"Coeur de sucrine  Panier du Primeur x6","p":2.29,"u":"0,76 €/P","img":"https://fd11-photos.leclercdrive.fr/image.ashx?id=2477547&use=l&cat=p&typeid=i","cat":284352},{"id":202872,"n":"Sucrine Eco+ x2","p":0.89,"u":"0,45 €/P","img":"https://fd11-photos.leclercdrive.fr/image.ashx?id=2477535&use=l&cat=p&typeid=i","cat":284352},{"id":202886,"n":"Déodorant Fresh Adidas 150ml","p":2.66,"u":"17,73 €/L","img":"https://fd11-photos.leclercdrive.fr/image.ashx?id=2475813&use=l&cat=p&typeid=i","cat":284618},{"id":202908,"n":"Skyr Yoplait  Nature 0%MG - 450G","p":2.24,"u":"4,98 €/KG","img":"https://fd11-photos.leclercdrive.fr/image.ashx?id=2884468&use=l&cat=p&typeid=i","cat":315000},{"id":202935,"n":"Soin ultra-hydratant Saforelle 100ml","p":2.9,"u":"29,00 €/L","img":"https://fd11-photos.leclercdrive.fr/image.ashx?id=2583431&use=l&cat=p&typeid=i","cat":301348},{"id":203037,"n":"Shampooing Mixa Bébé  Très Doux - 300ml","p":2.35,"u":"7,83 €/L","img":"https://fd11-photos.leclercdrive.fr/image.ashx?id=2479321&use=l&cat=p&typeid=i","cat":284740},{"id":203041,"n":"Lait de toilette Mixa Bébé  Très Doux - 300ml","p":2.39,"u":"7,97 €/L","img":"https://fd11-photos.leclercdrive.fr/image.ashx?id=2479324&use=l&cat=p&typeid=i","cat":284741},{"id":203042,"n":"Gel Toilette Intime Extra Doux Intima Natural Hamamélis 200ml","p":3.04,"u":"15,20 €/L","img":"https://fd11-photos.leclercdrive.fr/image.ashx?id=2959871&use=l&cat=p&typeid=i","cat":284627},{"id":203043,"n":"Gel Toilette Intime Régulateur Intima Natural Cranberry 200ml","p":3.14,"u":"15,70 €/L","img":"https://fd11-photos.leclercdrive.fr/image.ashx?id=2959874&use=l&cat=p&typeid=i","cat":284627},{"id":203050,"n":"Recharge Sense & Spray Glade Ocean Adventure - 18 ml","p":3.85,"u":"213,89 €/L","img":"https://fd11-photos.leclercdrive.fr/image.ashx?id=2634352&use=l&cat=p&typeid=i","cat":311629},{"id":203055,"n":"Diffuseur Automatic Spray Glade Sandalwood & Jasmine - 269 ml","p":9.23,"img":"https://fd11-photos.leclercdrive.fr/image.ashx?id=2866007&use=l&cat=p&typeid=i","cat":311629},{"id":203057,"n":"Recharge Touch & Fresh Glade Muguet - 10ml","p":3.31,"u":"331,00 €/L","img":"https://fd11-photos.leclercdrive.fr/image.ashx?id=2506612&use=l&cat=p&typeid=i","cat":311629},{"id":203059,"n":"Recharge Touch & Fresh Glade Sandalwood & Jasmine - 10 ml","p":3.17,"u":"317,00 €/L","img":"https://fd11-photos.leclercdrive.fr/image.ashx?id=2914744&use=l&cat=p&typeid=i","cat":311629},{"id":203062,"n":"Spray désodorisant Glade  Bois de Santal & Jasmin - 269ml","p":3.53,"u":"13,12 €/L","img":"https://fd11-photos.leclercdrive.fr/image.ashx?id=2864170&use=l&cat=p&typeid=i","cat":311629},{"id":203063,"n":"Gel désodorisant Glade  Longue durée - Muguet - x1","p":1.42,"img":"https://fd11-photos.leclercdrive.fr/image.ashx?id=2479429&use=l&cat=p&typeid=i","cat":311628},{"id":203073,"n":"Crème Ultra Atoderm Nourrissante hydratante - 500ml","p":9.98,"u":"19,96 €/L","img":"https://fd11-photos.leclercdrive.fr/image.ashx?id=2981211&use=l&cat=p&typeid=i","cat":290421},{"id":203075,"n":"Crème Atoderm Bioderma Ultra-nourrissant - 2x500ml","p":18.99,"u":"18,99 €/L","img":"https://fd11-photos.leclercdrive.fr/image.ashx?id=2956553&use=l&cat=p&typeid=i","cat":290421},{"id":203088,"n":"Pizza moelleuse Turini  Végétale - 610g","p":3.3,"u":"5,41 €/KG","img":"https://fd11-photos.leclercdrive.fr/image.ashx?id=2816612&use=l&cat=p&typeid=i","cat":284256},{"id":203089,"n":"Pizza au feu de bois Turini Chèvre et miel - 410g","p":2.65,"u":"6,46 €/KG","img":"https://fd11-photos.leclercdrive.fr/image.ashx?id=2816615&use=l&cat=p&typeid=i","cat":284256},{"id":203209,"n":"Petits plaisirs  Ferrero Rocher Chocolat - 126g","p":4.89,"u":"38,81 €/KG","img":"https://fd11-photos.leclercdrive.fr/image.ashx?id=2945008&use=l&cat=p&typeid=i","cat":327600},{"id":203367,"n":"Aiguillettes de poulet blanc Bon Plan Le Gaulois - 400g","p":6.34,"u":"15,85 €/KG","img":"https://fd11-photos.leclercdrive.fr/image.ashx?id=2481586&use=l&cat=p&typeid=i","cat":284336},{"id":203368,"n":"Filet de poulet blanc  Bon Plan Le Gaulois - 500g","p":6.99,"u":"13,98 €/KG","img":"https://fd11-photos.leclercdrive.fr/image.ashx?id=2481589&use=l&cat=p&typeid=i","cat":284336},{"id":203369,"n":"Cuisses de poulet  Bon Plan Le Gaulois - 900g","p":5.16,"u":"5,73 €/KG","img":"https://fd11-photos.leclercdrive.fr/image.ashx?id=2481592&use=l&cat=p&typeid=i","cat":284336},{"id":203433,"n":"Gel douche Homme Adidas After Sport - 250ml","p":1.68,"u":"6,72 €/L","img":"https://fd11-photos.leclercdrive.fr/image.ashx?id=2990799&use=l&cat=p&typeid=i","cat":284619},{"id":203471,"n":"Banane Eco+ x4","p":0.79,"u":"0,20 €/P","img":"https://fd11-photos.leclercdrive.fr/image.ashx?id=2600252&use=l&cat=p&typeid=i","cat":284356},{"id":203476,"n":"Mâche Eco+ 125g","p":0.99,"img":"https://fd11-photos.leclercdrive.fr/image.ashx?id=2958305&use=l&cat=p&typeid=i","cat":284352},{"id":203783,"n":"Grilletine Pasquier Céréales et graines - 255g","p":1.93,"u":"7,57 €/KG","img":"https://fd11-photos.leclercdrive.fr/image.ashx?id=2642393&use=l&cat=p&typeid=i","cat":284479},{"id":203821,"n":"Boîte chien Pedigree  Cuisinés en sauce - 6x400g","p":8.27,"u":"3,45 €/KG","img":"https://fd11-photos.leclercdrive.fr/image.ashx?id=2849722&use=l&cat=p&typeid=i","cat":288578},{"id":203822,"n":"Boîte chien Pedigree Cuisinés en sauce - 4x400g","p":5.91,"u":"3,69 €/KG","img":"https://fd11-photos.leclercdrive.fr/image.ashx?id=2849719&use=l&cat=p&typeid=i","cat":288578},{"id":203823,"n":"Sachet fraicheur chat Whiskas Carte mixte en gelée - 48x85g","p":15.83,"u":"3,88 €/KG","img":"https://fd11-photos.leclercdrive.fr/image.ashx?id=2486916&use=l&cat=p&typeid=i","cat":285286},{"id":203824,"n":"Sachet fraicheur chat Whiskas Classiques en sauce - 24x85g","p":9.76,"u":"4,78 €/KG","img":"https://fd11-photos.leclercdrive.fr/image.ashx?id=2486913&use=l&cat=p&typeid=i","cat":285286},{"id":203826,"n":"Sachet fraicheur chat Whiskas Poissons en gelée - 12x85g","p":4.55,"u":"4,46 €/KG","img":"https://fd11-photos.leclercdrive.fr/image.ashx?id=2486910&use=l&cat=p&typeid=i","cat":285286},{"id":203828,"n":"Sachet repas chaton Whiskas Festins volaille gelée - 12x85g","p":5.36,"u":"5,25 €/KG","img":"https://fd11-photos.leclercdrive.fr/image.ashx?id=2487093&use=l&cat=p&typeid=i","cat":285286},{"id":204050,"n":"Haricots vert Bio Village Bio 220g","p":1.49,"u":"6,77 €/KG","img":"https://fd11-photos.leclercdrive.fr/image.ashx?id=3002716&use=l&cat=p&typeid=i","cat":312606},{"id":204056,"n":"Céréales Spécial K Kellogg's Fruits rouges - 450g","p":3.89,"u":"8,64 €/KG","img":"https://fd11-photos.leclercdrive.fr/image.ashx?id=2775029&use=l&cat=p&typeid=i","cat":309512},{"id":204057,"n":"Céréales Spécial K Kellogg's Chocolat noir - 500g","p":3.91,"u":"7,82 €/KG","img":"https://fd11-photos.leclercdrive.fr/image.ashx?id=2692710&use=l&cat=p&typeid=i","cat":309512},{"id":204058,"n":"Céréales Special K Kellogg's Chocolat au Lait - 500g","p":3.82,"u":"7,64 €/KG","img":"https://fd11-photos.leclercdrive.fr/image.ashx?id=2692713&use=l&cat=p&typeid=i","cat":309512},{"id":204061,"n":"Mais Bio Village Bio - 285g","p":1.09,"u":"3,82 €/KG","img":"https://fd11-photos.leclercdrive.fr/image.ashx?id=3002719&use=l&cat=p&typeid=i","cat":312611},{"id":204073,"n":"Fromage Fouetté Ail Fines Herbe à tartiner Les Croisés - 150g","p":1.53,"u":"10,20 €/KG","img":"https://fd11-photos.leclercdrive.fr/image.ashx?id=2487398&use=l&cat=p&typeid=i","cat":314029},{"id":204157,"n":"Pâte feuilletée Herta Trésor de Grand-Mère  280g","p":1.62,"u":"5,79 €/KG","img":"https://fd11-photos.leclercdrive.fr/image.ashx?id=2833303&use=l&cat=p&typeid=i","cat":333681},{"id":204158,"n":"Pâte brisée Herta Trésor de Grand-Mère - 280g","p":1.71,"u":"6,11 €/KG","img":"https://fd11-photos.leclercdrive.fr/image.ashx?id=2833306&use=l&cat=p&typeid=i","cat":333681},{"id":204169,"n":"Sachet fraicheur chat Whiskas Festins volaille gelée - 12x85g","p":4.68,"u":"4,59 €/KG","img":"https://fd11-photos.leclercdrive.fr/image.ashx?id=2490329&use=l&cat=p&typeid=i","cat":285286},{"id":204179,"n":"Sachet fraicheur chat Whiskas Tasty Mix en sauce - 40x85g","p":14.98,"u":"4,41 €/KG","img":"https://fd11-photos.leclercdrive.fr/image.ashx?id=2589488&use=l&cat=p&typeid=i","cat":285286},{"id":204247,"n":"Protège-slip Vania Confort Multiformes - 1p","p":2.3,"img":"https://fd11-photos.leclercdrive.fr/image.ashx?id=2735224&use=l&cat=p&typeid=i","cat":284625},{"id":204275,"n":"Soin Hydratant So Bio Etic Grenade bio - 50ml","p":11.86,"u":"237,20 €/L","img":"https://fd11-photos.leclercdrive.fr/image.ashx?id=2787110&use=l&cat=p&typeid=i","cat":325345},{"id":204302,"n":"Shampoing nutrition Ultra Doux Lait de coco - 300ml","p":2.84,"u":"9,47 €/L","img":"https://fd11-photos.leclercdrive.fr/image.ashx?id=2492788&use=l&cat=p&typeid=i","cat":284606},{"id":204303,"n":"Shampoing purifiant Ultra Doux Cheveux gras - 300ml","p":2.74,"u":"9,13 €/L","img":"https://fd11-photos.leclercdrive.fr/image.ashx?id=2492791&use=l&cat=p&typeid=i","cat":284606},{"id":204304,"n":"Shampoing Illuminant Ultra Doux Camomille - 300ml","p":2.66,"u":"8,87 €/L","img":"https://fd11-photos.leclercdrive.fr/image.ashx?id=2926596&use=l&cat=p&typeid=i","cat":284606},{"id":204305,"n":"Shampoing nutrition Ultra Doux Argan et camélia - 300ml","p":2.65,"u":"8,83 €/L","img":"https://fd11-photos.leclercdrive.fr/image.ashx?id=2492797&use=l&cat=p&typeid=i","cat":284606},{"id":204306,"n":"Shampoing nutrition Ultra Doux Cheveu Bouclé à Frisé - 300ml","p":2.57,"u":"8,57 €/L","img":"https://fd11-photos.leclercdrive.fr/image.ashx?id=2926599&use=l&cat=p&typeid=i","cat":284606},{"id":204307,"n":"Shampoing Couleur Ultra Doux Cheveux colorés - 300ml","p":2.65,"u":"8,83 €/L","img":"https://fd11-photos.leclercdrive.fr/image.ashx?id=2492803&use=l&cat=p&typeid=i","cat":284606},{"id":204308,"n":"Shampoing Enfants Ultra Doux Abricot - 300ml","p":2.6,"u":"8,67 €/L","img":"https://fd11-photos.leclercdrive.fr/image.ashx?id=2851093&use=l&cat=p&typeid=i","cat":284606},{"id":204310,"n":"Shampoing Hydratant Ultra Doux Cheveux délicats - 300ml","p":2.65,"u":"8,83 €/L","img":"https://fd11-photos.leclercdrive.fr/image.ashx?id=2492812&use=l&cat=p&typeid=i","cat":284606},{"id":204311,"n":"Shampoing doux Ultra Doux Extrait de tilleul - 300ml","p":2.7,"u":"9,00 €/L","img":"https://fd11-photos.leclercdrive.fr/image.ashx?id=2492815&use=l&cat=p&typeid=i","cat":284606},{"id":204313,"n":"Après-shampooing karité Garnier Cheveu bouclé à Frisé - 250ml","p":2.64,"u":"10,56 €/L","img":"https://fd11-photos.leclercdrive.fr/image.ashx?id=2986651&use=l&cat=p&typeid=i","cat":284607},{"id":204314,"n":"Après-shampoing Ultra doux Cheveux fragiles - 250ml","p":2.7,"u":"10,80 €/L","img":"https://fd11-photos.leclercdrive.fr/image.ashx?id=2646569&use=l&cat=p&typeid=i","cat":284607},{"id":204316,"n":"Shampoing réparateur Ultra Doux Cheveux fragiles - 300ml","p":2.69,"u":"8,97 €/L","img":"https://fd11-photos.leclercdrive.fr/image.ashx?id=2646572&use=l&cat=p&typeid=i","cat":284606},{"id":204323,"n":"Chips Vico Paprika - 125g","p":1.24,"u":"9,92 €/KG","img":"https://fd11-photos.leclercdrive.fr/image.ashx?id=2921298&use=l&cat=p&typeid=i","cat":284447},{"id":204327,"n":"Soupe instantanée Royco  Velouté Tomates - 4x200ml","p":1.32,"u":"1,65 €/L","img":"https://fd11-photos.leclercdrive.fr/image.ashx?id=2650991&use=l&cat=p&typeid=i","cat":293527},{"id":204328,"n":"Soupe instantanée Royco  Mouliné 12 Légumes - 4x200ml","p":1.51,"u":"1,89 €/L","img":"https://fd11-photos.leclercdrive.fr/image.ashx?id=2650994&use=l&cat=p&typeid=i","cat":293527},{"id":204329,"n":"Soupe liquide Liebig  Façon napolitaine - 1L","p":3.06,"u":"3,06 €/L","img":"https://fd11-photos.leclercdrive.fr/image.ashx?id=2493133&use=l&cat=p&typeid=i","cat":284462},{"id":204330,"n":"Soupe liquide brique Liebig  Poule Vermicelles - 1L","p":2.49,"u":"2,49 €/L","img":"https://fd11-photos.leclercdrive.fr/image.ashx?id=2493136&use=l&cat=p&typeid=i","cat":284462},{"id":204488,"n":"Dentifrice Aquafresh Triple Protection Blancheur - 125ml","p":1.76,"u":"14,08 €/L","img":"https://fd11-photos.leclercdrive.fr/image.ashx?id=2546755&use=l&cat=p&typeid=i","cat":284612},{"id":204620,"n":"Purée Butternut Patate douce Notre Jardin - 750g","p":3.49,"u":"4,65 €/KG","img":"https://fd11-photos.leclercdrive.fr/image.ashx?id=2856208&use=l&cat=p&typeid=i","cat":319805},{"id":204621,"n":"Purée de courgette Céleri  Brocoli Notre Jardin - 750g","p":2.24,"u":"2,99 €/KG","img":"https://fd11-photos.leclercdrive.fr/image.ashx?id=2860031&use=l&cat=p&typeid=i","cat":319805},{"id":204702,"n":"BB Crème Soin tout en 1 Garnier Teinte medium - 50ml","p":7.23,"u":"144,60 €/L","img":"https://fd11-photos.leclercdrive.fr/image.ashx?id=2494977&use=l&cat=p&typeid=i","cat":325345},{"id":204717,"n":"Soda Schweppes Saveur Agrumes Zero - 1,5L","p":1.67,"u":"1,11 €/L","img":"https://fd11-photos.leclercdrive.fr/image.ashx?id=2852444&use=l&cat=p&typeid=i","cat":284532},{"id":204718,"n":"Soda Schweppes Saveur Agrumes - 1,5L","p":1.65,"u":"1,10 €/L","img":"https://fd11-photos.leclercdrive.fr/image.ashx?id=2852447&use=l&cat=p&typeid=i","cat":284532},{"id":204719,"n":"Soda Schweppes Indian Tonic - 1,5L","p":1.68,"u":"1,12 €/L","img":"https://fd11-photos.leclercdrive.fr/image.ashx?id=2852456&use=l&cat=p&typeid=i","cat":284531},{"id":204747,"n":"Dentifrice Aquafresh Menthe fraîche - 125ml","p":1.86,"u":"14,88 €/L","img":"https://fd11-photos.leclercdrive.fr/image.ashx?id=2546752&use=l&cat=p&typeid=i","cat":284612},{"id":204748,"n":"Boisson énergisante Red Bull Goût Abricot-Fraise, 250ml","p":1.23,"u":"4,92 €/L","img":"https://fd11-photos.leclercdrive.fr/image.ashx?id=3011995&use=l&cat=p&typeid=i","cat":284533},{"id":204788,"n":"Gnocchi à poêler Lustucru 325g","p":1.5,"u":"4,62 €/KG","img":"https://fd11-photos.leclercdrive.fr/image.ashx?id=2975218&use=l&cat=p&typeid=i","cat":333682},{"id":204789,"n":"Gnocchi à poêler Lustucru 520g","p":2.24,"u":"4,31 €/KG","img":"https://fd11-photos.leclercdrive.fr/image.ashx?id=2792423&use=l&cat=p&typeid=i","cat":333682},{"id":204791,"n":"Gnocchi à poêler Lustucru  Format XXL - 720g","p":2.85,"u":"3,96 €/KG","img":"https://fd11-photos.leclercdrive.fr/image.ashx?id=2788556&use=l&cat=p&typeid=i","cat":333682},{"id":204792,"n":"Girasoli Lustucru Tomate Basilic Mozzarella 250g","p":2.25,"u":"9,00 €/KG","img":"https://fd11-photos.leclercdrive.fr/image.ashx?id=2974363&use=l&cat=p&typeid=i","cat":333682},{"id":204796,"n":"Tortellini Lustucru Jambon cru - 250g","p":2.3,"u":"9,20 €/KG","img":"https://fd11-photos.leclercdrive.fr/image.ashx?id=2974360&use=l&cat=p&typeid=i","cat":333682},{"id":205059,"n":"Chewing-gum Mentos Pure Fresh  Citrus sans sucres - 100g","p":2.89,"u":"28,90 €/KG","img":"https://fd11-photos.leclercdrive.fr/image.ashx?id=2647465&use=l&cat=p&typeid=i","cat":304251},{"id":205236,"n":"Protège-slip Always Fresh & Protect - Normal - x30","p":1.63,"u":"0,05 €/P","img":"https://fd11-photos.leclercdrive.fr/image.ashx?id=2949070&use=l&cat=p&typeid=i","cat":284625},{"id":205237,"n":"Sérum anti-âge L'Oréal Paris Revitalift Vitamine C - 30ml","p":13.7,"u":"456,67 €/L","img":"https://fd11-photos.leclercdrive.fr/image.ashx?id=3003351&use=l&cat=p&typeid=i","cat":325345},{"id":205239,"n":"Nettoyant four Decapfour Confort - 500ml","p":3.65,"u":"7,30 €/L","img":"https://fd11-photos.leclercdrive.fr/image.ashx?id=2499669&use=l&cat=p&typeid=i","cat":325363},{"id":205304,"n":"Bandes de cire froide Expert Veet Corps Peaux sensibles x40","p":8.08,"u":"0,20 €/P","img":"https://fd11-photos.leclercdrive.fr/image.ashx?id=2964959&use=l&cat=p&typeid=i","cat":325351},{"id":205305,"n":"Bandes de cire froide Expert Veet Visage Peaux sensibles x20","p":4.7,"u":"0,24 €/P","img":"https://fd11-photos.leclercdrive.fr/image.ashx?id=2915440&use=l&cat=p&typeid=i","cat":325351},{"id":205311,"n":"Masque Remède Garnier Cheveux normaux à gras - 340ml","p":4.95,"u":"14,56 €/L","img":"https://fd11-photos.leclercdrive.fr/image.ashx?id=2500171&use=l&cat=p&typeid=i","cat":284608},{"id":205312,"n":"Coloration Permanente Olia 4.0 Châtain cacao","p":11.54,"img":"https://fd11-photos.leclercdrive.fr/image.ashx?id=2518718&use=l&cat=p&typeid=i","cat":288899},{"id":205314,"n":"Coloration Permanente Olia 6.0 Châtain Très Clair","p":10.73,"img":"https://fd11-photos.leclercdrive.fr/image.ashx?id=2521170&use=l&cat=p&typeid=i","cat":288899},{"id":205315,"n":"Coloration Permanente Olia 8.0 Blond miel sans ammoniaque","p":12.17,"u":"12,17 €/TRC","img":"https://fd11-photos.leclercdrive.fr/image.ashx?id=2521173&use=l&cat=p&typeid=i","cat":288899},{"id":205317,"n":"Après-Shampooing Garnier Cheveux normaux à gras - 200ml","p":2.51,"u":"12,55 €/L","img":"https://fd11-photos.leclercdrive.fr/image.ashx?id=2500174&use=l&cat=p&typeid=i","cat":284607},{"id":205318,"n":"Shampoing charbon Ultra Doux Equilibrant - 250ml","p":2.34,"u":"9,36 €/L","img":"https://fd11-photos.leclercdrive.fr/image.ashx?id=2500177&use=l&cat=p&typeid=i","cat":284606},{"id":205320,"n":"Masque Assouplissant Garnier Cheveu sec à très sec - 340ml","p":4.95,"u":"14,56 €/L","img":"https://fd11-photos.leclercdrive.fr/image.ashx?id=2500162&use=l&cat=p&typeid=i","cat":284608},{"id":205321,"n":"Masque Merveilleux Garnier Cheveux Secs, Ternes - 340ml","p":4.95,"u":"14,56 €/L","img":"https://fd11-photos.leclercdrive.fr/image.ashx?id=2500165&use=l&cat=p&typeid=i","cat":284608},{"id":205322,"n":"Masque remède Nutrition Garnier Avocat karité - 340ml","p":4.54,"u":"13,35 €/L","img":"https://fd11-photos.leclercdrive.fr/image.ashx?id=2875453&use=l&cat=p&typeid=i","cat":284608},{"id":205327,"n":"Pâte Nocciolata Bio cacao 250g","p":3.25,"u":"13,00 €/KG","img":"https://fd11-photos.leclercdrive.fr/image.ashx?id=2807897&use=l&cat=p&typeid=i","cat":284481},{"id":205344,"n":"Pâte à tartiner Nocciolata  Bio cacao Noisettes - 650g","p":7.3,"u":"11,23 €/KG","img":"https://fd11-photos.leclercdrive.fr/image.ashx?id=2883248&use=l&cat=p&typeid=i","cat":284481},{"id":205347,"n":"Pâte à Nocciolata  Bio Cacao - 250g","p":3.01,"u":"12,04 €/KG","img":"https://fd11-photos.leclercdrive.fr/image.ashx?id=2883251&use=l&cat=p&typeid=i","cat":284481},{"id":205520,"n":"Crème glacée La Laitière Rhum Raisins - 490g","p":3.24,"pp":2.27,"u":"4,63 €/KG","img":"https://fd11-photos.leclercdrive.fr/image.ashx?id=2877877&use=l&cat=p&typeid=i","cat":284263},{"id":205522,"n":"Shampoing Réparateur Elsève Pro Bond Repair - 200ml","p":5.58,"u":"27,90 €/L","img":"https://fd11-photos.leclercdrive.fr/image.ashx?id=3008779&use=l&cat=p&typeid=i","cat":284606},{"id":205525,"n":"Démêlant Intense Elsève Pro Bond Repair - 150ml","p":5.44,"u":"36,27 €/L","img":"https://fd11-photos.leclercdrive.fr/image.ashx?id=3008782&use=l&cat=p&typeid=i","cat":284607},{"id":205583,"n":"Bol légumes Bio - 2x200g","p":2.49,"u":"6,23 €/KG","img":"https://fd11-photos.leclercdrive.fr/image.ashx?id=2704885&use=l&cat=p&typeid=i","cat":312236},{"id":205589,"n":"Bol légumes Bio Villages  6mois - 2x200g","p":2.39,"u":"5,98 €/KG","img":"https://fd11-photos.leclercdrive.fr/image.ashx?id=2501307&use=l&cat=p&typeid=i","cat":312235},{"id":205594,"n":"IGP Pruneaux d'Agen dénoyautés Nos Régions ont du Talent 375g","p":3.11,"u":"8,29 €/KG","img":"https://fd11-photos.leclercdrive.fr/image.ashx?id=2583837&use=l&cat=p&typeid=i","cat":284357},{"id":205657,"n":"P'tit diner Yooji Bio Carotte patate douce 300g","p":2.7,"u":"9,00 €/KG","img":"https://fd11-photos.leclercdrive.fr/image.ashx?id=2792870&use=l&cat=p&typeid=i","cat":290631},{"id":205658,"n":"Repas P'tit diner Yooji Bio Potiron mais millet 300g","p":3.65,"u":"12,17 €/KG","img":"https://fd11-photos.leclercdrive.fr/image.ashx?id=2832254&use=l&cat=p&typeid=i","cat":290631},{"id":205659,"n":"Ptit diner Petit pois  Epinards et orge bio - 300g","p":3.9,"u":"13,00 €/KG","img":"https://fd11-photos.leclercdrive.fr/image.ashx?id=2832257&use=l&cat=p&typeid=i","cat":290631},{"id":205892,"n":"Nettoyant multi-usages Mr Propre - Savon noir - 1L","p":2.5,"u":"2,50 €/L","img":"https://fd11-photos.leclercdrive.fr/image.ashx?id=2889976&use=l&cat=p&typeid=i","cat":284907},{"id":206033,"n":"Biscuits Mots Doux P'tit Déli Chocolat noisettes - 180g","p":1.89,"u":"10,50 €/KG","img":"https://fd11-photos.leclercdrive.fr/image.ashx?id=2771136&use=l&cat=p&typeid=i","cat":284488},{"id":206108,"n":"Gommage Visage Nivea Peaux à Imperfections - 150ml","p":4.77,"u":"31,80 €/L","img":"https://fd11-photos.leclercdrive.fr/image.ashx?id=2836121&use=l&cat=p&typeid=i","cat":325346},{"id":206120,"n":"Crème dépilatoire Expert Veet Corps Peaux sensibles 200ml","p":4.9,"u":"24,50 €/L","img":"https://fd11-photos.leclercdrive.fr/image.ashx?id=2970804&use=l&cat=p&typeid=i","cat":325351},{"id":206126,"n":"Infusion La Tisanière Nuit calme - x20 - 28g","p":2.45,"u":"87,50 €/KG","img":"https://fd11-photos.leclercdrive.fr/image.ashx?id=2907863&use=l&cat=p&typeid=i","cat":293234},{"id":206128,"n":"Pâte à tartiner Nocciolata Bio Praliné Noisettes - 250g","p":3.24,"u":"12,96 €/KG","img":"https://fd11-photos.leclercdrive.fr/image.ashx?id=2883254&use=l&cat=p&typeid=i","cat":284481},{"id":206139,"n":"Sirop Teisseire Cassis - 60cl","p":3.3,"u":"5,50 €/L","img":"https://fd11-photos.leclercdrive.fr/image.ashx?id=2508588&use=l&cat=p&typeid=i","cat":295020},{"id":206140,"n":"Sirop concentré Teisseire Citron vert - 60cl","p":3.3,"u":"5,50 €/L","img":"https://fd11-photos.leclercdrive.fr/image.ashx?id=2508591&use=l&cat=p&typeid=i","cat":295020},{"id":206142,"n":"Sirop Teisseire  Fraise - 60cl","p":3.3,"u":"5,50 €/L","img":"https://fd11-photos.leclercdrive.fr/image.ashx?id=2771750&use=l&cat=p&typeid=i","cat":295020},{"id":206143,"n":"Sirop Teisseire  Pêche - 60cl","p":3.3,"u":"5,50 €/L","img":"https://fd11-photos.leclercdrive.fr/image.ashx?id=2508597&use=l&cat=p&typeid=i","cat":295020},{"id":206144,"n":"Boisson concentrée Teisseire A diluer grenadine Zéro - 60cl","p":2.6,"u":"4,33 €/L","img":"https://fd11-photos.leclercdrive.fr/image.ashx?id=2508600&use=l&cat=p&typeid=i","cat":295020},{"id":206147,"n":"Boisson concentrée Teisseire Menthe verte sans sucres - 60cl","p":2.65,"u":"4,42 €/L","img":"https://fd11-photos.leclercdrive.fr/image.ashx?id=2508603&use=l&cat=p&typeid=i","cat":295020},{"id":206149,"n":"Boisson concentrée Teisseire Citron sans sucres - 60cl","p":2.79,"u":"4,65 €/L","img":"https://fd11-photos.leclercdrive.fr/image.ashx?id=2508606&use=l&cat=p&typeid=i","cat":295020},{"id":206163,"n":"Sirop Teisseire  Menthe verte - 60cl","p":2.25,"u":"3,75 €/L","img":"https://fd11-photos.leclercdrive.fr/image.ashx?id=2772726&use=l&cat=p&typeid=i","cat":295020},{"id":206164,"n":"Sirop Teisseire  Grenadine - 60cl","p":2.2,"u":"3,67 €/L","img":"https://fd11-photos.leclercdrive.fr/image.ashx?id=2772729&use=l&cat=p&typeid=i","cat":295020},{"id":206169,"n":"Sirop Tesseire Citron - 60cl","p":2.25,"u":"3,75 €/L","img":"https://fd11-photos.leclercdrive.fr/image.ashx?id=2771747&use=l&cat=p&typeid=i","cat":295020},{"id":206172,"n":"Biscuits Kinder Tronky fourrés Cacao et au lait  - 90g","p":1.61,"u":"17,89 €/KG","img":"https://fd11-photos.leclercdrive.fr/image.ashx?id=2916462&use=l&cat=p&typeid=i","cat":284488},{"id":206192,"n":"Soda Schweppes Saveur Agrumes - 4x1,5L","p":6.63,"u":"1,11 €/L","img":"https://fd11-photos.leclercdrive.fr/image.ashx?id=2852453&use=l&cat=p&typeid=i","cat":284532},{"id":206217,"n":"Gel moussant A-Derma bio Nettoyant purifiant - 400ml","p":9.4,"u":"23,50 €/L","img":"https://fd11-photos.leclercdrive.fr/image.ashx?id=2509481&use=l&cat=p&typeid=i","cat":301587},{"id":206218,"n":"Eau micellaire A-Derma Nettoyante purifiante - 400ML","p":11.99,"u":"29,98 €/L","img":"https://fd11-photos.leclercdrive.fr/image.ashx?id=2509484&use=l&cat=p&typeid=i","cat":301587},{"id":206219,"n":"Lotion cheveux Ducray Creastim Reactiv - Antichute - 60ml","p":37.1,"u":"618,33 €/L","img":"https://fd11-photos.leclercdrive.fr/image.ashx?id=2917453&use=l&cat=p&typeid=i","cat":290399},{"id":206220,"n":"Fluide anti-imperfections A-derma - anti-marques Bio-40ml","p":13.89,"u":"347,25 €/L","img":"https://fd11-photos.leclercdrive.fr/image.ashx?id=2509514&use=l&cat=p&typeid=i","cat":291166},{"id":206222,"n":"Fluide anti-tâches Ducray Protecteur SPF50+ - 50ml","p":14.9,"u":"298,00 €/L","img":"https://fd11-photos.leclercdrive.fr/image.ashx?id=2509526&use=l&cat=p&typeid=i","cat":291168},{"id":206223,"n":"Crème anti-tâches Ducray Protectrice SPF50+ - 50ml","p":14.9,"u":"298,00 €/L","img":"https://fd11-photos.leclercdrive.fr/image.ashx?id=2509529&use=l&cat=p&typeid=i","cat":291168},{"id":206224,"n":"Roll-on Aisselles Ducray Anti-transpirant - 40ml","p":8.99,"u":"224,75 €/L","img":"https://fd11-photos.leclercdrive.fr/image.ashx?id=2509532&use=l&cat=p&typeid=i","cat":301593},{"id":206227,"n":"Crème anti-démangeaisons BepanthenSensicalm - 20g","p":5.83,"u":"291,50 €/KG","img":"https://fd11-photos.leclercdrive.fr/image.ashx?id=2508981&use=l&cat=p&typeid=i","cat":290405},{"id":206230,"n":"Huile essentielle Puressentiel Camomille Romaine - 5ml","p":10.49,"img":"https://fd11-photos.leclercdrive.fr/image.ashx?id=2508984&use=l&cat=p&typeid=i","cat":298633},{"id":206238,"n":"Crème mains Neutrogena Concentrée-Sans parfum - 2x50ml","p":7.99,"u":"79,90 €/L","img":"https://fd11-photos.leclercdrive.fr/image.ashx?id=2508996&use=l&cat=p&typeid=i","cat":290424},{"id":206243,"n":"Lotion nettoyante Avène Tolérance - 400ml","p":10.48,"u":"26,20 €/L","img":"https://fd11-photos.leclercdrive.fr/image.ashx?id=2509469&use=l&cat=p&typeid=i","cat":301587},{"id":206244,"n":"Mousse nettoyante Avène 150ml","p":13.99,"u":"93,27 €/L","img":"https://fd11-photos.leclercdrive.fr/image.ashx?id=2509475&use=l&cat=p&typeid=i","cat":301587},{"id":206245,"n":"Lait démaquillant Avène 200ml","p":13.99,"u":"69,95 €/L","img":"https://fd11-photos.leclercdrive.fr/image.ashx?id=2509478&use=l&cat=p&typeid=i","cat":301587},{"id":206246,"n":"Eau thermale Avène Eau micellaire - 2x400ml","p":18.85,"u":"23,56 €/L","img":"https://fd11-photos.leclercdrive.fr/image.ashx?id=2509487&use=l&cat=p&typeid=i","cat":301587},{"id":206247,"n":"Lait après-soleil Avène Réparateur - 200ml","p":11.69,"u":"58,45 €/L","img":"https://fd11-photos.leclercdrive.fr/image.ashx?id=2509490&use=l&cat=p&typeid=i","cat":290394},{"id":206249,"n":"Baume relipidant Eau thermale Avène - XeraCalm - 400ml","p":21.99,"u":"54,98 €/L","img":"https://fd11-photos.leclercdrive.fr/image.ashx?id=2605596&use=l&cat=p&typeid=i","cat":290421},{"id":206250,"n":"Crème relipidante Eau thermale Avène - XeraCalm - 400ml","p":20.99,"u":"52,48 €/L","img":"https://fd11-photos.leclercdrive.fr/image.ashx?id=2625481&use=l&cat=p&typeid=i","cat":290421},{"id":206251,"n":"Crème de douche Eau thermale Avène - XeraCalm - 500ml","p":12.99,"u":"25,98 €/L","img":"https://fd11-photos.leclercdrive.fr/image.ashx?id=2524673&use=l&cat=p&typeid=i","cat":301591},{"id":206252,"n":"Gel nettoyant Avène XeraCalm - 500ml","p":8.89,"u":"17,78 €/L","img":"https://fd11-photos.leclercdrive.fr/image.ashx?id=2509505&use=l&cat=p&typeid=i","cat":301587},{"id":206253,"n":"Lait hydratant Eau thermale Avène - XeraCalm - 400ml","p":16.49,"u":"41,23 €/L","img":"https://fd11-photos.leclercdrive.fr/image.ashx?id=2509511&use=l&cat=p&typeid=i","cat":290421},{"id":206254,"n":"Sérum concentré Hydratant Avène Hydrance Boost - 30ml","p":22.96,"u":"765,33 €/L","img":"https://fd11-photos.leclercdrive.fr/image.ashx?id=2509520&use=l&cat=p&typeid=i","cat":291171},{"id":206259,"n":"Eau micellaire Avène Démaquillante - 400ml","p":8.89,"u":"22,23 €/L","img":"https://fd11-photos.leclercdrive.fr/image.ashx?id=2509535&use=l&cat=p&typeid=i","cat":301587},{"id":206260,"n":"Eau oxygénée Gilbert Stabilisée - 20 volumes - 250ml","p":3.79,"u":"15,16 €/L","img":"https://fd11-photos.leclercdrive.fr/image.ashx?id=2509643&use=l&cat=p&typeid=i","cat":291163},{"id":206261,"n":"Eau oxygénée Gilbert 30 volumes - 250ml","p":3.85,"u":"15,40 €/L","img":"https://fd11-photos.leclercdrive.fr/image.ashx?id=2509646&use=l&cat=p&typeid=i","cat":291163},{"id":206263,"n":"Anti-adhésif Gilbert 125ml","p":3.99,"u":"31,92 €/L","img":"https://fd11-photos.leclercdrive.fr/image.ashx?id=2509652&use=l&cat=p&typeid=i","cat":291163},{"id":206264,"n":"Crème d'eau Uriage Eau Thermale 40ml","p":13.0,"u":"325,00 €/L","img":"https://fd11-photos.leclercdrive.fr/image.ashx?id=2509038&use=l&cat=p&typeid=i","cat":291171},{"id":206274,"n":"Shampooing 2 en 1 Klorane Amande - 400ml","p":9.9,"u":"24,75 €/L","img":"https://fd11-photos.leclercdrive.fr/image.ashx?id=2509472&use=l&cat=p&typeid=i","cat":290400},{"id":206281,"n":"Shampooing sec Klorane Spray - Extra-doux - 150ml","p":8.29,"u":"55,27 €/L","img":"https://fd11-photos.leclercdrive.fr/image.ashx?id=2923879&use=l&cat=p&typeid=i","cat":290400},{"id":206362,"n":"Crème Sebiaclear Active SVR Cicapeel - 15ml","p":6.89,"u":"459,33 €/L","img":"https://fd11-photos.leclercdrive.fr/image.ashx?id=2513865&use=l&cat=p&typeid=i","cat":291166},{"id":206363,"n":"Spray Répulsif poux Puressentiel - 75ml","p":6.39,"u":"85,20 €/L","img":"https://fd11-photos.leclercdrive.fr/image.ashx?id=2509568&use=l&cat=p&typeid=i","cat":301248},{"id":206365,"n":"Spray hypertonique Marimer Nez bouché - 100ml","p":3.99,"u":"39,90 €/L","img":"https://fd11-photos.leclercdrive.fr/image.ashx?id=2519174&use=l&cat=p&typeid=i","cat":301256},{"id":206375,"n":"Crème pieds Neutrogena Talons crevassés - 50ml","p":6.49,"u":"129,80 €/L","img":"https://fd11-photos.leclercdrive.fr/image.ashx?id=2510109&use=l&cat=p&typeid=i","cat":290424},{"id":206380,"n":"Recharge Huile lavante Topyalise SVR - 1L","p":12.99,"pp":9.74,"u":"9,74 €/L","img":"https://fd11-photos.leclercdrive.fr/image.ashx?id=2510133&use=l&cat=p&typeid=i","cat":301591},{"id":206382,"n":"Spray hygiène nasale hydratant Puressentiel- 100ml","p":5.59,"u":"55,90 €/L","img":"https://fd11-photos.leclercdrive.fr/image.ashx?id=2510139&use=l&cat=p&typeid=i","cat":301256},{"id":206385,"n":"Huile essentielle Puressentiel Ravintsara Bio - 10ml","p":5.59,"u":"559,00 €/L","img":"https://fd11-photos.leclercdrive.fr/image.ashx?id=2510142&use=l&cat=p&typeid=i","cat":298633},{"id":206397,"n":"Rêve de miel baume lèvres Nuxe  Nourrissant & réparateur - 15g","p":7.49,"img":"https://fd11-photos.leclercdrive.fr/image.ashx?id=2651504&use=l&cat=p&typeid=i","cat":291172},{"id":206406,"n":"Euphytose nuit Bayer x15","p":9.8,"img":"https://fd11-photos.leclercdrive.fr/image.ashx?id=2638954&use=l&cat=p&typeid=i","cat":301265},{"id":206414,"n":"Gummies cheveux Forcapil  Croissance - x60","p":13.89,"img":"https://fd11-photos.leclercdrive.fr/image.ashx?id=2939934&use=l&cat=p&typeid=i","cat":301266},{"id":206422,"n":"Arkomag magnésium B6 Arkopharma Nervosité et fatigue - x120","p":7.16,"u":"0,06 €/P","img":"https://fd11-photos.leclercdrive.fr/image.ashx?id=2510936&use=l&cat=p&typeid=i","cat":301264},{"id":206423,"n":"Crème protectrice visage Bébé Calendula - 50ml","p":5.79,"u":"115,80 €/L","img":"https://fd11-photos.leclercdrive.fr/image.ashx?id=2510118&use=l&cat=p&typeid=i","cat":291171},{"id":206424,"n":"1ère huile lavante bébé Uriage 500ml","p":11.49,"u":"22,98 €/L","img":"https://fd11-photos.leclercdrive.fr/image.ashx?id=2510124&use=l&cat=p&typeid=i","cat":290425},{"id":206425,"n":"1ère lingette eau bébé Uriage x70","p":4.43,"img":"https://fd11-photos.leclercdrive.fr/image.ashx?id=2510127&use=l&cat=p&typeid=i","cat":290387},{"id":206426,"n":"Gummies sommeil Forté Pharma Forté Nuit - x20","p":11.98,"img":"https://fd11-photos.leclercdrive.fr/image.ashx?id=2510969&use=l&cat=p&typeid=i","cat":301265},{"id":206429,"n":"Compléments alimentaires Luxéol Chute de cheveux - x90 gélules","p":35.89,"u":"0,40 €/P","img":"https://fd11-photos.leclercdrive.fr/image.ashx?id=2805489&use=l&cat=p&typeid=i","cat":301266},{"id":206430,"n":"Gummies Luxéol Cheveux et ongles - x60","p":19.89,"u":"0,33 €/P","img":"https://fd11-photos.leclercdrive.fr/image.ashx?id=2921942&use=l&cat=p&typeid=i","cat":301266},{"id":206434,"n":"Ortis Fruits &Fibres Forte Transit intestinal - 2x12","p":8.08,"pp":5.66,"u":"0,24 €/P","img":"https://fd11-photos.leclercdrive.fr/image.ashx?id=2510166&use=l&cat=p&typeid=i","cat":301268},{"id":206471,"n":"Baume du Tigre Blanc T 19g","p":6.7,"u":"352,63 €/KG","img":"https://fd11-photos.leclercdrive.fr/image.ashx?id=2511104&use=l&cat=p&typeid=i","cat":290421},{"id":206473,"n":"Huile prodigieuse Nuxe  Visage, corps, cheveux - 50ml","p":13.9,"u":"278,00 €/L","img":"https://fd11-photos.leclercdrive.fr/image.ashx?id=2651486&use=l&cat=p&typeid=i","cat":290422},{"id":206474,"n":"Huile relaxante Weleda Lavande - 100ml","p":13.89,"u":"138,90 €/L","img":"https://fd11-photos.leclercdrive.fr/image.ashx?id=2510482&use=l&cat=p&typeid=i","cat":290422},{"id":206480,"n":"Baguette maïs 250g","p":0.95,"u":"3,80 €/KG","img":"https://fd11-photos.leclercdrive.fr/image.ashx?id=2510358&use=l&cat=p&typeid=i","cat":284359},{"id":206501,"n":"Sauce soja salée Essentials by Hana - 185ml","p":3.99,"u":"21,57 €/L","img":"https://fd11-photos.leclercdrive.fr/image.ashx?id=2510984&use=l&cat=p&typeid=i","cat":288383},{"id":206502,"n":"Sauce soja sucrée Essentials by Hana - 185ml","p":3.99,"u":"21,57 €/L","img":"https://fd11-photos.leclercdrive.fr/image.ashx?id=2510987&use=l&cat=p&typeid=i","cat":288383},{"id":206503,"n":"Rice sandwich 1p","p":11.5,"img":"https://fd11-photos.leclercdrive.fr/image.ashx?id=2511014&use=l&cat=p&typeid=i","cat":286791},{"id":206506,"n":"California box 1p","p":14.99,"img":"https://fd11-photos.leclercdrive.fr/image.ashx?id=2614239&use=l&cat=p&typeid=i","cat":286791},{"id":206507,"n":"Market tentation 1p","p":14.99,"img":"https://fd11-photos.leclercdrive.fr/image.ashx?id=2693207&use=l&cat=p&typeid=i","cat":286791},{"id":206508,"n":"Duo market 1p","p":20.99,"img":"https://fd11-photos.leclercdrive.fr/image.ashx?id=2614245&use=l&cat=p&typeid=i","cat":286791},{"id":206511,"n":"Sauce soja sucrée Essentials by Hana - 20ml","p":0.6,"u":"30,00 €/L","img":"https://fd11-photos.leclercdrive.fr/image.ashx?id=2510993&use=l&cat=p&typeid=i","cat":288383},{"id":206516,"n":"Assortiment sushi Passion x18 - 1p","p":16.99,"img":"https://fd11-photos.leclercdrive.fr/image.ashx?id=2614248&use=l&cat=p&typeid=i","cat":286791},{"id":206518,"n":"Box du mois Sushi Market 260g","p":9.99,"img":"https://fd11-photos.leclercdrive.fr/image.ashx?id=3008848&use=l&cat=p&typeid=i","cat":286791},{"id":206528,"n":"Pain maïs 300g","p":1.69,"u":"5,63 €/KG","img":"https://fd11-photos.leclercdrive.fr/image.ashx?id=2510524&use=l&cat=p&typeid=i","cat":284359},{"id":206559,"n":"Thé Morning Boost Panda Tea Bio - 28 sachets","p":14.65,"pp":10.99,"img":"https://fd11-photos.leclercdrive.fr/image.ashx?id=2540793&use=l&cat=p&typeid=i","cat":301268},{"id":206560,"n":"Thé Night Cleanse Panda Tea Bio - 28 sachets","p":11.03,"pp":8.27,"img":"https://fd11-photos.leclercdrive.fr/image.ashx?id=2540796&use=l&cat=p&typeid=i","cat":301268},{"id":206582,"n":"Liquide vaiselle Paic Bi Activ Vinaigre et citron - 750ml","p":2.84,"u":"3,79 €/L","img":"https://fd11-photos.leclercdrive.fr/image.ashx?id=2966797&use=l&cat=p&typeid=i","cat":284655},{"id":206608,"n":"Amincissant ventre et hanches  Somatoline - Cryogel - 250ml","p":33.56,"u":"134,24 €/L","img":"https://fd11-photos.leclercdrive.fr/image.ashx?id=2512300&use=l&cat=p&typeid=i","cat":291161},{"id":206612,"n":"Brûleur de graisse Forté Pharma XtraSlim max 24 - 60 comprimés","p":40.32,"img":"https://fd11-photos.leclercdrive.fr/image.ashx?id=2512258&use=l&cat=p&typeid=i","cat":301267},{"id":206613,"n":"Thé glacé Oasis Ice Tea Saveur Framboise Cassis - 1,5L","p":1.76,"u":"1,17 €/L","img":"https://fd11-photos.leclercdrive.fr/image.ashx?id=2681730&use=l&cat=p&typeid=i","cat":295019},{"id":206615,"n":"Boisson aux fruits Oasis Tropical sans sucres - 1,5L","p":1.87,"u":"1,25 €/L","img":"https://fd11-photos.leclercdrive.fr/image.ashx?id=2681739&use=l&cat=p&typeid=i","cat":295018},{"id":206617,"n":"Lessive liquide Arbre Vert Recharge x34 - 1.53L","p":5.88,"u":"3,84 €/L","img":"https://fd11-photos.leclercdrive.fr/image.ashx?id=2680209&use=l&cat=p&typeid=i","cat":284640},{"id":206623,"n":"Sushis Box Duo 280g","p":11.99,"u":"42,82 €/KG","img":"https://fd11-photos.leclercdrive.fr/image.ashx?id=2516704&use=l&cat=p&typeid=i","cat":286791},{"id":206624,"n":"Sushis Box Apéro 610g","p":19.99,"u":"32,77 €/KG","img":"https://fd11-photos.leclercdrive.fr/image.ashx?id=2516707&use=l&cat=p&typeid=i","cat":286791},{"id":206625,"n":"Sushis Snacking box x16 - 325g","p":11.99,"u":"36,89 €/KG","img":"https://fd11-photos.leclercdrive.fr/image.ashx?id=2516698&use=l&cat=p&typeid=i","cat":286791},{"id":206721,"n":"Sundae Ben & Jerry's Dulce de-delish - 342g","p":5.55,"u":"15,86 €/KG","img":"https://fd11-photos.leclercdrive.fr/image.ashx?id=2805654&use=l&cat=p&typeid=i","cat":284725},{"id":206725,"n":"Bâtonnet Magnum Double Sunlover x4 - 300g","p":3.78,"u":"12,60 €/KG","img":"https://fd11-photos.leclercdrive.fr/image.ashx?id=2886397&use=l&cat=p&typeid=i","cat":284265},{"id":206729,"n":"Macarons classiques  Assortiment x12 - 145g","p":3.85,"u":"26,55 €/KG","img":"https://fd11-photos.leclercdrive.fr/image.ashx?id=2663371&use=l&cat=p&typeid=i","cat":284360},{"id":206731,"n":"Macarons fruités Ajinamoto Assortiment x12 - 145g","p":3.85,"u":"26,55 €/KG","img":"https://fd11-photos.leclercdrive.fr/image.ashx?id=2516689&use=l&cat=p&typeid=i","cat":284360},{"id":206935,"n":"Thon entier Eco+ 140g","p":1.33,"u":"9,50 €/KG","img":"https://fd11-photos.leclercdrive.fr/image.ashx?id=2744440&use=l&cat=p&typeid=i","cat":303867},{"id":206950,"n":"Gaufrettes P'tit Déli Fourrés - 128g","p":1.59,"u":"12,42 €/KG","img":"https://fd11-photos.leclercdrive.fr/image.ashx?id=2842522&use=l&cat=p&typeid=i","cat":284488},{"id":206981,"n":"Rôti de poulet Fleury Michon 100% filet CSN x4 - 150g","p":2.42,"u":"16,13 €/KG","img":"https://fd11-photos.leclercdrive.fr/image.ashx?id=2892670&use=l&cat=p&typeid=i","cat":316010},{"id":206985,"n":"Haché de jambon Fleury Michon À poêler x2 - 190g","p":1.83,"u":"9,63 €/KG","img":"https://fd11-photos.leclercdrive.fr/image.ashx?id=2518649&use=l&cat=p&typeid=i","cat":316009},{"id":206997,"n":"Couscous à la marocaine légumes Fleury Michon - 450g","p":3.68,"u":"8,18 €/KG","img":"https://fd11-photos.leclercdrive.fr/image.ashx?id=2656724&use=l&cat=p&typeid=i","cat":333665},{"id":207017,"n":"Monster Top Speed Zero 50CL","p":1.42,"u":"2,84 €/L","img":"https://fd11-photos.leclercdrive.fr/image.ashx?id=2861174&use=l&cat=p&typeid=i","cat":284533},{"id":207043,"n":"Lessive Liquide L'Arbre Vert Savon végétal 45 lavages 2,025L","p":6.98,"u":"3,45 €/L","img":"https://fd11-photos.leclercdrive.fr/image.ashx?id=3008542&use=l&cat=p&typeid=i","cat":284640},{"id":207044,"n":"Recharge Lessive l'Arbre Vert Amande Douce 34 lavages 1,53L","p":5.98,"u":"3,91 €/L","img":"https://fd11-photos.leclercdrive.fr/image.ashx?id=2684503&use=l&cat=p&typeid=i","cat":284640},{"id":207073,"n":"Tablette lave vaiselle L'Arbre Vert Tout-en-1 - x32","p":4.99,"u":"8,54 €/KG","img":"https://fd11-photos.leclercdrive.fr/image.ashx?id=2672332&use=l&cat=p&typeid=i","cat":284656},{"id":207074,"n":"Vaisselle mains L'Arbre Vert Peaux sensibles - 500ml","p":1.62,"u":"3,24 €/L","img":"https://fd11-photos.leclercdrive.fr/image.ashx?id=2845428&use=l&cat=p&typeid=i","cat":284655},{"id":207075,"n":"Vaisselle Main L'Arbre Vert Amande - 500ml","p":1.5,"u":"3,00 €/L","img":"https://fd11-photos.leclercdrive.fr/image.ashx?id=2845431&use=l&cat=p&typeid=i","cat":284655},{"id":207117,"n":"Crème Solaire Spray Nivea Sun FPS 30 Protect&Bronze - 200ml","p":12.34,"u":"61,70 €/L","img":"https://fd11-photos.leclercdrive.fr/image.ashx?id=3008969&use=l&cat=p&typeid=i","cat":325355},{"id":207137,"n":"Assouplissant Minidou Vent de fraîcheur - 1L - x50","p":4.3,"u":"4,30 €/L","img":"https://fd11-photos.leclercdrive.fr/image.ashx?id=2795887&use=l&cat=p&typeid=i","cat":284650},{"id":207139,"n":"Serviettes hygiéniques Always  Ultra - Secure night - x18","p":4.01,"u":"0,22 €/P","img":"https://fd11-photos.leclercdrive.fr/image.ashx?id=2849436&use=l&cat=p&typeid=i","cat":284624},{"id":207140,"n":"Serviettes hygiéniques Always Ultra - Secure night extra- x16","p":3.9,"u":"0,24 €/P","img":"https://fd11-photos.leclercdrive.fr/image.ashx?id=3000878&use=l&cat=p&typeid=i","cat":284624},{"id":207141,"n":"Préservatifs Durex Nude Extra Fins Peau contre Peau x10","p":7.35,"u":"0,74 €/P","img":"https://fd11-photos.leclercdrive.fr/image.ashx?id=2962017&use=l&cat=p&typeid=i","cat":284631},{"id":207198,"n":"Recharge lessive liquide  Rainette Aloe vera - 1.6L","p":5.99,"u":"3,74 €/L","img":"https://fd11-photos.leclercdrive.fr/image.ashx?id=2858684&use=l&cat=p&typeid=i","cat":284640},{"id":207199,"n":"Recharge lessive liquide  Rainett Savon de Marseille 1.6L","p":6.37,"u":"3,98 €/L","img":"https://fd11-photos.leclercdrive.fr/image.ashx?id=2842129&use=l&cat=p&typeid=i","cat":284640},{"id":207210,"n":"Fromage à tartiner Kiri Délicieusement fouetté - 125g","p":2.24,"u":"17,92 €/KG","img":"https://fd11-photos.leclercdrive.fr/image.ashx?id=2686591&use=l&cat=p&typeid=i","cat":314029},{"id":207216,"n":"Boisson lactée café Starbucks Caramel macchiato - 750ml","p":4.9,"u":"6,53 €/L","img":"https://fd11-photos.leclercdrive.fr/image.ashx?id=2521647&use=l&cat=p&typeid=i","cat":295246},{"id":207220,"n":"Prodigieux lait parfumé Nuxe  Corps sublimateur - 200ml","p":12.25,"u":"61,25 €/L","img":"https://fd11-photos.leclercdrive.fr/image.ashx?id=2651480&use=l&cat=p&typeid=i","cat":290421},{"id":207221,"n":"Crème solaire visage corps Nuxe  Spray SPF50 - 150ml","p":16.99,"u":"113,27 €/L","img":"https://fd11-photos.leclercdrive.fr/image.ashx?id=2988379&use=l&cat=p&typeid=i","cat":290396},{"id":207230,"n":"Crème prodigieuse boost Nuxe  Gel baume yeux anti-âge - 15ml","p":18.89,"img":"https://fd11-photos.leclercdrive.fr/image.ashx?id=2583924&use=l&cat=p&typeid=i","cat":291172},{"id":207262,"n":"Capsules Nescafé Dolce Gusto  Grande - x16","p":4.65,"u":"34,19 €/KG","img":"https://fd11-photos.leclercdrive.fr/image.ashx?id=2964153&use=l&cat=p&typeid=i","cat":293239},{"id":207326,"n":"Super sérum anti-âge Nuxe  Concentré universel - 30ml","p":58.99,"img":"https://fd11-photos.leclercdrive.fr/image.ashx?id=2827308&use=l&cat=p&typeid=i","cat":291168},{"id":207332,"n":"Rêve de miel soin lèvres Nuxe  10ml","p":12.49,"img":"https://fd11-photos.leclercdrive.fr/image.ashx?id=2651546&use=l&cat=p&typeid=i","cat":291172},{"id":207333,"n":"Crème solaire visage corps Nuxe  Lait SPF50 - 150ml","p":14.99,"u":"99,93 €/L","img":"https://fd11-photos.leclercdrive.fr/image.ashx?id=2901941&use=l&cat=p&typeid=i","cat":290396},{"id":207335,"n":"Huile solaire visage corps Nuxe  Huile bronzante SPF50 - 150ml","p":16.0,"u":"106,67 €/L","img":"https://fd11-photos.leclercdrive.fr/image.ashx?id=2904176&use=l&cat=p&typeid=i","cat":290395},{"id":207336,"n":"Crème solaire visage corps Nuxe  Spray SPF30 - 150ml","p":16.8,"u":"112,00 €/L","img":"https://fd11-photos.leclercdrive.fr/image.ashx?id=2651558&use=l&cat=p&typeid=i","cat":290396},{"id":207337,"n":"Rêve de miel gel visage Nuxe  Nettoyant démaquillant - 200ml","p":9.65,"u":"48,25 €/L","img":"https://fd11-photos.leclercdrive.fr/image.ashx?id=2651456&use=l&cat=p&typeid=i","cat":301587},{"id":207338,"n":"Nuxe men gel visage homme Nuxe  Multi-fonctions - 50ml","p":19.8,"u":"396,00 €/L","img":"https://fd11-photos.leclercdrive.fr/image.ashx?id=2652224&use=l&cat=p&typeid=i","cat":291167},{"id":207339,"n":"Crème solaire visage Nuxe  Délicieuse SPF30 - 50ml","p":11.99,"u":"239,80 €/L","img":"https://fd11-photos.leclercdrive.fr/image.ashx?id=2651462&use=l&cat=p&typeid=i","cat":290396},{"id":207401,"n":"Adoucissant Soupline  Éclat de Fraîcheur - 28p","p":5.98,"u":"0,21 €/P","img":"https://fd11-photos.leclercdrive.fr/image.ashx?id=2583509&use=l&cat=p&typeid=i","cat":284650},{"id":207412,"n":"Bâtonnets Nuii Mini Adventure Pecan Cookie Cream x6 - 255g","p":4.49,"u":"17,61 €/KG","img":"https://fd11-photos.leclercdrive.fr/image.ashx?id=2525537&use=l&cat=p&typeid=i","cat":284265},{"id":207456,"n":"Purée de fruits Eco+ x8 - 800g","p":1.79,"u":"2,24 €/KG","img":"https://fd11-photos.leclercdrive.fr/image.ashx?id=2523507&use=l&cat=p&typeid=i","cat":284416},{"id":207458,"n":"Pizza La Royale Pizzaiolo 478g","p":4.8,"u":"10,04 €/KG","img":"https://fd11-photos.leclercdrive.fr/image.ashx?id=2965256&use=l&cat=p&typeid=i","cat":284256},{"id":207467,"n":"Moutarde Forte Amora 430g","p":1.48,"u":"3,44 €/KG","img":"https://fd11-photos.leclercdrive.fr/image.ashx?id=2526079&use=l&cat=p&typeid=i","cat":288850},{"id":207469,"n":"Moutarde Forte Amora 185g","p":1.44,"u":"7,78 €/KG","img":"https://fd11-photos.leclercdrive.fr/image.ashx?id=2526082&use=l&cat=p&typeid=i","cat":288850},{"id":207471,"n":"Moutarde Mi-forte Amora 415g","p":1.49,"u":"3,59 €/KG","img":"https://fd11-photos.leclercdrive.fr/image.ashx?id=2993176&use=l&cat=p&typeid=i","cat":288850},{"id":207476,"n":"Moutarde de Dijon Fine MAILLE L'Original Bocal - 360g","p":1.47,"u":"4,08 €/KG","img":"https://fd11-photos.leclercdrive.fr/image.ashx?id=2945841&use=l&cat=p&typeid=i","cat":288850},{"id":207478,"n":"Moutarde à l'Ancienne MAILLE Bocal - 360g","p":2.35,"u":"6,53 €/KG","img":"https://fd11-photos.leclercdrive.fr/image.ashx?id=2664307&use=l&cat=p&typeid=i","cat":288850},{"id":207480,"n":"Crème glacée La Laitière Caramel Beurre salé - 490g","p":3.24,"pp":2.27,"u":"4,63 €/KG","img":"https://fd11-photos.leclercdrive.fr/image.ashx?id=2877883&use=l&cat=p&typeid=i","cat":284263},{"id":207481,"n":"Bâtonnets de glace Nuii Chocolat et noisettes - 272g","p":4.39,"u":"16,14 €/KG","img":"https://fd11-photos.leclercdrive.fr/image.ashx?id=2525546&use=l&cat=p&typeid=i","cat":284265},{"id":207489,"n":"Pizza Feu de bois Turini Saisonnière - 450g","p":2.99,"u":"6,64 €/KG","img":"https://fd11-photos.leclercdrive.fr/image.ashx?id=2816618&use=l&cat=p&typeid=i","cat":284256},{"id":207491,"n":"Cône Extrême Nestle Coco  Mangue - x6 - 414g","p":4.07,"u":"9,83 €/KG","img":"https://fd11-photos.leclercdrive.fr/image.ashx?id=2844579&use=l&cat=p&typeid=i","cat":284264},{"id":207492,"n":"Crème glacée La Laitière Vanille pécan - 490g","p":3.24,"pp":2.27,"u":"4,63 €/KG","img":"https://fd11-photos.leclercdrive.fr/image.ashx?id=3000015&use=l&cat=p&typeid=i","cat":284263},{"id":207513,"n":"Ravioli Luigi & Fratelli Ricotta Epinard x6 - 250g","p":4.35,"u":"17,40 €/KG","img":"https://fd11-photos.leclercdrive.fr/image.ashx?id=2532270&use=l&cat=p&typeid=i","cat":333682},{"id":207520,"n":"Girasoli Luigi & Fratelli Tomate Mozzarella Basilic 250g","p":4.33,"u":"17,32 €/KG","img":"https://fd11-photos.leclercdrive.fr/image.ashx?id=2532273&use=l&cat=p&typeid=i","cat":333682},{"id":207528,"n":"Lessive liquide L'Arbre Vert Peaux sensibles - x34 - 1.53L","p":6.98,"u":"4,56 €/L","img":"https://fd11-photos.leclercdrive.fr/image.ashx?id=3008536&use=l&cat=p&typeid=i","cat":284640},{"id":207529,"n":"Recharge lessive L'Arbre Vert Peaux sensibles - x34 - 1.53L","p":6.21,"u":"4,06 €/L","img":"https://fd11-photos.leclercdrive.fr/image.ashx?id=2680212&use=l&cat=p&typeid=i","cat":284640},{"id":207533,"n":"Préservatifs Durex Feeling  Extra Fins Extra Lubrifiés x12","p":5.88,"img":"https://fd11-photos.leclercdrive.fr/image.ashx?id=2962014&use=l&cat=p&typeid=i","cat":284631},{"id":207536,"n":"Préservatifs Durex Nude Sans Latex Extra Lubrifié x10","p":7.15,"img":"https://fd11-photos.leclercdrive.fr/image.ashx?id=2730478&use=l&cat=p&typeid=i","cat":284631},{"id":207540,"n":"Croûtons Tipiak Ail - 75g","p":1.44,"u":"19,20 €/KG","img":"https://fd11-photos.leclercdrive.fr/image.ashx?id=2684461&use=l&cat=p&typeid=i","cat":284464},{"id":207559,"n":"Préservatifs Durex Pleasure me Perlés et Nervurés x12","p":6.47,"u":"0,54 €/P","img":"https://fd11-photos.leclercdrive.fr/image.ashx?id=2730466&use=l&cat=p&typeid=i","cat":284631},{"id":207627,"n":"ST MARC Pistolet Antibactérien - 750ml","p":1.86,"u":"2,48 €/L","img":"https://fd11-photos.leclercdrive.fr/image.ashx?id=2528054&use=l&cat=p&typeid=i","cat":325357},{"id":207637,"n":"Calculatrice Fx-92 Casio Collège - Classwiz - x1","p":19.87,"u":"Dont 0,05 € d'éco-part.","img":"https://fd11-photos.leclercdrive.fr/image.ashx?id=2544915&use=l&cat=p&typeid=i","cat":334133},{"id":207809,"n":"Feutres de coloriage Maped Jungle multicoloris - x12","p":2.15,"img":"https://fd11-photos.leclercdrive.fr/image.ashx?id=2527838&use=l&cat=p&typeid=i","cat":284696},{"id":207823,"n":"Feutre Maped Ocean Life - x18","p":2.85,"img":"https://fd11-photos.leclercdrive.fr/image.ashx?id=2527841&use=l&cat=p&typeid=i","cat":284696},{"id":207828,"n":"Marqueur Maped  Peinture effaçable blanche -x1","p":2.54,"img":"https://fd11-photos.leclercdrive.fr/image.ashx?id=2527826&use=l&cat=p&typeid=i","cat":284696},{"id":207839,"n":"Stylos bille Papermate InkJoy  Fun - x8","p":2.1,"u":"0,26 €/P","img":"https://fd11-photos.leclercdrive.fr/image.ashx?id=2527967&use=l&cat=p&typeid=i","cat":284696},{"id":207840,"n":"Stylos bille Papermate InkJoy  Bleu - x8","p":1.99,"u":"0,25 €/P","img":"https://fd11-photos.leclercdrive.fr/image.ashx?id=2605638&use=l&cat=p&typeid=i","cat":284696},{"id":207842,"n":"Ruban correcteur Papermate Dryline Grip - x3","p":3.33,"u":"1,11 €/P","img":"https://fd11-photos.leclercdrive.fr/image.ashx?id=2527964&use=l&cat=p&typeid=i","cat":334133},{"id":207843,"n":"Stylos bille Papermate Noir - Kilometrico recyled -x8","p":2.32,"u":"0,29 €/P","img":"https://fd11-photos.leclercdrive.fr/image.ashx?id=2677759&use=l&cat=p&typeid=i","cat":284696},{"id":207844,"n":"Stylos bille Papermate Couleurs Kilometrico recyled x8","p":2.32,"u":"0,29 €/P","img":"https://fd11-photos.leclercdrive.fr/image.ashx?id=2573244&use=l&cat=p&typeid=i","cat":284696},{"id":207973,"n":"Stylo Frixion Ball Stick Pilot Bleu x4 + Jaune","p":5.95,"img":"https://fd11-photos.leclercdrive.fr/image.ashx?id=2577998&use=l&cat=p&typeid=i","cat":284696},{"id":207978,"n":"Stylo Frixion Ball Pilot Bleu - 0.5x1 - Encre effaçable","p":3.1,"img":"https://fd11-photos.leclercdrive.fr/image.ashx?id=2535819&use=l&cat=p&typeid=i","cat":284696},{"id":207993,"n":"Stylo Vball Pilot Bleu - Ecriture fine - 0.5","p":2.94,"img":"https://fd11-photos.leclercdrive.fr/image.ashx?id=2528684&use=l&cat=p&typeid=i","cat":284696},{"id":207994,"n":"Stylo Vball Pilot Rouge - Ecriture fine - 0.5","p":2.94,"img":"https://fd11-photos.leclercdrive.fr/image.ashx?id=2563472&use=l&cat=p&typeid=i","cat":284696},{"id":208020,"n":"Crayon à papier Bic Evolution HB - Gomme x6","p":1.74,"img":"https://fd11-photos.leclercdrive.fr/image.ashx?id=2527682&use=l&cat=p&typeid=i","cat":284696},{"id":208025,"n":"Marqueur permanent Bic Bleu - Marking 2300 - Ecolution","p":1.1,"img":"https://fd11-photos.leclercdrive.fr/image.ashx?id=2527589&use=l&cat=p&typeid=i","cat":284696},{"id":208083,"n":"Crayons à doigts Esquisse Baby - x10","p":3.99,"img":"https://fd11-photos.leclercdrive.fr/image.ashx?id=2531572&use=l&cat=p&typeid=i","cat":284696},{"id":208086,"n":"Recharges de mines Esquisse 12 mines - HB 0,5mm - x2","p":0.59,"u":"0,30 €/P","img":"https://fd11-photos.leclercdrive.fr/image.ashx?id=2531560&use=l&cat=p&typeid=i","cat":284696},{"id":208087,"n":"Marqueurs effaceur Esquisse Noir - Sec - x2","p":0.89,"img":"https://fd11-photos.leclercdrive.fr/image.ashx?id=2531563&use=l&cat=p&typeid=i","cat":284696},{"id":208088,"n":"Pochettes perforées Esquisse Premium - x50","p":2.89,"u":"0,06 €/P","img":"https://fd11-photos.leclercdrive.fr/image.ashx?id=2531575&use=l&cat=p&typeid=i","cat":284696},{"id":208092,"n":"Feutres Baby Esquisse Pointe large - x8","p":3.49,"img":"https://fd11-photos.leclercdrive.fr/image.ashx?id=2531566&use=l&cat=p&typeid=i","cat":284696},{"id":208097,"n":"Boîte de trombones Esquisse Couleur - x100","p":0.9,"img":"https://fd11-photos.leclercdrive.fr/image.ashx?id=2531557&use=l&cat=p&typeid=i","cat":334133},{"id":208150,"n":"Guacamole Florette 175g","p":2.93,"u":"16,74 €/KG","img":"https://fd11-photos.leclercdrive.fr/image.ashx?id=2733010&use=l&cat=p&typeid=i","cat":315999},{"id":208155,"n":"Huile prodigieuse or Nuxe  Visage, corps, cheveux - 50ml","p":16.76,"u":"335,20 €/L","img":"https://fd11-photos.leclercdrive.fr/image.ashx?id=2651492&use=l&cat=p&typeid=i","cat":290422},{"id":208158,"n":"Crème prodigieuse boost Nuxe  Huile anti-âge nuit - 50ml","p":24.89,"u":"497,80 €/L","img":"https://fd11-photos.leclercdrive.fr/image.ashx?id=2583921&use=l&cat=p&typeid=i","cat":291171},{"id":208168,"n":"Huile prodigieuse florale Nuxe  Visage, corps, cheveux - 100ml","p":23.99,"u":"239,90 €/L","img":"https://fd11-photos.leclercdrive.fr/image.ashx?id=2651510&use=l&cat=p&typeid=i","cat":290422},{"id":208169,"n":"Déodorant bille Nuxe Rêve de thé - 50ml","p":5.8,"u":"116,00 €/L","img":"https://fd11-photos.leclercdrive.fr/image.ashx?id=2651519&use=l&cat=p&typeid=i","cat":301593},{"id":208170,"n":"Rêve de thé gel douche Nuxe  Gelée ressourçante - 200ml","p":5.5,"u":"27,50 €/L","img":"https://fd11-photos.leclercdrive.fr/image.ashx?id=2840904&use=l&cat=p&typeid=i","cat":301591},{"id":208172,"n":"Crème solaire visage Nuxe  Fluide léger SPF50 - 50ml","p":12.49,"u":"249,80 €/L","img":"https://fd11-photos.leclercdrive.fr/image.ashx?id=2651525&use=l&cat=p&typeid=i","cat":290396},{"id":208173,"n":"Merveillance lift Nuxe Crème anti-âge nuit - 50ml","p":34.0,"u":"680,00 €/L","img":"https://fd11-photos.leclercdrive.fr/image.ashx?id=2542345&use=l&cat=p&typeid=i","cat":291168},{"id":208174,"n":"Merveillance lift Nuxe  Crème anti-âge poudrée - 50ml","p":34.0,"u":"680,00 €/L","img":"https://fd11-photos.leclercdrive.fr/image.ashx?id=2542348&use=l&cat=p&typeid=i","cat":291168},{"id":208176,"n":"Crème fraîche de beauté Nuxe  Crème hydratante - 50ml","p":15.91,"pp":11.14,"u":"222,80 €/L","img":"https://fd11-photos.leclercdrive.fr/image.ashx?id=2651549&use=l&cat=p&typeid=i","cat":291171},{"id":208186,"n":"Crème fraîche de beauté Nuxe  Crème riche hydratante - 50ml","p":15.91,"pp":11.14,"u":"222,80 €/L","img":"https://fd11-photos.leclercdrive.fr/image.ashx?id=2540625&use=l&cat=p&typeid=i","cat":291171},{"id":208230,"n":"Festillant Spritz Boisson Effervescent Sans Alcool 75cl","p":3.03,"u":"4,04 €/L","img":"https://fd11-photos.leclercdrive.fr/image.ashx?id=2538337&use=l&cat=p&typeid=i","cat":284549},{"id":208271,"n":"Capsules café L'Or Espresso Forza N°9 x50","p":13.4,"u":"51,54 €/KG","img":"https://fd11-photos.leclercdrive.fr/image.ashx?id=3000471&use=l&cat=p&typeid=i","cat":284749},{"id":208385,"n":"Capsules café L'Or Espresso Delizioso N°5 x50","p":13.41,"u":"51,58 €/KG","img":"https://fd11-photos.leclercdrive.fr/image.ashx?id=2788064&use=l&cat=p&typeid=i","cat":284749},{"id":208417,"n":"Capsules café L'Or Espresso Ristretto N°11 x50","p":13.41,"u":"51,58 €/KG","img":"https://fd11-photos.leclercdrive.fr/image.ashx?id=3000474&use=l&cat=p&typeid=i","cat":284749},{"id":208421,"n":"Infusion fruits rouges Elephant Touche de menthe - 40g","p":2.55,"u":"63,75 €/KG","img":"https://fd11-photos.leclercdrive.fr/image.ashx?id=2813104&use=l&cat=p&typeid=i","cat":293234},{"id":208426,"n":"Infusion Eléphant Tilleul Citron  - x20 - 28g","p":2.7,"u":"96,43 €/KG","img":"https://fd11-photos.leclercdrive.fr/image.ashx?id=2530284&use=l&cat=p&typeid=i","cat":293234},{"id":208484,"n":"Chips paysanne Lay's Saveur Oignon de Roscoff - 120g","p":1.47,"u":"12,25 €/KG","img":"https://fd11-photos.leclercdrive.fr/image.ashx?id=2810777&use=l&cat=p&typeid=i","cat":284447},{"id":208611,"n":"Yaourt à boire Eco+ Vanille - 850g","p":1.33,"u":"1,56 €/KG","img":"https://fd11-photos.leclercdrive.fr/image.ashx?id=2543507&use=l&cat=p&typeid=i","cat":284415},{"id":208613,"n":"Panés de saumon ASC Pêche Océan Céréales & Graines  - 360g","p":5.99,"u":"16,64 €/KG","img":"https://fd11-photos.leclercdrive.fr/image.ashx?id=2531238&use=l&cat=p&typeid=i","cat":319788},{"id":208632,"n":"Crème glacée La Laitière Crème brulée - 490g","p":3.24,"pp":2.27,"u":"4,63 €/KG","img":"https://fd11-photos.leclercdrive.fr/image.ashx?id=2877880&use=l&cat=p&typeid=i","cat":284263},{"id":208636,"n":"Purée Mousline Crème et noix de muscade - 500g","p":3.07,"u":"6,14 €/KG","img":"https://fd11-photos.leclercdrive.fr/image.ashx?id=3011728&use=l&cat=p&typeid=i","cat":284431},{"id":208642,"n":"Purée Mousline x4 - 520g","p":2.39,"u":"4,60 €/KG","img":"https://fd11-photos.leclercdrive.fr/image.ashx?id=3011734&use=l&cat=p&typeid=i","cat":284431},{"id":208651,"n":"Purée Mousline  x8 - 1.04 kg","p":4.38,"u":"4,21 €/KG","img":"https://fd11-photos.leclercdrive.fr/image.ashx?id=2986780&use=l&cat=p&typeid=i","cat":284431},{"id":208656,"n":"Sauce Apéro Florette Ail & Ciboulette - 175g","p":2.74,"u":"15,66 €/KG","img":"https://fd11-photos.leclercdrive.fr/image.ashx?id=2962767&use=l&cat=p&typeid=i","cat":284382},{"id":208658,"n":"Biscuit P'tit Deli Chocolat lait blanc - 150g","p":1.75,"u":"11,67 €/KG","img":"https://fd11-photos.leclercdrive.fr/image.ashx?id=2684835&use=l&cat=p&typeid=i","cat":284488},{"id":208683,"n":"Sauce Apéro Florette Fines herbes - 175g","p":2.74,"u":"15,66 €/KG","img":"https://fd11-photos.leclercdrive.fr/image.ashx?id=2962764&use=l&cat=p&typeid=i","cat":284382},{"id":208749,"n":"Riz long grain 10 min Lustucru  x5 - 900g","p":2.15,"u":"2,39 €/KG","img":"https://fd11-photos.leclercdrive.fr/image.ashx?id=2963739&use=l&cat=p&typeid=i","cat":284428},{"id":208786,"n":"Thé glacé Lipton Ice Tea Pêche La bouteille de 1.25L","p":1.42,"u":"1,14 €/L","img":"https://fd11-photos.leclercdrive.fr/image.ashx?id=2731567&use=l&cat=p&typeid=i","cat":295019},{"id":208788,"n":"Thé glacé Lipton Ice Tea Pêche  Sans sucres bouteille de 1.25L","p":1.59,"u":"1,27 €/L","img":"https://fd11-photos.leclercdrive.fr/image.ashx?id=2731570&use=l&cat=p&typeid=i","cat":295019},{"id":208806,"n":"Grilletine blé complet Pasquier Sans sucre ajouté - 255g","p":2.04,"u":"8,00 €/KG","img":"https://fd11-photos.leclercdrive.fr/image.ashx?id=2533559&use=l&cat=p&typeid=i","cat":284479},{"id":208856,"n":"Dentifrice Colgate Tonigencyl Expert - 75ml","p":2.06,"u":"27,47 €/L","img":"https://fd11-photos.leclercdrive.fr/image.ashx?id=2859992&use=l&cat=p&typeid=i","cat":284612},{"id":208867,"n":"Serum physiologique Prorhinel 30x5ml","p":3.13,"u":"20,87 €/L","img":"https://fd11-photos.leclercdrive.fr/image.ashx?id=2878303&use=l&cat=p&typeid=i","cat":284741},{"id":209057,"n":"Céréales bébé P'TITE CEREALE chocolat biscuit 12M+ - 415g","p":3.24,"u":"7,81 €/KG","img":"https://fd11-photos.leclercdrive.fr/image.ashx?id=2537303&use=l&cat=p&typeid=i","cat":312225},{"id":209059,"n":"P'tite céréale Nestlé Noisettes Biscuit - 12M+ - 415g","p":3.32,"u":"8,00 €/KG","img":"https://fd11-photos.leclercdrive.fr/image.ashx?id=2679389&use=l&cat=p&typeid=i","cat":312225},{"id":209064,"n":"Céréales bébé BABICAO Cacao 10M+ - 400g","p":3.37,"u":"8,43 €/KG","img":"https://fd11-photos.leclercdrive.fr/image.ashx?id=2537294&use=l&cat=p&typeid=i","cat":312225},{"id":209066,"n":"Céréales bébé P'TITE CEREALE Vanille Biscuit 12M+ - 415g","p":3.24,"u":"7,81 €/KG","img":"https://fd11-photos.leclercdrive.fr/image.ashx?id=2537297&use=l&cat=p&typeid=i","cat":312225},{"id":209074,"n":"Gel acccélérateur Cicaplast La Roche-Posay - 40ml","p":7.49,"u":"187,25 €/L","img":"https://fd11-photos.leclercdrive.fr/image.ashx?id=2537071&use=l&cat=p&typeid=i","cat":290405},{"id":209113,"n":"Pâtes Collezione Barilla Farfalle Generose - 500g","p":1.64,"u":"3,28 €/KG","img":"https://fd11-photos.leclercdrive.fr/image.ashx?id=2654122&use=l&cat=p&typeid=i","cat":284427},{"id":209137,"n":"Blanc de poulet Tradilège Doré au four - 240g","p":1.97,"u":"8,21 €/KG","img":"https://fd11-photos.leclercdrive.fr/image.ashx?id=2925759&use=l&cat=p&typeid=i","cat":316010},{"id":209154,"n":"Compotes Pom'Potes  Assortiment x64 - 5.76kg","p":28.39,"pp":19.87,"u":"3,45 €/KG","img":"https://fd11-photos.leclercdrive.fr/image.ashx?id=2977261&use=l&cat=p&typeid=i","cat":284508},{"id":209179,"n":"Crème dépilatoire Expert Veet Bikini Maillot Intégral 200ml","p":8.62,"u":"86,20 €/L","img":"https://fd11-photos.leclercdrive.fr/image.ashx?id=2964968&use=l&cat=p&typeid=i","cat":325351},{"id":209208,"n":"Sauce soja Suzi Wan Sucrée - 135ml","p":1.9,"u":"14,07 €/KG","img":"https://fd11-photos.leclercdrive.fr/image.ashx?id=2892931&use=l&cat=p&typeid=i","cat":288992},{"id":209212,"n":"Graines de sésame doré Ducros  45g","p":1.96,"u":"43,56 €/KG","img":"https://fd11-photos.leclercdrive.fr/image.ashx?id=2538605&use=l&cat=p&typeid=i","cat":298297},{"id":209215,"n":"Gel purifiant corps Effaclar La Roche-Posay - 400ml","p":13.3,"u":"33,25 €/L","img":"https://fd11-photos.leclercdrive.fr/image.ashx?id=2537511&use=l&cat=p&typeid=i","cat":301591},{"id":209245,"n":"Origan Ducros 12g","p":1.66,"u":"138,33 €/KG","img":"https://fd11-photos.leclercdrive.fr/image.ashx?id=2559517&use=l&cat=p&typeid=i","cat":298297},{"id":209246,"n":"Oignon de France Ducros 42g","p":1.9,"u":"45,24 €/KG","img":"https://fd11-photos.leclercdrive.fr/image.ashx?id=2538593&use=l&cat=p&typeid=i","cat":298297},{"id":209302,"n":"Thé glacé Lipton Ice Tea Citron/citron vert - 1.25L","p":1.57,"u":"1,26 €/L","img":"https://fd11-photos.leclercdrive.fr/image.ashx?id=2731573&use=l&cat=p&typeid=i","cat":295019},{"id":209354,"n":"Courgettes cuisinées D'Aucy Provencale - 380g","p":2.3,"u":"6,05 €/KG","img":"https://fd11-photos.leclercdrive.fr/image.ashx?id=2570088&use=l&cat=p&typeid=i","cat":312612},{"id":209368,"n":"Thé glacé Lipton Ice Tea Pêche La bouteille de 1.75L","p":1.87,"u":"1,07 €/L","img":"https://fd11-photos.leclercdrive.fr/image.ashx?id=2731594&use=l&cat=p&typeid=i","cat":295019},{"id":209371,"n":"Aneth Ducros 13g","p":1.81,"u":"139,23 €/KG","img":"https://fd11-photos.leclercdrive.fr/image.ashx?id=2538599&use=l&cat=p&typeid=i","cat":298297},{"id":209372,"n":"Gingembre Ducros 29g","p":1.49,"u":"51,38 €/KG","img":"https://fd11-photos.leclercdrive.fr/image.ashx?id=2983216&use=l&cat=p&typeid=i","cat":298297},{"id":209383,"n":"Gel bain douche Rogé Cavaillès L'Original - 1L","p":7.11,"pp":4.98,"u":"4,98 €/L","img":"https://fd11-photos.leclercdrive.fr/image.ashx?id=2538842&use=l&cat=p&typeid=i","cat":301591},{"id":209385,"n":"Recharge Gel bain douche Rogé Cavaillès - L'Original - 1L","p":6.12,"pp":4.28,"u":"4,28 €/L","img":"https://fd11-photos.leclercdrive.fr/image.ashx?id=2539204&use=l&cat=p&typeid=i","cat":301591},{"id":209392,"n":"Gel bain douche Rogé Cavaillès Amande verte - 1L","p":7.11,"pp":4.98,"u":"4,98 €/L","img":"https://fd11-photos.leclercdrive.fr/image.ashx?id=2538833&use=l&cat=p&typeid=i","cat":301591},{"id":209430,"n":"Skyr Danone Citron 0%mg - 2x140g","p":2.36,"u":"8,43 €/KG","img":"https://fd11-photos.leclercdrive.fr/image.ashx?id=2851728&use=l&cat=p&typeid=i","cat":315000},{"id":209510,"n":"Chips nature Lay's Sel - 250g","p":2.19,"u":"8,76 €/KG","img":"https://fd11-photos.leclercdrive.fr/image.ashx?id=2995073&use=l&cat=p&typeid=i","cat":284447},{"id":209514,"n":"Chips Lay's Nature - 135g","p":1.27,"u":"9,41 €/KG","img":"https://fd11-photos.leclercdrive.fr/image.ashx?id=2994482&use=l&cat=p&typeid=i","cat":284447},{"id":209557,"n":"Litière chats Eco+ Minérale agglomérante - 5L","p":1.77,"img":"https://fd11-photos.leclercdrive.fr/image.ashx?id=2545479&use=l&cat=p&typeid=i","cat":284683},{"id":209599,"n":"Capsules café L'Or Espresso Lungo Profondo N°8 x50","p":15.67,"u":"60,27 €/KG","img":"https://fd11-photos.leclercdrive.fr/image.ashx?id=2540898&use=l&cat=p&typeid=i","cat":284749},{"id":209600,"n":"Capsules café L'Or Espresso Splendente N°7 x50","p":13.4,"u":"51,54 €/KG","img":"https://fd11-photos.leclercdrive.fr/image.ashx?id=3000477&use=l&cat=p&typeid=i","cat":284749},{"id":209601,"n":"Thé vert Lipton Menthe intense - x20 - 32g","p":1.57,"u":"49,06 €/KG","img":"https://fd11-photos.leclercdrive.fr/image.ashx?id=2540907&use=l&cat=p&typeid=i","cat":293233},{"id":209686,"n":"Thé vert Lipton Myrtille et mure - x20 - 32g","p":2.24,"u":"70,00 €/KG","img":"https://fd11-photos.leclercdrive.fr/image.ashx?id=2542816&use=l&cat=p&typeid=i","cat":293233},{"id":209688,"n":"Thé vert menthe Lipton Asie - x30s - 48g","p":2.52,"u":"52,50 €/KG","img":"https://fd11-photos.leclercdrive.fr/image.ashx?id=2542819&use=l&cat=p&typeid=i","cat":293233},{"id":209722,"n":"Dessert Glacé Viennetta Caramel beurre salé - 320g","p":2.09,"u":"6,53 €/KG","img":"https://fd11-photos.leclercdrive.fr/image.ashx?id=2802836&use=l&cat=p&typeid=i","cat":284266},{"id":209733,"n":"Dessert Glacé Viennetta Vanille -  320g","p":2.21,"u":"6,91 €/KG","img":"https://fd11-photos.leclercdrive.fr/image.ashx?id=3009182&use=l&cat=p&typeid=i","cat":284266},{"id":209739,"n":"Adoucissant concentré Soupline Hypoallergénique 64 lav. 1,35L","p":4.94,"u":"3,66 €/L","img":"https://fd11-photos.leclercdrive.fr/image.ashx?id=2831185&use=l&cat=p&typeid=i","cat":284650},{"id":209804,"n":"Rasoirs jetables Wilkinson Xtreme 3 Ultimate confort - x8","p":9.11,"img":"https://fd11-photos.leclercdrive.fr/image.ashx?id=2846478&use=l&cat=p&typeid=i","cat":284616},{"id":209854,"n":"Thé vert citron Lipton Asie - x30 - 48g","p":2.47,"u":"51,46 €/KG","img":"https://fd11-photos.leclercdrive.fr/image.ashx?id=2544635&use=l&cat=p&typeid=i","cat":293233},{"id":209859,"n":"Déboucheur Liquide Destop  4 doses - 950ml","p":2.94,"u":"3,09 €/L","img":"https://fd11-photos.leclercdrive.fr/image.ashx?id=2832161&use=l&cat=p&typeid=i","cat":284908},{"id":209860,"n":"Déboucheur Gel Destop  Express - 4 doses - 950ml","p":2.85,"u":"3,00 €/L","img":"https://fd11-photos.leclercdrive.fr/image.ashx?id=2832164&use=l&cat=p&typeid=i","cat":284908},{"id":209863,"n":"Gel anti-calcaire Calgon  4 en 1 - 750ml","p":5.0,"u":"6,67 €/L","img":"https://fd11-photos.leclercdrive.fr/image.ashx?id=2963475&use=l&cat=p&typeid=i","cat":284653},{"id":209869,"n":"Infusion Elephant Pomme cannelle - 36g","p":1.77,"u":"49,17 €/KG","img":"https://fd11-photos.leclercdrive.fr/image.ashx?id=2544614&use=l&cat=p&typeid=i","cat":293234},{"id":209875,"n":"Gel WC 100% Détartrant Harpic 5 min Chrono - 750ml","p":1.57,"u":"2,09 €/L","img":"https://fd11-photos.leclercdrive.fr/image.ashx?id=2864687&use=l&cat=p&typeid=i","cat":284662},{"id":209878,"n":"Spray vitres Ajax Triple action - 750ml","p":1.91,"u":"2,55 €/L","img":"https://fd11-photos.leclercdrive.fr/image.ashx?id=2544581&use=l&cat=p&typeid=i","cat":325363},{"id":209891,"n":"Nettoyant lave-vaisselle Finish  Intégral Anti-Odeurs - 250ml","p":3.14,"u":"12,56 €/L","img":"https://fd11-photos.leclercdrive.fr/image.ashx?id=2659735&use=l&cat=p&typeid=i","cat":284657},{"id":209893,"n":"Détachant poudre Vanish  940g","p":9.93,"u":"10,56 €/KG","img":"https://fd11-photos.leclercdrive.fr/image.ashx?id=2680308&use=l&cat=p&typeid=i","cat":284651},{"id":209894,"n":"Adoucissant concentré Soupline  Lavande 60 lavages 1,35 L","p":5.47,"u":"4,05 €/L","img":"https://fd11-photos.leclercdrive.fr/image.ashx?id=2912716&use=l&cat=p&typeid=i","cat":284650},{"id":209996,"n":"Détachant Gel Vanish  750ml","p":5.44,"u":"7,25 €/L","img":"https://fd11-photos.leclercdrive.fr/image.ashx?id=2878108&use=l&cat=p&typeid=i","cat":284651},{"id":210015,"n":"Nettoyant ménager La Croix Spray - Ultra cuisine - 500ml","p":1.82,"u":"3,64 €/L","img":"https://fd11-photos.leclercdrive.fr/image.ashx?id=2545216&use=l&cat=p&typeid=i","cat":325357},{"id":210052,"n":"Pop up Smarties 4x52g","p":3.62,"u":"17,40 €/KG","img":"https://fd11-photos.leclercdrive.fr/image.ashx?id=2557734&use=l&cat=p&typeid=i","cat":285250},{"id":210319,"n":"Bonbon Tic Tac Fresh Réglisse givrée - 41g","p":2.95,"u":"71,95 €/KG","img":"https://fd11-photos.leclercdrive.fr/image.ashx?id=2546800&use=l&cat=p&typeid=i","cat":304256},{"id":210320,"n":"Bonbon Tic Tac Extra Fresh x200 - 98g","p":3.29,"u":"33,57 €/KG","img":"https://fd11-photos.leclercdrive.fr/image.ashx?id=2673899&use=l&cat=p&typeid=i","cat":304256},{"id":210333,"n":"Crème hydratante La Roche-Posay Anthelios UVMune 400 - 50ml","p":11.44,"u":"228,80 €/L","img":"https://fd11-photos.leclercdrive.fr/image.ashx?id=2546512&use=l&cat=p&typeid=i","cat":290395},{"id":210358,"n":"Baume de massage Weleda Pour vergetures - 150ml","p":13.76,"u":"91,73 €/L","img":"https://fd11-photos.leclercdrive.fr/image.ashx?id=2546620&use=l&cat=p&typeid=i","cat":291159},{"id":210359,"n":"Crème de jour Grenade Weleda Raffermissante - 40ml","p":18.54,"u":"463,50 €/L","img":"https://fd11-photos.leclercdrive.fr/image.ashx?id=2546623&use=l&cat=p&typeid=i","cat":291168},{"id":210360,"n":"Brulactiv fort Forté Pharma Perte de poids - Femme 50+ x60","p":34.91,"u":"0,58 €/P","img":"https://fd11-photos.leclercdrive.fr/image.ashx?id=2546207&use=l&cat=p&typeid=i","cat":301267},{"id":210401,"n":"Oreiller ergonomique Tissaia Blanc - 35x50cm","p":12.56,"u":"Dont 0,20 € d'éco-part.","img":"https://fd11-photos.leclercdrive.fr/image.ashx?id=2546932&use=l&cat=p&typeid=i","cat":288835},{"id":210520,"n":"Smarties Fun Cônes x6 -  234g","p":3.69,"u":"15,77 €/KG","img":"https://fd11-photos.leclercdrive.fr/image.ashx?id=2557737&use=l&cat=p&typeid=i","cat":285250},{"id":210611,"n":"Pomelos à jus  Panier du Primeur Sachet 1.5kg","p":3.49,"u":"2,33 €/KG","img":"https://fd11-photos.leclercdrive.fr/image.ashx?id=2994713&use=l&cat=p&typeid=i","cat":284356},{"id":210703,"n":"Terrine Tous mes amis Volaille carottes - 1.2kg","p":1.95,"u":"1,63 €/KG","img":"https://fd11-photos.leclercdrive.fr/image.ashx?id=2815758&use=l&cat=p&typeid=i","cat":288578},{"id":210705,"n":"Dragées chocolatées M&M's Cacahuètes - 250g","p":3.09,"u":"12,36 €/KG","img":"https://fd11-photos.leclercdrive.fr/image.ashx?id=3003393&use=l&cat=p&typeid=i","cat":304238},{"id":210717,"n":"Boulettes de boeuf Eco+ 1.2kg","p":1.53,"img":"https://fd11-photos.leclercdrive.fr/image.ashx?id=2815740&use=l&cat=p&typeid=i","cat":288578},{"id":210718,"n":"Crème relipidante Lipikar La Roche-Posay - AP+M - 400ml","p":20.53,"u":"51,33 €/L","img":"https://fd11-photos.leclercdrive.fr/image.ashx?id=2551213&use=l&cat=p&typeid=i","cat":290421},{"id":210727,"n":"Poivre noir Ducros Bresil - 32g","p":3.21,"u":"100,31 €/KG","img":"https://fd11-photos.leclercdrive.fr/image.ashx?id=2552580&use=l&cat=p&typeid=i","cat":284457},{"id":210728,"n":"Sirop de glucose 250g","p":3.95,"u":"15,80 €/KG","img":"https://fd11-photos.leclercdrive.fr/image.ashx?id=2876308&use=l&cat=p&typeid=i","cat":284504},{"id":210738,"n":"Gélules cheveux Forcapil Fortfiant + Kératine - x180","p":22.49,"u":"0,12 €/P","img":"https://fd11-photos.leclercdrive.fr/image.ashx?id=2939928&use=l&cat=p&typeid=i","cat":301266},{"id":210823,"n":"Pommes noisette Findus 500g","p":2.21,"u":"4,42 €/KG","img":"https://fd11-photos.leclercdrive.fr/image.ashx?id=2865866&use=l&cat=p&typeid=i","cat":319792},{"id":210948,"n":"Margarine Planta Fin Doux 100% végétal - 450g","p":2.47,"u":"5,49 €/KG","img":"https://fd11-photos.leclercdrive.fr/image.ashx?id=2989477&use=l&cat=p&typeid=i","cat":315229},{"id":210964,"n":"Cœurs en sucre Vahiné 20g","p":2.83,"u":"141,50 €/KG","img":"https://fd11-photos.leclercdrive.fr/image.ashx?id=2890875&use=l&cat=p&typeid=i","cat":284504},{"id":211041,"n":"Fromage à tartiner Kiri Délicieusement fouetté - 210g","p":3.28,"u":"15,62 €/KG","img":"https://fd11-photos.leclercdrive.fr/image.ashx?id=2686594&use=l&cat=p&typeid=i","cat":314029},{"id":211044,"n":"Gel Toilette Intime Extra Doux Intima Natural Hamamélis 500ml","p":5.77,"u":"11,54 €/L","img":"https://fd11-photos.leclercdrive.fr/image.ashx?id=2959877&use=l&cat=p&typeid=i","cat":284627},{"id":211054,"n":"Croûtons Tipiak Nature - 75g","p":1.39,"u":"18,53 €/KG","img":"https://fd11-photos.leclercdrive.fr/image.ashx?id=2812726&use=l&cat=p&typeid=i","cat":284464},{"id":211085,"n":"Thé glacé Lipton Ice Tea pêche Le lot de 4x1.25L","p":5.49,"u":"1,10 €/L","img":"https://fd11-photos.leclercdrive.fr/image.ashx?id=2554133&use=l&cat=p&typeid=i","cat":295019},{"id":211086,"n":"Noisettes décortiquées Vahiné  100g","p":4.05,"u":"40,50 €/KG","img":"https://fd11-photos.leclercdrive.fr/image.ashx?id=2554145&use=l&cat=p&typeid=i","cat":284504},{"id":211089,"n":"Pâte à sucre rose Vahiné  250g","p":3.38,"u":"13,52 €/KG","img":"https://fd11-photos.leclercdrive.fr/image.ashx?id=2554154&use=l&cat=p&typeid=i","cat":284504},{"id":211096,"n":"Ciboulette Ducros 11g","p":2.24,"u":"203,64 €/KG","img":"https://fd11-photos.leclercdrive.fr/image.ashx?id=2554115&use=l&cat=p&typeid=i","cat":298297},{"id":211114,"n":"Bigarreaux confits Vahiné Provence - 150g","p":3.23,"u":"21,53 €/KG","img":"https://fd11-photos.leclercdrive.fr/image.ashx?id=2554136&use=l&cat=p&typeid=i","cat":284504},{"id":211117,"n":"Paprika fumé Ducros 40g","p":2.19,"u":"54,75 €/KG","img":"https://fd11-photos.leclercdrive.fr/image.ashx?id=2559484&use=l&cat=p&typeid=i","cat":298297},{"id":211122,"n":"Curry Ducros 100g","p":3.1,"u":"31,00 €/KG","img":"https://fd11-photos.leclercdrive.fr/image.ashx?id=2554118&use=l&cat=p&typeid=i","cat":298297},{"id":211123,"n":"Paprika doux Ducros 100g","p":3.22,"u":"32,20 €/KG","img":"https://fd11-photos.leclercdrive.fr/image.ashx?id=2554121&use=l&cat=p&typeid=i","cat":298297},{"id":211125,"n":"Curry Ducros 47g","p":1.94,"u":"41,28 €/KG","img":"https://fd11-photos.leclercdrive.fr/image.ashx?id=2559496&use=l&cat=p&typeid=i","cat":298297},{"id":211127,"n":"Pignons de pin Vahiné  150g","p":10.38,"u":"69,20 €/KG","img":"https://fd11-photos.leclercdrive.fr/image.ashx?id=2554142&use=l&cat=p&typeid=i","cat":284357},{"id":211178,"n":"Papier cuisson Alfapac Rouleau 12m","p":2.49,"pp":1.49,"img":"https://fd11-photos.leclercdrive.fr/image.ashx?id=2887737&use=l&cat=p&typeid=i","cat":334134},{"id":211223,"n":"Piment d'Espelette Ducros et origan - 25g","p":8.63,"u":"345,20 €/KG","img":"https://fd11-photos.leclercdrive.fr/image.ashx?id=2555340&use=l&cat=p&typeid=i","cat":298297},{"id":211225,"n":"Poivre blanc Ducros Grains 100g","p":4.32,"u":"43,20 €/KG","img":"https://fd11-photos.leclercdrive.fr/image.ashx?id=2555334&use=l&cat=p&typeid=i","cat":284457},{"id":211228,"n":"Pralines concassées Vahiné 100g","p":2.47,"u":"24,70 €/KG","img":"https://fd11-photos.leclercdrive.fr/image.ashx?id=2569434&use=l&cat=p&typeid=i","cat":284504},{"id":211229,"n":"Pépites chocolat corsé Vahiné 100g","p":3.13,"u":"31,30 €/KG","img":"https://fd11-photos.leclercdrive.fr/image.ashx?id=2555403&use=l&cat=p&typeid=i","cat":284504},{"id":211304,"n":"Ruban correcteur Tipp-Ex Easy Refill ecolutions - 14mx5mm x2","p":4.44,"u":"2,22 €/P","img":"https://fd11-photos.leclercdrive.fr/image.ashx?id=2730883&use=l&cat=p&typeid=i","cat":334133},{"id":211306,"n":"Ruban correcteur Tipp-Ex Easy Refill ecolutions - x2","p":2.35,"img":"https://fd11-photos.leclercdrive.fr/image.ashx?id=2813911&use=l&cat=p&typeid=i","cat":334133},{"id":211360,"n":"Lait hydratant Uriage bébé 1er lait hydratant - 500ml","p":12.79,"u":"25,58 €/L","img":"https://fd11-photos.leclercdrive.fr/image.ashx?id=2554919&use=l&cat=p&typeid=i","cat":290425},{"id":211365,"n":"Eau parfumée Roger & Gallet Fleur de figuier - 100ml","p":32.99,"u":"329,90 €/L","img":"https://fd11-photos.leclercdrive.fr/image.ashx?id=2605740&use=l&cat=p&typeid=i","cat":291525},{"id":211366,"n":"Eau parfumée Roger & Gallet Cédrat - 100ml","p":32.99,"u":"329,90 €/L","img":"https://fd11-photos.leclercdrive.fr/image.ashx?id=2605737&use=l&cat=p&typeid=i","cat":291525},{"id":211383,"n":"Gélules cheveux Forcapil Anti-chute - x90 comprimés","p":22.89,"u":"0,25 €/P","img":"https://fd11-photos.leclercdrive.fr/image.ashx?id=2939931&use=l&cat=p&typeid=i","cat":301266},{"id":211385,"n":"Gummies Luxéol Chute de cheveux - x60","p":19.89,"u":"0,33 €/P","img":"https://fd11-photos.leclercdrive.fr/image.ashx?id=2650723&use=l&cat=p&typeid=i","cat":301266},{"id":211391,"n":"Complément alimentaire Oenobiol Autonbronzant - 2x30","p":24.99,"u":"0,42 €/P","img":"https://fd11-photos.leclercdrive.fr/image.ashx?id=2561164&use=l&cat=p&typeid=i","cat":290395},{"id":211394,"n":"Anaca 3 minceur Gélules Jour/Nuit - x60","p":31.95,"u":"0,53 €/P","img":"https://fd11-photos.leclercdrive.fr/image.ashx?id=2650720&use=l&cat=p&typeid=i","cat":301267},{"id":211398,"n":"Amandes  Tokapi 200g","p":2.78,"u":"13,90 €/KG","img":"https://fd11-photos.leclercdrive.fr/image.ashx?id=2793326&use=l&cat=p&typeid=i","cat":284448},{"id":211413,"n":"Céréales Kit Kat 330g","p":2.53,"u":"7,67 €/KG","img":"https://fd11-photos.leclercdrive.fr/image.ashx?id=2989453&use=l&cat=p&typeid=i","cat":309513},{"id":211414,"n":"Céréales Miel Pops Kellogg's 330g","p":2.14,"u":"6,48 €/KG","img":"https://fd11-photos.leclercdrive.fr/image.ashx?id=3003423&use=l&cat=p&typeid=i","cat":309513},{"id":211415,"n":"Poules aux vermicelles Maggi 3x59g","p":1.24,"u":"7,01 €/KG","img":"https://fd11-photos.leclercdrive.fr/image.ashx?id=2556345&use=l&cat=p&typeid=i","cat":284463},{"id":211426,"n":"Pain burger Eco+ Nature x6 - 330g","p":0.88,"u":"2,67 €/KG","img":"https://fd11-photos.leclercdrive.fr/image.ashx?id=2854195&use=l&cat=p&typeid=i","cat":325067},{"id":211427,"n":"Pain burger Epi d'Or Nature x6 - 330g","p":0.93,"u":"2,82 €/KG","img":"https://fd11-photos.leclercdrive.fr/image.ashx?id=2807303&use=l&cat=p&typeid=i","cat":325067},{"id":211431,"n":"Oignon Ducros 9g","p":2.55,"u":"283,33 €/KG","img":"https://fd11-photos.leclercdrive.fr/image.ashx?id=2557332&use=l&cat=p&typeid=i","cat":298297},{"id":211432,"n":"Court bouillon Maggi Legumes et vin blanc 150g","p":1.52,"u":"10,13 €/KG","img":"https://fd11-photos.leclercdrive.fr/image.ashx?id=2557740&use=l&cat=p&typeid=i","cat":288379},{"id":211436,"n":"Weetabix crispy  Minis choco - 500g","p":3.7,"u":"7,40 €/KG","img":"https://fd11-photos.leclercdrive.fr/image.ashx?id=2971311&use=l&cat=p&typeid=i","cat":309512},{"id":211470,"n":"Dentifrice Signal Professionnel Action Sensibilité Complet 75ml","p":2.83,"u":"37,73 €/L","img":"https://fd11-photos.leclercdrive.fr/image.ashx?id=2961326&use=l&cat=p&typeid=i","cat":284612},{"id":211512,"n":"Dentifrice Blancheur Signal White Now Original 75ml","p":2.34,"u":"31,20 €/L","img":"https://fd11-photos.leclercdrive.fr/image.ashx?id=2832590&use=l&cat=p&typeid=i","cat":284612},{"id":211513,"n":"Dentifrice Blancheur Signal White now Gold 75ml","p":2.38,"u":"31,73 €/L","img":"https://fd11-photos.leclercdrive.fr/image.ashx?id=2770187&use=l&cat=p&typeid=i","cat":284612},{"id":211522,"n":"Dentifrice Signal Professionnel Sensibilité Blancheur 75ml","p":2.83,"u":"37,73 €/L","img":"https://fd11-photos.leclercdrive.fr/image.ashx?id=2961332&use=l&cat=p&typeid=i","cat":284612},{"id":211525,"n":"Lessive tablettes Persil Bouquet de Provence - x32","p":6.0,"u":"6,25 €/KG","img":"https://fd11-photos.leclercdrive.fr/image.ashx?id=2557809&use=l&cat=p&typeid=i","cat":284641},{"id":211550,"n":"Sel Regénérant Sun Lave Vaisselle Standard 1Kg","p":1.07,"u":"1,07 €/KG","img":"https://fd11-photos.leclercdrive.fr/image.ashx?id=2729434&use=l&cat=p&typeid=i","cat":284657},{"id":211555,"n":"Sun Capsules Lave-Vaisselle Tout en 1 Absolu Brillance x28","p":7.9,"u":"18,81 €/KG","img":"https://fd11-photos.leclercdrive.fr/image.ashx?id=2961350&use=l&cat=p&typeid=i","cat":284656},{"id":211556,"n":"Sun Capsules Lave-Vaisselle Tout en1 Absolu Dégraissant x28","p":7.9,"u":"18,81 €/KG","img":"https://fd11-photos.leclercdrive.fr/image.ashx?id=2961353&use=l&cat=p&typeid=i","cat":284656},{"id":211563,"n":"Déodorant Spray Dove Anti- Transpirant Invisible Dry 200ml","p":2.99,"u":"14,95 €/L","img":"https://fd11-photos.leclercdrive.fr/image.ashx?id=2877244&use=l&cat=p&typeid=i","cat":284595},{"id":211573,"n":"Déodorant Spray Dove Anti- Transpirant Original 200ml","p":3.02,"u":"15,10 €/L","img":"https://fd11-photos.leclercdrive.fr/image.ashx?id=2878486&use=l&cat=p&typeid=i","cat":284595},{"id":211579,"n":"Déodorant Bille Dove Anti- Transpirant Original 50ml","p":2.61,"u":"52,20 €/L","img":"https://fd11-photos.leclercdrive.fr/image.ashx?id=2877685&use=l&cat=p&typeid=i","cat":284595},{"id":211584,"n":"Déodorant spray homme Axe Aqua bergamot - 150ml","p":4.14,"u":"27,60 €/L","img":"https://fd11-photos.leclercdrive.fr/image.ashx?id=3004453&use=l&cat=p&typeid=i","cat":284618},{"id":211598,"n":"Yaourt protéiné Hipro Stracciatella 0%mg - 2x160g","p":2.2,"u":"6,88 €/KG","img":"https://fd11-photos.leclercdrive.fr/image.ashx?id=2807438&use=l&cat=p&typeid=i","cat":315000},{"id":211631,"n":"Desserts Lactés P'TIT BRASSE   Abricot vanille -6m+ - 4x90g","p":2.07,"u":"5,75 €/KG","img":"https://fd11-photos.leclercdrive.fr/image.ashx?id=2600072&use=l&cat=p&typeid=i","cat":312392},{"id":211632,"n":"Desserts Lactés P'TIT ONCTUEUX Nature 6M+ - 8x90g","p":4.09,"u":"5,68 €/KG","img":"https://fd11-photos.leclercdrive.fr/image.ashx?id=2559161&use=l&cat=p&typeid=i","cat":312392},{"id":211739,"n":"Gyoza Ajinomoto Bœuf légumes x20 - 400g","p":5.51,"u":"13,78 €/KG","img":"https://fd11-photos.leclercdrive.fr/image.ashx?id=2590285&use=l&cat=p&typeid=i","cat":284254},{"id":211741,"n":"Gyoza Ajinomoto Légumes x20 - 400g","p":5.48,"u":"13,70 €/KG","img":"https://fd11-photos.leclercdrive.fr/image.ashx?id=2590282&use=l&cat=p&typeid=i","cat":284254},{"id":211827,"n":"Céréales bébé BABIVANILLE Vanille 10M+ - 400g","p":3.33,"u":"8,33 €/KG","img":"https://fd11-photos.leclercdrive.fr/image.ashx?id=2562651&use=l&cat=p&typeid=i","cat":312225},{"id":211897,"n":"Serozinc La Roche-Posay Soluté de sulfate de zinc 150ml","p":9.99,"u":"66,60 €/L","img":"https://fd11-photos.leclercdrive.fr/image.ashx?id=2562528&use=l&cat=p&typeid=i","cat":291166},{"id":211899,"n":"Complément alimentaire Veinoflux - Jambes - x60","p":14.21,"u":"0,24 €/P","img":"https://fd11-photos.leclercdrive.fr/image.ashx?id=2886169&use=l&cat=p&typeid=i","cat":301268},{"id":211908,"n":"Déodorant roll-on Weleda Citron 24h - 50ml","p":6.7,"u":"134,00 €/L","img":"https://fd11-photos.leclercdrive.fr/image.ashx?id=2654836&use=l&cat=p&typeid=i","cat":301593},{"id":211913,"n":"Filtres jetables Physiodose x20 - + 2 embouts","p":5.99,"img":"https://fd11-photos.leclercdrive.fr/image.ashx?id=2562555&use=l&cat=p&typeid=i","cat":289435},{"id":211914,"n":"Déodorant spray Weleda Citron - 100ml","p":7.25,"u":"72,50 €/L","img":"https://fd11-photos.leclercdrive.fr/image.ashx?id=2562564&use=l&cat=p&typeid=i","cat":301593},{"id":211922,"n":"Mouche bébé Braun Electrique - BNA100","p":28.06,"img":"https://fd11-photos.leclercdrive.fr/image.ashx?id=2562621&use=l&cat=p&typeid=i","cat":290385},{"id":211933,"n":"Mouche bébé Physiodose Avec filtre","p":5.89,"u":"310,00 €/KG","img":"https://fd11-photos.leclercdrive.fr/image.ashx?id=2563670&use=l&cat=p&typeid=i","cat":290385},{"id":211934,"n":"1ère huile lavante bébé Uriage 500ml","p":11.89,"u":"23,78 €/L","img":"https://fd11-photos.leclercdrive.fr/image.ashx?id=2562570&use=l&cat=p&typeid=i","cat":290425},{"id":212107,"n":"Brosse à dents Colgate Extra-clean médium - x4","p":1.81,"u":"0,45 €/P","img":"https://fd11-photos.leclercdrive.fr/image.ashx?id=2564309&use=l&cat=p&typeid=i","cat":284614},{"id":212248,"n":"Crème glacée La Laitière Chocolat avec copeaux - 490g","p":3.24,"pp":2.27,"u":"4,63 €/KG","img":"https://fd11-photos.leclercdrive.fr/image.ashx?id=3000012&use=l&cat=p&typeid=i","cat":284263},{"id":212465,"n":"Protège-slip Confort Vania Coton Bio - x30","p":2.64,"img":"https://fd11-photos.leclercdrive.fr/image.ashx?id=2735215&use=l&cat=p&typeid=i","cat":284625},{"id":212466,"n":"Protège-slip Protection Vania Long voile Bio - x24","p":2.79,"img":"https://fd11-photos.leclercdrive.fr/image.ashx?id=2735218&use=l&cat=p&typeid=i","cat":284625},{"id":212467,"n":"Protège-slip Protection Vania Large Fresh - x36","p":3.0,"img":"https://fd11-photos.leclercdrive.fr/image.ashx?id=2735233&use=l&cat=p&typeid=i","cat":284625},{"id":212468,"n":"Protège-slips Confort Vania Aloe vera - x56","p":2.35,"img":"https://fd11-photos.leclercdrive.fr/image.ashx?id=2735236&use=l&cat=p&typeid=i","cat":284625},{"id":212469,"n":"Protège-slip Protection Vania Long Fresh - x40","p":2.45,"img":"https://fd11-photos.leclercdrive.fr/image.ashx?id=2735239&use=l&cat=p&typeid=i","cat":284625},{"id":212473,"n":"Liquide de Rinçage Finish  Citron - 800ml","p":5.49,"u":"6,86 €/L","img":"https://fd11-photos.leclercdrive.fr/image.ashx?id=2881966&use=l&cat=p&typeid=i","cat":284657},{"id":212486,"n":"Film étirable Elembal 50m","p":1.8,"u":"0,04 €/MT","img":"https://fd11-photos.leclercdrive.fr/image.ashx?id=2566146&use=l&cat=p&typeid=i","cat":285194},{"id":212593,"n":"Litière chats Tous mes Amis Triple action blanche - 5L","p":4.2,"u":"0,84 €/L","img":"https://fd11-photos.leclercdrive.fr/image.ashx?id=2568361&use=l&cat=p&typeid=i","cat":284683},{"id":212595,"n":"Litière chats Tous mes Amis Parfumée grise - 5L","p":3.1,"u":"0,62 €/L","img":"https://fd11-photos.leclercdrive.fr/image.ashx?id=2568358&use=l&cat=p&typeid=i","cat":284683},{"id":212599,"n":"Amandes décortiquées Couleurs Vives - 200g","p":2.78,"u":"13,90 €/KG","img":"https://fd11-photos.leclercdrive.fr/image.ashx?id=2567592&use=l&cat=p&typeid=i","cat":284357},{"id":212600,"n":"Cranberries Couleurs Vives 200g","p":1.99,"u":"9,95 €/KG","img":"https://fd11-photos.leclercdrive.fr/image.ashx?id=2567595&use=l&cat=p&typeid=i","cat":284357},{"id":212602,"n":"Raisins Golden Couleurs Vives 250g","p":1.89,"u":"7,56 €/KG","img":"https://fd11-photos.leclercdrive.fr/image.ashx?id=2567598&use=l&cat=p&typeid=i","cat":284357},{"id":212612,"n":"Poké Le Honolulu 340g","p":9.99,"u":"29,38 €/KG","img":"https://fd11-photos.leclercdrive.fr/image.ashx?id=2571575&use=l&cat=p&typeid=i","cat":286791},{"id":212613,"n":"Collant Well Infini confort Transparent noir - T2","p":5.75,"img":"https://fd11-photos.leclercdrive.fr/image.ashx?id=2586789&use=l&cat=p&typeid=i","cat":334130},{"id":212614,"n":"Market Saumon x13","p":14.99,"img":"https://fd11-photos.leclercdrive.fr/image.ashx?id=2614227&use=l&cat=p&typeid=i","cat":286791},{"id":212615,"n":"Collant Well Infini confort Transparent noir - T1","p":5.75,"img":"https://fd11-photos.leclercdrive.fr/image.ashx?id=2586786&use=l&cat=p&typeid=i","cat":334130},{"id":212616,"n":"Collant Well Infini confort Transparent noir - T3","p":5.75,"img":"https://fd11-photos.leclercdrive.fr/image.ashx?id=2586792&use=l&cat=p&typeid=i","cat":334130},{"id":212617,"n":"Collant Well Infini confort Transparent noir - T4","p":5.75,"img":"https://fd11-photos.leclercdrive.fr/image.ashx?id=2586795&use=l&cat=p&typeid=i","cat":334130},{"id":212620,"n":"Collant Well Infini confort Semi-opaque noir - T1","p":5.95,"img":"https://fd11-photos.leclercdrive.fr/image.ashx?id=2575018&use=l&cat=p&typeid=i","cat":334130},{"id":212621,"n":"Collant Well Infini confort Semi-opaque noir - T2","p":5.95,"img":"https://fd11-photos.leclercdrive.fr/image.ashx?id=2575021&use=l&cat=p&typeid=i","cat":334130},{"id":212622,"n":"Collant Well Infini confort Semi-opaque noir - T3","p":5.95,"img":"https://fd11-photos.leclercdrive.fr/image.ashx?id=2575024&use=l&cat=p&typeid=i","cat":334130},{"id":212623,"n":"Collant Well Infini confort Semi-opaque noir - T4","p":5.95,"img":"https://fd11-photos.leclercdrive.fr/image.ashx?id=2575027&use=l&cat=p&typeid=i","cat":334130},{"id":212624,"n":"Collant Well Morphologie Régular semi-opaque noir /+1m65","p":6.1,"img":"https://fd11-photos.leclercdrive.fr/image.ashx?id=2588519&use=l&cat=p&typeid=i","cat":334130},{"id":212625,"n":"Collant Well Morphologie Régular Semi-opaque noir /-1m65","p":6.1,"img":"https://fd11-photos.leclercdrive.fr/image.ashx?id=2588516&use=l&cat=p&typeid=i","cat":334130},{"id":212626,"n":"Collant Well Morphologie Form Semi-opaque noir / +1m65","p":6.1,"img":"https://fd11-photos.leclercdrive.fr/image.ashx?id=2586099&use=l&cat=p&typeid=i","cat":334130},{"id":212627,"n":"Collant Well Morphologie Form Semi-opaque noir / -1m65","p":6.1,"img":"https://fd11-photos.leclercdrive.fr/image.ashx?id=2586096&use=l&cat=p&typeid=i","cat":334130},{"id":212628,"n":"Collant Well Mon indispensable Opaque noir - T5/6","p":5.78,"img":"https://fd11-photos.leclercdrive.fr/image.ashx?id=2570172&use=l&cat=p&typeid=i","cat":334130},{"id":212629,"n":"Collant Le Bourget Dressing Noir - T1/2","p":7.4,"img":"https://fd11-photos.leclercdrive.fr/image.ashx?id=2575159&use=l&cat=p&typeid=i","cat":334130},{"id":212630,"n":"Collant Le Bourget Dressing Noir - T3/4","p":7.4,"u":"7,40 €/TRC","img":"https://fd11-photos.leclercdrive.fr/image.ashx?id=2575162&use=l&cat=p&typeid=i","cat":334130},{"id":212631,"n":"Collants Le Bourget Modacolors Opaque marine - T1/2","p":5.95,"img":"https://fd11-photos.leclercdrive.fr/image.ashx?id=2586804&use=l&cat=p&typeid=i","cat":334130},{"id":212632,"n":"Collants Le Bourget Modacolors Opaque marine - T3/4","p":5.95,"img":"https://fd11-photos.leclercdrive.fr/image.ashx?id=2586807&use=l&cat=p&typeid=i","cat":334130},{"id":212746,"n":"Lait bébé Calisma Gallia Pocket 2e âge 6-12 mois 504g","p":19.16,"u":"38,02 €/KG","img":"https://fd11-photos.leclercdrive.fr/image.ashx?id=2855067&use=l&cat=p&typeid=i","cat":284727},{"id":212749,"n":"Lait bébé Calisma Gallia Pocket 1er âge 0-6 mois 479g","p":18.52,"u":"38,34 €/KG","img":"https://fd11-photos.leclercdrive.fr/image.ashx?id=2983075&use=l&cat=p&typeid=i","cat":284726},{"id":212750,"n":"Petits pots bébé P'TIT SOUPER Pastasotto 12M+ - 2x200g","p":2.13,"u":"5,33 €/KG","img":"https://fd11-photos.leclercdrive.fr/image.ashx?id=2571863&use=l&cat=p&typeid=i","cat":312239},{"id":212754,"n":"Soupe chinoise Maggi 60g","p":1.12,"u":"18,67 €/KG","img":"https://fd11-photos.leclercdrive.fr/image.ashx?id=2571869&use=l&cat=p&typeid=i","cat":288992},{"id":212762,"n":"Soupe à l'oignons Maggi 61g","p":0.72,"u":"11,80 €/KG","img":"https://fd11-photos.leclercdrive.fr/image.ashx?id=2571872&use=l&cat=p&typeid=i","cat":284463},{"id":212771,"n":"Pepites de chocolats Vahiné  Noisettes - 100g","p":3.29,"u":"32,90 €/KG","img":"https://fd11-photos.leclercdrive.fr/image.ashx?id=2570190&use=l&cat=p&typeid=i","cat":284504},{"id":212773,"n":"Curry Balti Ducros - 39g","p":2.14,"u":"54,87 €/KG","img":"https://fd11-photos.leclercdrive.fr/image.ashx?id=2570169&use=l&cat=p&typeid=i","cat":298297},{"id":212814,"n":"Skyr Siggi's  Céréales Miel & Noix - 2x140g","p":2.2,"u":"7,86 €/KG","img":"https://fd11-photos.leclercdrive.fr/image.ashx?id=2879673&use=l&cat=p&typeid=i","cat":315000},{"id":212817,"n":"Nettoyant vitres Ajax Triple action Recharge - 750ml","p":1.66,"u":"2,21 €/L","img":"https://fd11-photos.leclercdrive.fr/image.ashx?id=2842969&use=l&cat=p&typeid=i","cat":325363},{"id":212826,"n":"Poivre et épices Ducros 200g","p":8.97,"u":"44,85 €/KG","img":"https://fd11-photos.leclercdrive.fr/image.ashx?id=2571194&use=l&cat=p&typeid=i","cat":284457},{"id":212829,"n":"Moulin Ducros 5 baies - 24g","p":3.41,"u":"142,08 €/KG","img":"https://fd11-photos.leclercdrive.fr/image.ashx?id=2571197&use=l&cat=p&typeid=i","cat":298297},{"id":212876,"n":"AOP Champagne Moët & Chandon Brut impérial - 75cl","p":37.97,"u":"50,63 €/L","img":"https://fd11-photos.leclercdrive.fr/image.ashx?id=2578951&use=l&cat=p&typeid=i","cat":284542},{"id":212934,"n":"Lait bébé poudre Guigoz Optipro 3ème âge - dès 12 mois - 830g","p":10.03,"u":"12,08 €/KG","img":"https://fd11-photos.leclercdrive.fr/image.ashx?id=2895059&use=l&cat=p&typeid=i","cat":290219},{"id":213023,"n":"Pâtée et morceaux chiens Eco+ Boeuf - 1.2kg","p":1.67,"u":"1,39 €/KG","img":"https://fd11-photos.leclercdrive.fr/image.ashx?id=2815743&use=l&cat=p&typeid=i","cat":288578},{"id":213025,"n":"Boulettes à la volaille Eco+ 1.2kg","p":1.54,"u":"1,28 €/KG","img":"https://fd11-photos.leclercdrive.fr/image.ashx?id=2815737&use=l&cat=p&typeid=i","cat":288578},{"id":213078,"n":"Chips de sarrasin NRT De Bretagne -100g","p":2.63,"u":"26,30 €/KG","img":"https://fd11-photos.leclercdrive.fr/image.ashx?id=2638024&use=l&cat=p&typeid=i","cat":284447},{"id":213176,"n":"Nouilles à la chinoise Marie Au Poulet - 900g","p":5.54,"u":"6,16 €/KG","img":"https://fd11-photos.leclercdrive.fr/image.ashx?id=2996773&use=l&cat=p&typeid=i","cat":284254},{"id":213190,"n":"Milky fromage enfant à tartiner Les Croisés 12 portions - 216g","p":1.85,"u":"8,56 €/KG","img":"https://fd11-photos.leclercdrive.fr/image.ashx?id=2791914&use=l&cat=p&typeid=i","cat":314030},{"id":213366,"n":"Toast nature Harrys Tranches épaisses - 250g","p":1.75,"u":"7,00 €/KG","img":"https://fd11-photos.leclercdrive.fr/image.ashx?id=2581253&use=l&cat=p&typeid=i","cat":285454},{"id":213451,"n":"Haché moelleux Eco+ x2 - 200g","p":2.39,"u":"11,95 €/KG","img":"https://fd11-photos.leclercdrive.fr/image.ashx?id=2930609&use=l&cat=p&typeid=i","cat":284332},{"id":213454,"n":"Petits pois Eco+ 1kg","p":1.52,"u":"1,52 €/KG","img":"https://fd11-photos.leclercdrive.fr/image.ashx?id=2699874&use=l&cat=p&typeid=i","cat":319805},{"id":213455,"n":"Champignons Eco+ 1kg","p":1.45,"u":"1,45 €/KG","img":"https://fd11-photos.leclercdrive.fr/image.ashx?id=2593339&use=l&cat=p&typeid=i","cat":319805},{"id":213458,"n":"Dés de poulet Eco+ 150g","p":1.69,"u":"11,27 €/KG","img":"https://fd11-photos.leclercdrive.fr/image.ashx?id=2930939&use=l&cat=p&typeid=i","cat":316011},{"id":213464,"n":"Panés Spécial Burger Père Dodu  Chapelure Corn Flakes - x2 - 18","p":2.8,"u":"15,56 €/KG","img":"https://fd11-photos.leclercdrive.fr/image.ashx?id=2957221&use=l&cat=p&typeid=i","cat":333684},{"id":213550,"n":"Litière chats Tous mes Amis Agglomérante charbon actif - 5L","p":3.5,"u":"0,70 €/L","img":"https://fd11-photos.leclercdrive.fr/image.ashx?id=2580258&use=l&cat=p&typeid=i","cat":284683},{"id":213582,"n":"Crème Douche surgras Bio Cadum Karité - 450ml","p":2.5,"u":"5,56 €/L","img":"https://fd11-photos.leclercdrive.fr/image.ashx?id=2580801&use=l&cat=p&typeid=i","cat":284594},{"id":213604,"n":"Crème Douche Hydratation Cadum Huile d'Amandes Douces - 450ml","p":2.45,"u":"5,44 €/L","img":"https://fd11-photos.leclercdrive.fr/image.ashx?id=2582282&use=l&cat=p&typeid=i","cat":284594},{"id":213606,"n":"Gel Douche Sans Savon Bio Cadum Huile d'Amandes Douces - 450ml","p":2.5,"u":"5,56 €/L","img":"https://fd11-photos.leclercdrive.fr/image.ashx?id=2582288&use=l&cat=p&typeid=i","cat":284594},{"id":213614,"n":"Lentilles corail Notre Jardin 500g","p":1.72,"u":"3,44 €/KG","img":"https://fd11-photos.leclercdrive.fr/image.ashx?id=2983835&use=l&cat=p&typeid=i","cat":284430},{"id":213626,"n":"Foie de morue Connétable MSC Nature - 2x121g","p":3.99,"u":"16,49 €/KG","img":"https://fd11-photos.leclercdrive.fr/image.ashx?id=2581259&use=l&cat=p&typeid=i","cat":305147},{"id":213627,"n":"Foie de morue Connétable MSC Goût fumé - 2x121g","p":3.97,"u":"16,40 €/KG","img":"https://fd11-photos.leclercdrive.fr/image.ashx?id=2581262&use=l&cat=p&typeid=i","cat":305147},{"id":213628,"n":"Foie de morue Connétable MSC Au sel de Guérande - 2x121g","p":3.99,"u":"16,49 €/KG","img":"https://fd11-photos.leclercdrive.fr/image.ashx?id=2581268&use=l&cat=p&typeid=i","cat":305147},{"id":213629,"n":"Foie de morue Connétable MSC Au citron - 2x121g","p":3.99,"u":"16,49 €/KG","img":"https://fd11-photos.leclercdrive.fr/image.ashx?id=2581265&use=l&cat=p&typeid=i","cat":305147},{"id":213687,"n":"Shampoing karité Franck Provost Cheveux Secs, très secs - 500ml","p":4.06,"u":"8,12 €/L","img":"https://fd11-photos.leclercdrive.fr/image.ashx?id=2581804&use=l&cat=p&typeid=i","cat":284606},{"id":213692,"n":"Shampooing Franck Provost Cheveux colorés - 500ml","p":4.06,"u":"8,12 €/L","img":"https://fd11-photos.leclercdrive.fr/image.ashx?id=2582321&use=l&cat=p&typeid=i","cat":284606},{"id":213724,"n":"Bouchée pour chien Eco+ Boeuf, pâtes, carottes - 1.2kg","p":1.93,"u":"1,61 €/KG","img":"https://fd11-photos.leclercdrive.fr/image.ashx?id=2815728&use=l&cat=p&typeid=i","cat":288578},{"id":213749,"n":"Bière blonde Pélican 6x33cl","p":7.79,"u":"3,93 €/L","img":"https://fd11-photos.leclercdrive.fr/image.ashx?id=2946922&use=l&cat=p&typeid=i","cat":334872},{"id":213782,"n":"Bloc WC Canard Eau Bleue 5 en 1 - x2","p":1.5,"u":"0,75 €/P","img":"https://fd11-photos.leclercdrive.fr/image.ashx?id=2582378&use=l&cat=p&typeid=i","cat":284662},{"id":213817,"n":"Croquettes chats Perfect Fit Stérilisés, saumon - 1.4kg","p":6.25,"u":"4,46 €/KG","img":"https://fd11-photos.leclercdrive.fr/image.ashx?id=2619163&use=l&cat=p&typeid=i","cat":284680},{"id":213828,"n":"Paic Expert anti-calcaire 500 ml","p":2.28,"u":"4,56 €/L","img":"https://fd11-photos.leclercdrive.fr/image.ashx?id=2583485&use=l&cat=p&typeid=i","cat":284655},{"id":213830,"n":"Adoucissant Soupline concentré  3D Grand air - 1,35L","p":4.94,"u":"3,66 €/L","img":"https://fd11-photos.leclercdrive.fr/image.ashx?id=2924950&use=l&cat=p&typeid=i","cat":284650},{"id":213833,"n":"Colgate Chloro intense  75ml","p":1.17,"u":"15,60 €/L","img":"https://fd11-photos.leclercdrive.fr/image.ashx?id=2964231&use=l&cat=p&typeid=i","cat":284612},{"id":213834,"n":"Brosse à dents Colgate Extra-clean souple - x4","p":1.98,"u":"0,50 €/P","img":"https://fd11-photos.leclercdrive.fr/image.ashx?id=3011950&use=l&cat=p&typeid=i","cat":284614},{"id":213836,"n":"Dentifrice Colgate Ultra Brite  Haleine Fraîche - 75ml","p":1.18,"u":"15,73 €/L","img":"https://fd11-photos.leclercdrive.fr/image.ashx?id=2802845&use=l&cat=p&typeid=i","cat":284612},{"id":213857,"n":"Recharges WC Canard Fresh Disc  Fraîcheur Marine - 2x6 disques","p":4.99,"u":"2,50 €/P","img":"https://fd11-photos.leclercdrive.fr/image.ashx?id=2754824&use=l&cat=p&typeid=i","cat":284662},{"id":213865,"n":"Mélange Pizza Ducros 12g","p":2.16,"u":"180,00 €/KG","img":"https://fd11-photos.leclercdrive.fr/image.ashx?id=2583344&use=l&cat=p&typeid=i","cat":298297},{"id":213868,"n":"Mélange pour salade Ducros 17g","p":4.74,"u":"278,82 €/KG","img":"https://fd11-photos.leclercdrive.fr/image.ashx?id=2583341&use=l&cat=p&typeid=i","cat":298297},{"id":213881,"n":"Soupe pot au feu Maggi  Aux vermicelles - 57g","p":0.59,"u":"10,35 €/KG","img":"https://fd11-photos.leclercdrive.fr/image.ashx?id=2614362&use=l&cat=p&typeid=i","cat":284463},{"id":213930,"n":"Fromage enfant La Vache qui rit Original 24P à tartiner - 384g","p":3.85,"u":"10,03 €/KG","img":"https://fd11-photos.leclercdrive.fr/image.ashx?id=2945451&use=l&cat=p&typeid=i","cat":314030},{"id":213931,"n":"Empanadas de saumon ciboulette Maison Briau - 160g","p":2.99,"u":"18,69 €/KG","img":"https://fd11-photos.leclercdrive.fr/image.ashx?id=2851947&use=l&cat=p&typeid=i","cat":285094},{"id":213953,"n":"Recharges WC Canard fresh disc Citron - 2x6 disques","p":4.99,"u":"2,50 €/P","img":"https://fd11-photos.leclercdrive.fr/image.ashx?id=2754821&use=l&cat=p&typeid=i","cat":284662},{"id":213954,"n":"Protège-slips Vania Pocket Normal - x30","p":2.16,"u":"0,07 €/P","img":"https://fd11-photos.leclercdrive.fr/image.ashx?id=2735245&use=l&cat=p&typeid=i","cat":284625},{"id":213964,"n":"Nettoyant ménager Ajax Maison pure Sureau - 1.25L","p":3.14,"u":"2,51 €/L","img":"https://fd11-photos.leclercdrive.fr/image.ashx?id=2585555&use=l&cat=p&typeid=i","cat":284907},{"id":213965,"n":"Adoucissant Eco+ Fraîcheur - 1.5L - x60","p":1.64,"u":"1,09 €/L","img":"https://fd11-photos.leclercdrive.fr/image.ashx?id=2600833&use=l&cat=p&typeid=i","cat":284650},{"id":213976,"n":"Choucroute Alsacienne garnie Stoeffler - 1.4kg","p":12.44,"u":"8,89 €/KG","img":"https://fd11-photos.leclercdrive.fr/image.ashx?id=2586108&use=l&cat=p&typeid=i","cat":333666},{"id":214087,"n":"Soda Coca-Cola Original Bouteille - 1,75L","p":2.36,"u":"1,35 €/L","img":"https://fd11-photos.leclercdrive.fr/image.ashx?id=2971745&use=l&cat=p&typeid=i","cat":284530},{"id":214102,"n":"Toasts Brioché Nature Tranche épaisse Harrys X2- 500G","p":3.39,"u":"6,78 €/KG","img":"https://fd11-photos.leclercdrive.fr/image.ashx?id=2587575&use=l&cat=p&typeid=i","cat":285454},{"id":214103,"n":"Toasts Aromates spécial saumon Tranches épaisses Harrys 250G","p":1.74,"u":"6,96 €/KG","img":"https://fd11-photos.leclercdrive.fr/image.ashx?id=2587578&use=l&cat=p&typeid=i","cat":285454},{"id":214105,"n":"Toast Brioché spécial foie gras Tranches épaisses Harrys 250G","p":1.75,"u":"7,00 €/KG","img":"https://fd11-photos.leclercdrive.fr/image.ashx?id=2587581&use=l&cat=p&typeid=i","cat":285454},{"id":214328,"n":"Déodorant Spray compressé Dove Anti-Transpirant Original 200ml","p":2.25,"u":"11,25 €/L","img":"https://fd11-photos.leclercdrive.fr/image.ashx?id=2877250&use=l&cat=p&typeid=i","cat":284595},{"id":214456,"n":"Pile rechargeable Foxter Accu - HR22 - 200mAh - x1","p":4.75,"img":"https://fd11-photos.leclercdrive.fr/image.ashx?id=2639296&use=l&cat=p&typeid=i","cat":300572},{"id":214457,"n":"Pile rechargeable Foxter Accus - RTU - HR14 - 3000mAh x2","p":7.99,"u":"4,00 €/P","img":"https://fd11-photos.leclercdrive.fr/image.ashx?id=2639293&use=l&cat=p&typeid=i","cat":300572},{"id":214484,"n":"Capsule lave-vaisselle Sun Absolu Brillance x42 - 630g","p":12.02,"u":"19,08 €/KG","img":"https://fd11-photos.leclercdrive.fr/image.ashx?id=2590863&use=l&cat=p&typeid=i","cat":284656},{"id":214523,"n":"Gel moussant Sebiaclear 400ml","p":8.99,"u":"22,48 €/L","img":"https://fd11-photos.leclercdrive.fr/image.ashx?id=2591288&use=l&cat=p&typeid=i","cat":301587},{"id":214524,"n":"Gommage nourrissant Nuxe Rêve de Miel - Corps - 175ml","p":15.98,"u":"91,31 €/L","img":"https://fd11-photos.leclercdrive.fr/image.ashx?id=2651501&use=l&cat=p&typeid=i","cat":301591},{"id":214527,"n":"Baume lèvre Nuxe Very rose - 15g","p":7.49,"u":"499,33 €/KG","img":"https://fd11-photos.leclercdrive.fr/image.ashx?id=2670740&use=l&cat=p&typeid=i","cat":291172},{"id":214558,"n":"Café en grains Bio Méo Espresso - 1kg","p":19.6,"u":"19,60 €/KG","img":"https://fd11-photos.leclercdrive.fr/image.ashx?id=2593980&use=l&cat=p&typeid=i","cat":293237},{"id":214567,"n":"Bonbon à sucer Ricola Framboise sans sucre - 50g","p":1.83,"u":"36,60 €/KG","img":"https://fd11-photos.leclercdrive.fr/image.ashx?id=2593014&use=l&cat=p&typeid=i","cat":304252},{"id":214723,"n":"Biscuit bébé Kiddylicious  Wafers fraise dès 6 mois 4x2p","p":1.46,"u":"91,25 €/KG","img":"https://fd11-photos.leclercdrive.fr/image.ashx?id=2929152&use=l&cat=p&typeid=i","cat":312394},{"id":214724,"n":"Biscuit bébé Kiddylicious Wafers Banane dès 6 mois (4x2p)","p":1.46,"u":"91,25 €/KG","img":"https://fd11-photos.leclercdrive.fr/image.ashx?id=2929149&use=l&cat=p&typeid=i","cat":312394},{"id":214725,"n":"Biscuits bébé Kiddylicious  Soft Biscotti Pomme 6x2p","p":2.51,"u":"20,92 €/KG","img":"https://fd11-photos.leclercdrive.fr/image.ashx?id=2929146&use=l&cat=p&typeid=i","cat":312394},{"id":214726,"n":"Biscuits bébé Kiddylicious  Saveur Fromage dès 9mois 4x12g","p":2.93,"u":"61,04 €/KG","img":"https://fd11-photos.leclercdrive.fr/image.ashx?id=2929143&use=l&cat=p&typeid=i","cat":312394},{"id":214728,"n":"Biscuits bébé Kiddylicious Saveur légumes dès 9 mois 4x12g","p":2.93,"u":"61,04 €/KG","img":"https://fd11-photos.leclercdrive.fr/image.ashx?id=2929140&use=l&cat=p&typeid=i","cat":312394},{"id":214752,"n":"Lait bébé 2A NIDAL 2  dès 6 mois - 2x600g","p":14.09,"u":"20,13 €/KG","img":"https://fd11-photos.leclercdrive.fr/image.ashx?id=2855786&use=l&cat=p&typeid=i","cat":284727},{"id":214762,"n":"Nouilles Banzai Noodle poulet  cup - 67g","p":1.25,"u":"18,66 €/KG","img":"https://fd11-photos.leclercdrive.fr/image.ashx?id=2730004&use=l&cat=p&typeid=i","cat":288992},{"id":214779,"n":"Lait en poudre bio Modilac Croissance - 800g","p":18.11,"u":"22,64 €/KG","img":"https://fd11-photos.leclercdrive.fr/image.ashx?id=2981175&use=l&cat=p&typeid=i","cat":290219},{"id":214801,"n":"Croquettes petit chien   Pedigree à la volaille - 2kg","p":7.3,"u":"3,65 €/KG","img":"https://fd11-photos.leclercdrive.fr/image.ashx?id=2832323&use=l&cat=p&typeid=i","cat":294526},{"id":214808,"n":"Capsule Nescafé Dolce Gusto Neo  Espresso - x12","p":4.28,"pp":2.82,"u":"42,73 €/KG","img":"https://fd11-photos.leclercdrive.fr/image.ashx?id=2774709&use=l&cat=p&typeid=i","cat":293241},{"id":214809,"n":"Capsule Nescafé Dolce Gusto Neo  Lungo - x12","p":4.21,"pp":2.78,"u":"40,29 €/KG","img":"https://fd11-photos.leclercdrive.fr/image.ashx?id=2775041&use=l&cat=p&typeid=i","cat":293241},{"id":214810,"n":"Capsule Nescafé Dolce Gusto Neo  Grande - x12","p":4.32,"pp":2.85,"u":"33,93 €/KG","img":"https://fd11-photos.leclercdrive.fr/image.ashx?id=2947225&use=l&cat=p&typeid=i","cat":293241},{"id":214811,"n":"Capsule Nescafé Dolce Gusto Neo  Hot Chocolate - x12","p":4.33,"pp":2.86,"u":"13,24 €/KG","img":"https://fd11-photos.leclercdrive.fr/image.ashx?id=2927702&use=l&cat=p&typeid=i","cat":293241},{"id":214812,"n":"Capsule Nescafé Dolce Gusto Neo  Cappuccino - x6 - 122g","p":4.31,"pp":2.84,"u":"23,28 €/KG","img":"https://fd11-photos.leclercdrive.fr/image.ashx?id=2947228&use=l&cat=p&typeid=i","cat":293241},{"id":214813,"n":"Capsule Nescafé Dolce Gusto Neo Starbucks Caramel Macchiato x12","p":4.97,"pp":3.28,"u":"27,33 €/KG","img":"https://fd11-photos.leclercdrive.fr/image.ashx?id=2595824&use=l&cat=p&typeid=i","cat":293241},{"id":214814,"n":"Ail en semoule Ducro 335g","p":8.18,"u":"24,42 €/KG","img":"https://fd11-photos.leclercdrive.fr/image.ashx?id=2595665&use=l&cat=p&typeid=i","cat":298297},{"id":214815,"n":"Lait en poudre bio Modilac 1er âge - 800g","p":21.08,"u":"26,35 €/KG","img":"https://fd11-photos.leclercdrive.fr/image.ashx?id=2981169&use=l&cat=p&typeid=i","cat":284726},{"id":214848,"n":"Champignons blancs de Paris  Eco+ - 200g","p":0.95,"u":"4,75 €/KG","img":"https://fd11-photos.leclercdrive.fr/image.ashx?id=2742685&use=l&cat=p&typeid=i","cat":284352},{"id":214901,"n":"Blanchisseur joints carrelage Rubson - 7ml","p":6.49,"u":"927,14 €/L","img":"https://fd11-photos.leclercdrive.fr/image.ashx?id=2595221&use=l&cat=p&typeid=i","cat":300576},{"id":214902,"n":"Colle Loctite Super glue 3 - 20g","p":10.74,"u":"537,00 €/KG","img":"https://fd11-photos.leclercdrive.fr/image.ashx?id=2595215&use=l&cat=p&typeid=i","cat":300576},{"id":214903,"n":"Colle ni clous ni vis Pattex Extra forte et rapide - 260g","p":7.14,"u":"27,46 €/KG","img":"https://fd11-photos.leclercdrive.fr/image.ashx?id=2664431&use=l&cat=p&typeid=i","cat":300576},{"id":215017,"n":"Croutons ail Tipiak 220g","p":3.29,"u":"14,95 €/KG","img":"https://fd11-photos.leclercdrive.fr/image.ashx?id=2688872&use=l&cat=p&typeid=i","cat":284464},{"id":215125,"n":"Caramel Fudges Vahiné 70g","p":2.74,"u":"39,14 €/KG","img":"https://fd11-photos.leclercdrive.fr/image.ashx?id=2596868&use=l&cat=p&typeid=i","cat":284504},{"id":215126,"n":"Chocolat au lait chunks Vahiné 100g","p":2.55,"u":"25,50 €/KG","img":"https://fd11-photos.leclercdrive.fr/image.ashx?id=2596865&use=l&cat=p&typeid=i","cat":284504},{"id":215228,"n":"Melange garam masala Ducros 40g","p":3.23,"u":"80,75 €/KG","img":"https://fd11-photos.leclercdrive.fr/image.ashx?id=2597384&use=l&cat=p&typeid=i","cat":298297},{"id":215311,"n":"P'tit biscuit Nestlé 180g","p":1.99,"u":"11,06 €/KG","img":"https://fd11-photos.leclercdrive.fr/image.ashx?id=2737225&use=l&cat=p&typeid=i","cat":312227},{"id":215378,"n":"Sérum Visage Post-Acné Nivea Anti-taches Luminous - 30ml","p":21.08,"u":"702,67 €/L","img":"https://fd11-photos.leclercdrive.fr/image.ashx?id=2836124&use=l&cat=p&typeid=i","cat":325345},{"id":215379,"n":"Sérum Visage Anti-âge Nivea Anti-taches Luminous - 30ml","p":17.75,"u":"591,67 €/L","img":"https://fd11-photos.leclercdrive.fr/image.ashx?id=2985492&use=l&cat=p&typeid=i","cat":325345},{"id":215442,"n":"Panettone emballé main Pasticceria del Casato - 750g","p":9.72,"u":"12,96 €/KG","img":"https://fd11-photos.leclercdrive.fr/image.ashx?id=2600021&use=l&cat=p&typeid=i","cat":289010},{"id":215497,"n":"Chocolat liqueur  Abtey Poire williams - x10 - 200g","p":6.47,"u":"32,35 €/KG","img":"https://fd11-photos.leclercdrive.fr/image.ashx?id=2599583&use=l&cat=p&typeid=i","cat":327601},{"id":215502,"n":"Casier chocolat liqueur Abtey Rhum arrangé x12 - 155g","p":7.6,"u":"49,03 €/KG","img":"https://fd11-photos.leclercdrive.fr/image.ashx?id=2599586&use=l&cat=p&typeid=i","cat":327601},{"id":215564,"n":"Boules praliné lait Jacquot Eclat de noisettes 1 Kg","p":14.79,"u":"14,79 €/KG","img":"https://fd11-photos.leclercdrive.fr/image.ashx?id=2599607&use=l&cat=p&typeid=i","cat":327595},{"id":215577,"n":"Assortiment Novi gold prestige  148g","p":5.87,"u":"39,66 €/KG","img":"https://fd11-photos.leclercdrive.fr/image.ashx?id=2654387&use=l&cat=p&typeid=i","cat":327595},{"id":215581,"n":"Bouchées chocolats mon chéri  x30 - 315g","p":8.61,"u":"27,33 €/KG","img":"https://fd11-photos.leclercdrive.fr/image.ashx?id=2952923&use=l&cat=p&typeid=i","cat":327601},{"id":215599,"n":"Chocolat Ferrero collection Boite de 15 pièces - 172g","p":7.61,"u":"44,24 €/KG","img":"https://fd11-photos.leclercdrive.fr/image.ashx?id=2871178&use=l&cat=p&typeid=i","cat":327595},{"id":215600,"n":"Boîte Ferrero collection  42 pièces - 431g","p":16.65,"u":"38,63 €/KG","img":"https://fd11-photos.leclercdrive.fr/image.ashx?id=2899752&use=l&cat=p&typeid=i","cat":327595},{"id":215602,"n":"Schoko-bons white Kinder ballotin 380g","p":8.99,"u":"23,66 €/KG","img":"https://fd11-photos.leclercdrive.fr/image.ashx?id=2917061&use=l&cat=p&typeid=i","cat":327592},{"id":215644,"n":"Coffret cadeau carré or Hamlet Chocolats belges 250g","p":11.95,"pp":8.96,"u":"35,84 €/KG","img":"https://fd11-photos.leclercdrive.fr/image.ashx?id=2882062&use=l&cat=p&typeid=i","cat":327595},{"id":215712,"n":"Boîte sélection Côte d'or 135g","p":6.53,"u":"48,37 €/KG","img":"https://fd11-photos.leclercdrive.fr/image.ashx?id=2599964&use=l&cat=p&typeid=i","cat":327595},{"id":215716,"n":"Père Noël blanc Milka 90g","p":3.68,"u":"40,89 €/KG","img":"https://fd11-photos.leclercdrive.fr/image.ashx?id=2599946&use=l&cat=p&typeid=i","cat":327592},{"id":215718,"n":"Mini Délices Assortiment Milka 320g","p":11.95,"u":"37,34 €/KG","img":"https://fd11-photos.leclercdrive.fr/image.ashx?id=2904467&use=l&cat=p&typeid=i","cat":327597},{"id":215719,"n":"Mini délices oreo & cacao Milka 320g","p":11.95,"u":"37,34 €/KG","img":"https://fd11-photos.leclercdrive.fr/image.ashx?id=2599952&use=l&cat=p&typeid=i","cat":327597},{"id":215720,"n":"Mini délices Milka Cacao - 320g","p":11.95,"u":"37,34 €/KG","img":"https://fd11-photos.leclercdrive.fr/image.ashx?id=2916447&use=l&cat=p&typeid=i","cat":327597},{"id":215721,"n":"Boules Noël chocolat Milka Lait biscuit - 350g","p":9.59,"u":"27,40 €/KG","img":"https://fd11-photos.leclercdrive.fr/image.ashx?id=2916450&use=l&cat=p&typeid=i","cat":327592},{"id":215722,"n":"Boules Noël chocolat Milka Lait blanc - 350g","p":9.59,"u":"27,40 €/KG","img":"https://fd11-photos.leclercdrive.fr/image.ashx?id=2832398&use=l&cat=p&typeid=i","cat":327592},{"id":215737,"n":"Smarties chocolat Mini Figurines - 147g","p":6.18,"u":"42,04 €/KG","img":"https://fd11-photos.leclercdrive.fr/image.ashx?id=3000450&use=l&cat=p&typeid=i","cat":327592},{"id":215738,"n":"KitKat Chocolat Noël Mini Figurines - 147g","p":6.18,"u":"42,04 €/KG","img":"https://fd11-photos.leclercdrive.fr/image.ashx?id=2763978&use=l&cat=p&typeid=i","cat":327592},{"id":215739,"n":"Galak Chocolat Noël Mini Figurines - 147g","p":6.18,"u":"42,04 €/KG","img":"https://fd11-photos.leclercdrive.fr/image.ashx?id=2897375&use=l&cat=p&typeid=i","cat":327592},{"id":215740,"n":"Crunch Chocolat Noël Mini Figurines - 144g","p":6.18,"u":"42,92 €/KG","img":"https://fd11-photos.leclercdrive.fr/image.ashx?id=2763987&use=l&cat=p&typeid=i","cat":327592},{"id":215760,"n":"Petite fleur Rohan 80g","p":2.17,"u":"27,13 €/KG","img":"https://fd11-photos.leclercdrive.fr/image.ashx?id=2620299&use=l&cat=p&typeid=i","cat":327592},{"id":215763,"n":"Père noël canne Rohan 400g","p":7.33,"u":"18,33 €/KG","img":"https://fd11-photos.leclercdrive.fr/image.ashx?id=2620287&use=l&cat=p&typeid=i","cat":327592},{"id":215917,"n":"Liquide de Rinçage Finish  800ml","p":4.99,"u":"6,24 €/L","img":"https://fd11-photos.leclercdrive.fr/image.ashx?id=2864678&use=l&cat=p&typeid=i","cat":284657},{"id":216007,"n":"Petits pots bébé P'TIT SOUPER Quinotto carottes 8M+ - 2x200g","p":2.04,"u":"5,10 €/KG","img":"https://fd11-photos.leclercdrive.fr/image.ashx?id=2737762&use=l&cat=p&typeid=i","cat":312239},{"id":216018,"n":"Desserts Lactés P'TIT BRASSE BIO Vanille  6M+ - 4X90g","p":2.41,"u":"6,69 €/KG","img":"https://fd11-photos.leclercdrive.fr/image.ashx?id=2601208&use=l&cat=p&typeid=i","cat":312392},{"id":216021,"n":"Desserts Lactés P'TIT ONCTUEUX  Mini Fraise 6M+ - 6x50g","p":2.28,"u":"7,60 €/KG","img":"https://fd11-photos.leclercdrive.fr/image.ashx?id=2601881&use=l&cat=p&typeid=i","cat":312392},{"id":216093,"n":"Chips Tortilla Doritos Goût barbecue style - 160g","p":2.0,"u":"12,50 €/KG","img":"https://fd11-photos.leclercdrive.fr/image.ashx?id=2880718&use=l&cat=p&typeid=i","cat":287899},{"id":216094,"n":"Lait bébé en poudre Blédilait croissance 1-3 ans 1,2kg","p":13.86,"u":"11,55 €/KG","img":"https://fd11-photos.leclercdrive.fr/image.ashx?id=2608157&use=l&cat=p&typeid=i","cat":290219},{"id":216095,"n":"Chips Tortilla Doritos Goût nacho cheese - 160g","p":1.53,"u":"9,56 €/KG","img":"https://fd11-photos.leclercdrive.fr/image.ashx?id=2990478&use=l&cat=p&typeid=i","cat":287899},{"id":216096,"n":"Chips Tortilla Doritos Goût Nature Sel - 160g","p":1.82,"u":"11,38 €/KG","img":"https://fd11-photos.leclercdrive.fr/image.ashx?id=2880715&use=l&cat=p&typeid=i","cat":287899},{"id":216097,"n":"Chips Tortilla Doritos Goût paprika - 160g","p":2.07,"u":"12,94 €/KG","img":"https://fd11-photos.leclercdrive.fr/image.ashx?id=2890091&use=l&cat=p&typeid=i","cat":287899},{"id":216098,"n":"Chips Tortilla Doritos Goût sweet chili - 160g","p":1.93,"u":"12,06 €/KG","img":"https://fd11-photos.leclercdrive.fr/image.ashx?id=2990475&use=l&cat=p&typeid=i","cat":287899},{"id":216099,"n":"Chips Tortilla Doritos Goût sour cream - 160g","p":1.98,"u":"12,38 €/KG","img":"https://fd11-photos.leclercdrive.fr/image.ashx?id=2890088&use=l&cat=p&typeid=i","cat":287899},{"id":216128,"n":"Yaourt Fruits Panier de Yoplait Panaché 0%Mg - 16x125g","p":4.3,"u":"2,15 €/KG","img":"https://fd11-photos.leclercdrive.fr/image.ashx?id=2884495&use=l&cat=p&typeid=i","cat":284410},{"id":216185,"n":"Répertoire Esquisse 180pages Jaune Spirale - 5X5 - 11x17cm","p":2.79,"img":"https://fd11-photos.leclercdrive.fr/image.ashx?id=2603154&use=l&cat=p&typeid=i","cat":284697},{"id":216291,"n":"Foie gras de canard Delpeyrat 125g","p":10.99,"u":"87,92 €/KG","img":"https://fd11-photos.leclercdrive.fr/image.ashx?id=2605455&use=l&cat=p&typeid=i","cat":305148},{"id":216295,"n":"Raclette nature Eco+ 400g","p":3.37,"u":"8,43 €/KG","img":"https://fd11-photos.leclercdrive.fr/image.ashx?id=2611852&use=l&cat=p&typeid=i","cat":314037},{"id":216303,"n":"Riz Méditerranée Ben's original  Express 2mn - 220g","p":1.3,"u":"5,20 €/KG","img":"https://fd11-photos.leclercdrive.fr/image.ashx?id=2995301&use=l&cat=p&typeid=i","cat":287600},{"id":216340,"n":"Bol Carotte Polenta Bio village Saumon Bio - 6 mois - 2x200g","p":2.55,"u":"6,38 €/KG","img":"https://fd11-photos.leclercdrive.fr/image.ashx?id=2704882&use=l&cat=p&typeid=i","cat":312235},{"id":216350,"n":"Émincés de porc au curry L'Atelier Boucherie - 300g","p":4.59,"u":"15,30 €/KG","img":"https://fd11-photos.leclercdrive.fr/image.ashx?id=2854279&use=l&cat=p&typeid=i","cat":284331},{"id":216353,"n":"Émincés de porc caramel L'Atelier Boucherie - 300g","p":4.59,"u":"15,30 €/KG","img":"https://fd11-photos.leclercdrive.fr/image.ashx?id=2854297&use=l&cat=p&typeid=i","cat":284331},{"id":216378,"n":"Dessert Lacté P'TIT BRASSE Mini BIO Pomme Poire SSA 4M+ - 6x50g","p":2.66,"u":"8,87 €/KG","img":"https://fd11-photos.leclercdrive.fr/image.ashx?id=2651726&use=l&cat=p&typeid=i","cat":312392},{"id":216381,"n":"Émincés de boeuf Tex-Mex L'Atelier Boucherie - 200g","p":4.79,"u":"23,95 €/KG","img":"https://fd11-photos.leclercdrive.fr/image.ashx?id=2854282&use=l&cat=p&typeid=i","cat":284328},{"id":216382,"n":"Desserts Lactés P'TIT ONCTUEUX Mini Abricot 6M+ - 6x50g","p":2.66,"u":"8,87 €/KG","img":"https://fd11-photos.leclercdrive.fr/image.ashx?id=2606451&use=l&cat=p&typeid=i","cat":312392},{"id":216385,"n":"Desserts Lactés P'TIT ONCTUEUX Poire 6M+ - 6x50g","p":2.35,"u":"15,67 €/KG","img":"https://fd11-photos.leclercdrive.fr/image.ashx?id=2606448&use=l&cat=p&typeid=i","cat":312392},{"id":216395,"n":"Émincés de veau Tomates Herbes L'Atelier Boucherie - 200g","p":4.79,"u":"23,95 €/KG","img":"https://fd11-photos.leclercdrive.fr/image.ashx?id=2854285&use=l&cat=p&typeid=i","cat":284329},{"id":216398,"n":"Pain de mie 100% Mie Brioché Toasts sans croûte 285G","p":2.3,"u":"8,07 €/KG","img":"https://fd11-photos.leclercdrive.fr/image.ashx?id=2606271&use=l&cat=p&typeid=i","cat":284478},{"id":216463,"n":"Lingettes désinfectantes St  Marc Anti-Bactériennes - x80","p":2.3,"u":"0,03 €/P","img":"https://fd11-photos.leclercdrive.fr/image.ashx?id=2811341&use=l&cat=p&typeid=i","cat":325358},{"id":216552,"n":"Chocolats \"Rudolph\" Hamlet 250g","p":6.81,"u":"27,24 €/KG","img":"https://fd11-photos.leclercdrive.fr/image.ashx?id=2978898&use=l&cat=p&typeid=i","cat":327595},{"id":216554,"n":"Praliné ligne excellent Hamlet Rouge - 250g","p":8.84,"u":"35,36 €/KG","img":"https://fd11-photos.leclercdrive.fr/image.ashx?id=2978892&use=l&cat=p&typeid=i","cat":327595},{"id":216563,"n":"Chocolat Révillon Caramel et Nougatine d'Exception - 340g","p":11.13,"u":"32,74 €/KG","img":"https://fd11-photos.leclercdrive.fr/image.ashx?id=2608728&use=l&cat=p&typeid=i","cat":327597},{"id":216597,"n":"Pâte à tartiner Andros be nuts Cacahuète crémeux - 325g","p":3.11,"u":"9,57 €/KG","img":"https://fd11-photos.leclercdrive.fr/image.ashx?id=2916201&use=l&cat=p&typeid=i","cat":284481},{"id":216654,"n":"Brandade de morue 650g","p":7.08,"u":"10,89 €/KG","img":"https://fd11-photos.leclercdrive.fr/image.ashx?id=3003318&use=l&cat=p&typeid=i","cat":285340},{"id":216772,"n":"Desserts Lactés P'TIT ONCTUEUX Pomme 6M+ - 4x90g","p":2.28,"u":"6,33 €/KG","img":"https://fd11-photos.leclercdrive.fr/image.ashx?id=2737765&use=l&cat=p&typeid=i","cat":312392},{"id":216786,"n":"Fromage à raclette RichesMonts Classique - 850g +100g offerts","p":9.59,"u":"11,28 €/KG","img":"https://fd11-photos.leclercdrive.fr/image.ashx?id=2953848&use=l&cat=p&typeid=i","cat":314037},{"id":217003,"n":"Céréales coco pops Kellogg's Au chocolat - 550g","p":3.68,"u":"6,69 €/KG","img":"https://fd11-photos.leclercdrive.fr/image.ashx?id=2611080&use=l&cat=p&typeid=i","cat":309513},{"id":217068,"n":"Panettone Motta Caramel beurre salé - 750g","p":14.78,"u":"19,71 €/KG","img":"https://fd11-photos.leclercdrive.fr/image.ashx?id=2679278&use=l&cat=p&typeid=i","cat":327607},{"id":217256,"n":"Champignons de Paris blancs Panier du Primeur - 400g","p":2.39,"u":"5,98 €/KG","img":"https://fd11-photos.leclercdrive.fr/image.ashx?id=2610765&use=l&cat=p&typeid=i","cat":284352},{"id":217401,"n":"Crème mains La Roche-Posay Cicaplast - 100ml","p":8.9,"u":"89,00 €/L","img":"https://fd11-photos.leclercdrive.fr/image.ashx?id=2613477&use=l&cat=p&typeid=i","cat":290424},{"id":217402,"n":"Baume B5 La Roche-Posay Cicaplast - 15ml","p":4.9,"u":"326,67 €/L","img":"https://fd11-photos.leclercdrive.fr/image.ashx?id=2613480&use=l&cat=p&typeid=i","cat":290421},{"id":217406,"n":"Pansements ampoules Compeed Moyen format - x10","p":10.96,"u":"1,10 €/P","img":"https://fd11-photos.leclercdrive.fr/image.ashx?id=2612706&use=l&cat=p&typeid=i","cat":291163},{"id":217408,"n":"Gel douche Atoderm Bioderma Eco-recharge - 1L","p":7.99,"u":"7,99 €/L","img":"https://fd11-photos.leclercdrive.fr/image.ashx?id=2613591&use=l&cat=p&typeid=i","cat":301591},{"id":217414,"n":"Baume lèvres Avène Eau thermale Réparateur - Cicalfate + - 10ml","p":5.98,"u":"598,00 €/L","img":"https://fd11-photos.leclercdrive.fr/image.ashx?id=2613447&use=l&cat=p&typeid=i","cat":291172},{"id":217417,"n":"Eau micellaire Avène Cleanance - 400ml","p":9.89,"u":"24,73 €/L","img":"https://fd11-photos.leclercdrive.fr/image.ashx?id=2613453&use=l&cat=p&typeid=i","cat":301587},{"id":217421,"n":"Soin Effaclar La Roche-Posay Duo + - 40ml","p":13.0,"u":"325,00 €/L","img":"https://fd11-photos.leclercdrive.fr/image.ashx?id=2613486&use=l&cat=p&typeid=i","cat":291166},{"id":217426,"n":"Pansements Elastoplast Flexibles - 2 formats - x20","p":2.5,"u":"0,13 €/P","img":"https://fd11-photos.leclercdrive.fr/image.ashx?id=2612751&use=l&cat=p&typeid=i","cat":291163},{"id":217434,"n":"Sparadrap Elastoplast Classic - 5mx2,5cm","p":1.97,"img":"https://fd11-photos.leclercdrive.fr/image.ashx?id=2613612&use=l&cat=p&typeid=i","cat":291163},{"id":217454,"n":"Gel vaginal Replens Hydratant - x8 - 2018","p":10.4,"u":"1,30 €/P","img":"https://fd11-photos.leclercdrive.fr/image.ashx?id=2612655&use=l&cat=p&typeid=i","cat":301348},{"id":217457,"n":"Patchs invisibles Compeed Bouton de fièvre - x15","p":8.5,"u":"0,57 €/P","img":"https://fd11-photos.leclercdrive.fr/image.ashx?id=2613582&use=l&cat=p&typeid=i","cat":291172},{"id":217460,"n":"Shampooing Bioderma Nodé P - Apaisant - 400ml","p":8.49,"u":"21,23 €/L","img":"https://fd11-photos.leclercdrive.fr/image.ashx?id=2612742&use=l&cat=p&typeid=i","cat":290400},{"id":217465,"n":"Gelules ArkoLevure 250mg - x30","p":8.19,"u":"0,27 €/P","img":"https://fd11-photos.leclercdrive.fr/image.ashx?id=2613504&use=l&cat=p&typeid=i","cat":301268},{"id":217468,"n":"Complément alimentaire Supraflor - x30","p":13.39,"u":"0,45 €/P","img":"https://fd11-photos.leclercdrive.fr/image.ashx?id=2613510&use=l&cat=p&typeid=i","cat":301268},{"id":217541,"n":"Papillotes Revillon Noir 70% Pralinés d'exception - 340g","p":12.85,"u":"37,79 €/KG","img":"https://fd11-photos.leclercdrive.fr/image.ashx?id=2614014&use=l&cat=p&typeid=i","cat":327597},{"id":217543,"n":"Papillotes Revillon Lait Pralinés d'exception - 340g","p":12.85,"u":"37,79 €/KG","img":"https://fd11-photos.leclercdrive.fr/image.ashx?id=2614011&use=l&cat=p&typeid=i","cat":327597},{"id":217570,"n":"Complément alimentaire Chondrostéo+ - x180 - 2 mois","p":18.49,"u":"120,06 €/KG","img":"https://fd11-photos.leclercdrive.fr/image.ashx?id=2613561&use=l&cat=p&typeid=i","cat":301268},{"id":217575,"n":"Spray Arkorelax Sommeil flash - 20ml","p":7.99,"u":"399,50 €/L","img":"https://fd11-photos.leclercdrive.fr/image.ashx?id=2614170&use=l&cat=p&typeid=i","cat":301265},{"id":217579,"n":"Complément alimentaire Cys- Control - Fort - x10","p":12.89,"u":"1,29 €/P","img":"https://fd11-photos.leclercdrive.fr/image.ashx?id=2886172&use=l&cat=p&typeid=i","cat":301268},{"id":217587,"n":"Complément alimentaire Chrondro -Aid - 100% articulation - x180","p":30.8,"u":"0,17 €/P","img":"https://fd11-photos.leclercdrive.fr/image.ashx?id=2614191&use=l&cat=p&typeid=i","cat":301268},{"id":217610,"n":"Café en grain  Bio Village Bio Pur arabica - 500g","p":8.39,"u":"16,78 €/KG","img":"https://fd11-photos.leclercdrive.fr/image.ashx?id=2615376&use=l&cat=p&typeid=i","cat":293237},{"id":217611,"n":"Chataigne Bio Village Bio - 195g","p":3.71,"u":"19,03 €/KG","img":"https://fd11-photos.leclercdrive.fr/image.ashx?id=2613747&use=l&cat=p&typeid=i","cat":312612},{"id":217613,"n":"Café en grain Plantation Ethiopie - 500g","p":7.99,"u":"15,98 €/KG","img":"https://fd11-photos.leclercdrive.fr/image.ashx?id=2824310&use=l&cat=p&typeid=i","cat":293237},{"id":217615,"n":"Fèves edamame d'aucy  2x130g","p":3.71,"u":"14,27 €/KG","img":"https://fd11-photos.leclercdrive.fr/image.ashx?id=2614927&use=l&cat=p&typeid=i","cat":312606},{"id":217703,"n":"Dés de Gouda au cumin Petit Marché - 120g","p":2.37,"u":"19,75 €/KG","img":"https://fd11-photos.leclercdrive.fr/image.ashx?id=2622531&use=l&cat=p&typeid=i","cat":314027},{"id":217726,"n":"Ravioles de la Drôme NRT Saint-Marcellin - 240g","p":3.39,"u":"14,13 €/KG","img":"https://fd11-photos.leclercdrive.fr/image.ashx?id=2613951&use=l&cat=p&typeid=i","cat":333682},{"id":217900,"n":"Gourdes Fruitées NATURNES Pomme banane  6M+ - 7x90g","p":6.53,"u":"10,37 €/KG","img":"https://fd11-photos.leclercdrive.fr/image.ashx?id=2658102&use=l&cat=p&typeid=i","cat":312393},{"id":217902,"n":"Gourdes fruitées NATURNES Pomme Banane Fraise 6M+ - 7x90g","p":6.76,"u":"10,73 €/KG","img":"https://fd11-photos.leclercdrive.fr/image.ashx?id=2658099&use=l&cat=p&typeid=i","cat":312393},{"id":217904,"n":"Desserts Lactés P'TIT ONCTUEUX Nature sucre canne 6M+ - 6x50g","p":2.5,"u":"8,33 €/KG","img":"https://fd11-photos.leclercdrive.fr/image.ashx?id=2615777&use=l&cat=p&typeid=i","cat":312392},{"id":217905,"n":"Petits pots bébé P'TITE RECETTE BIO Carottes bœuf 12M+ - 2x190g","p":3.22,"u":"8,47 €/KG","img":"https://fd11-photos.leclercdrive.fr/image.ashx?id=2615774&use=l&cat=p&typeid=i","cat":312237},{"id":217935,"n":"Désodorisant diffuseur Airwick  Active Fresh Coton - 75ml","p":3.58,"u":"47,73 €/L","img":"https://fd11-photos.leclercdrive.fr/image.ashx?id=2616186&use=l&cat=p&typeid=i","cat":311629},{"id":217982,"n":"Dentifrice Integral 8 Signal Complet Effet Prébiotique 75ml","p":1.71,"u":"22,80 €/L","img":"https://fd11-photos.leclercdrive.fr/image.ashx?id=2974665&use=l&cat=p&typeid=i","cat":284612},{"id":217989,"n":"Dentifrice Integral 8 Signal HaleineFraîche Prébiotique 75ml","p":2.08,"u":"27,73 €/L","img":"https://fd11-photos.leclercdrive.fr/image.ashx?id=2985660&use=l&cat=p&typeid=i","cat":284612},{"id":217991,"n":"Dentifrice Signal Integral 8 Nettoyage intense - 75ml","p":2.25,"u":"30,00 €/L","img":"https://fd11-photos.leclercdrive.fr/image.ashx?id=2818190&use=l&cat=p&typeid=i","cat":284612},{"id":217993,"n":"Dentifrice Integral 8 Signal Blancheur Prébiotique 75ml","p":1.71,"u":"22,80 €/L","img":"https://fd11-photos.leclercdrive.fr/image.ashx?id=2974668&use=l&cat=p&typeid=i","cat":284612},{"id":218000,"n":"Dentifrice Signal Système Blancheur 1 semaine - 75ml","p":1.79,"u":"23,87 €/L","img":"https://fd11-photos.leclercdrive.fr/image.ashx?id=2777516&use=l&cat=p&typeid=i","cat":284612},{"id":218003,"n":"Brosse à dents Signal Integral  8 - Noir - Souple - x1","p":2.52,"img":"https://fd11-photos.leclercdrive.fr/image.ashx?id=2748707&use=l&cat=p&typeid=i","cat":284614},{"id":218055,"n":"Soupe vietnamienne Maggi 40g","p":1.11,"u":"27,75 €/KG","img":"https://fd11-photos.leclercdrive.fr/image.ashx?id=2838078&use=l&cat=p&typeid=i","cat":288992},{"id":218100,"n":"Lait bébé 1A NIDAL 1  dès la Naissance - 2x600g","p":16.89,"u":"14,08 €/KG","img":"https://fd11-photos.leclercdrive.fr/image.ashx?id=2855783&use=l&cat=p&typeid=i","cat":284726},{"id":218101,"n":"Petits Biscuits Babybio Bio - 160g","p":3.49,"u":"21,81 €/KG","img":"https://fd11-photos.leclercdrive.fr/image.ashx?id=2875384&use=l&cat=p&typeid=i","cat":312394},{"id":218108,"n":"Chocolats liqueurs Abtey Collection chardons - x20  280g","p":9.55,"u":"34,11 €/KG","img":"https://fd11-photos.leclercdrive.fr/image.ashx?id=2616559&use=l&cat=p&typeid=i","cat":327601},{"id":218164,"n":"Oeuf Kinder surprise Géant Pokemon - 220g","p":10.83,"u":"49,23 €/KG","img":"https://fd11-photos.leclercdrive.fr/image.ashx?id=2994563&use=l&cat=p&typeid=i","cat":284958},{"id":218176,"n":"Papillotes Revillon Noir 70% Lait Cafés d'exception - 340g","p":12.85,"u":"37,79 €/KG","img":"https://fd11-photos.leclercdrive.fr/image.ashx?id=2863281&use=l&cat=p&typeid=i","cat":327597},{"id":218177,"n":"Papillotes Revillon Lait ganaches d'exception - 340g","p":12.85,"u":"37,79 €/KG","img":"https://fd11-photos.leclercdrive.fr/image.ashx?id=2616916&use=l&cat=p&typeid=i","cat":327597},{"id":218178,"n":"Nuggets de dinde Côté Croc 1kg","p":5.99,"img":"https://fd11-photos.leclercdrive.fr/image.ashx?id=2837072&use=l&cat=p&typeid=i","cat":333684},{"id":218189,"n":"Pizza croustimoelleuse extrême  Marie Tartiflette - 2+1 offerte","p":6.55,"u":"3,97 €/KG","img":"https://fd11-photos.leclercdrive.fr/image.ashx?id=2996665&use=l&cat=p&typeid=i","cat":284256},{"id":218197,"n":"Foie gras de canard Larnaudie Selection - Entier - 120g","p":11.99,"u":"99,92 €/KG","img":"https://fd11-photos.leclercdrive.fr/image.ashx?id=2620089&use=l&cat=p&typeid=i","cat":305148},{"id":218198,"n":"Foie gras canard Larnaudie Entier - Ma création - 120g","p":11.99,"u":"99,92 €/KG","img":"https://fd11-photos.leclercdrive.fr/image.ashx?id=2617825&use=l&cat=p&typeid=i","cat":305148},{"id":218199,"n":"Foie gras de canard Larnaudie Entier - 70 ans - 120g","p":11.99,"u":"99,92 €/KG","img":"https://fd11-photos.leclercdrive.fr/image.ashx?id=2620092&use=l&cat=p&typeid=i","cat":305148},{"id":218200,"n":"Foie gras canard Larnaudie Français comme jamais - 120g","p":11.99,"u":"99,92 €/KG","img":"https://fd11-photos.leclercdrive.fr/image.ashx?id=2620095&use=l&cat=p&typeid=i","cat":305148},{"id":218204,"n":"Foie gras de canard Larnaudie Entier France emblematique 120g","p":11.99,"u":"99,92 €/KG","img":"https://fd11-photos.leclercdrive.fr/image.ashx?id=2617828&use=l&cat=p&typeid=i","cat":305148},{"id":218211,"n":"Bloc de foie gras de canard IGP Sud Ouest - 190g","p":11.99,"u":"63,11 €/KG","img":"https://fd11-photos.leclercdrive.fr/image.ashx?id=2620032&use=l&cat=p&typeid=i","cat":305148},{"id":218219,"n":"Bloc foie gras canard Larnaudie Sud Ouest Sel de guérande 190g","p":11.99,"u":"63,11 €/KG","img":"https://fd11-photos.leclercdrive.fr/image.ashx?id=2620041&use=l&cat=p&typeid=i","cat":316008},{"id":218226,"n":"Assaisonnement Viandox Knorr 665ml","p":5.86,"u":"8,81 €/L","img":"https://fd11-photos.leclercdrive.fr/image.ashx?id=2729935&use=l&cat=p&typeid=i","cat":288383},{"id":218258,"n":"Bloc foie gras canard Au Porto - 480g - x2","p":24.99,"u":"52,06 €/KG","img":"https://fd11-photos.leclercdrive.fr/image.ashx?id=2620071&use=l&cat=p&typeid=i","cat":316008},{"id":218275,"n":"Bloc foie gras canard Larnaudie A L'Armagnac - 480g","p":24.99,"u":"52,06 €/KG","img":"https://fd11-photos.leclercdrive.fr/image.ashx?id=2620077&use=l&cat=p&typeid=i","cat":316008},{"id":218304,"n":"Cordon bleu de dinde Côté Croc 1kg","p":5.99,"u":"5,99 €/KG","img":"https://fd11-photos.leclercdrive.fr/image.ashx?id=2617319&use=l&cat=p&typeid=i","cat":333683},{"id":218330,"n":"Mini croque-monsieur Côté Table Truffe x12 - 100g","p":4.99,"u":"49,90 €/KG","img":"https://fd11-photos.leclercdrive.fr/image.ashx?id=2617383&use=l&cat=p&typeid=i","cat":319774},{"id":218331,"n":"Saumon fumé Petit Navire Écosse 10 tranches - 290g","p":10.7,"u":"36,90 €/KG","img":"https://fd11-photos.leclercdrive.fr/image.ashx?id=2950495&use=l&cat=p&typeid=i","cat":285188},{"id":218332,"n":"Pizza feu de bois Turini Montagnarde - 450g","p":3.24,"u":"7,20 €/KG","img":"https://fd11-photos.leclercdrive.fr/image.ashx?id=2816621&use=l&cat=p&typeid=i","cat":284256},{"id":218333,"n":"Yakitori poulet Ajinomoto Sauce Teriaki - 200g","p":4.72,"u":"23,60 €/KG","img":"https://fd11-photos.leclercdrive.fr/image.ashx?id=2692596&use=l&cat=p&typeid=i","cat":319774},{"id":218402,"n":"Badiane Ducros 25g","p":2.58,"u":"103,20 €/KG","img":"https://fd11-photos.leclercdrive.fr/image.ashx?id=2618891&use=l&cat=p&typeid=i","cat":298297},{"id":218415,"n":"Foie gras Maison Montfort Sauternes - 160g","p":12.95,"u":"80,94 €/KG","img":"https://fd11-photos.leclercdrive.fr/image.ashx?id=2887629&use=l&cat=p&typeid=i","cat":305148},{"id":218417,"n":"Foie gras Maison Montfort De canard - 160g","p":12.95,"u":"80,94 €/KG","img":"https://fd11-photos.leclercdrive.fr/image.ashx?id=2887632&use=l&cat=p&typeid=i","cat":305148},{"id":218418,"n":"Foie gras Maison Montfort De canard sale & poivre  - 160g","p":12.95,"u":"80,94 €/KG","img":"https://fd11-photos.leclercdrive.fr/image.ashx?id=2887635&use=l&cat=p&typeid=i","cat":305148},{"id":218423,"n":"Burrata di Bufala Les Croisés - 125g","p":2.91,"u":"23,28 €/KG","img":"https://fd11-photos.leclercdrive.fr/image.ashx?id=3009529&use=l&cat=p&typeid=i","cat":314026},{"id":218472,"n":"Compote Fruit Intense Materne Pomme myrtille sauvage - 400g","p":1.93,"u":"4,83 €/KG","img":"https://fd11-photos.leclercdrive.fr/image.ashx?id=3003113&use=l&cat=p&typeid=i","cat":284416},{"id":218490,"n":"Foie gras de canard entier Torchon Jean Larnaudie - 160g","p":20.08,"u":"125,50 €/KG","img":"https://fd11-photos.leclercdrive.fr/image.ashx?id=2916800&use=l&cat=p&typeid=i","cat":316008},{"id":218492,"n":"Brisures de saumon fumé Eco+ 150g","p":3.06,"u":"20,40 €/KG","img":"https://fd11-photos.leclercdrive.fr/image.ashx?id=3005528&use=l&cat=p&typeid=i","cat":285188},{"id":218494,"n":"Panés aux poissons Eco+ 200g","p":1.55,"u":"7,75 €/KG","img":"https://fd11-photos.leclercdrive.fr/image.ashx?id=2618706&use=l&cat=p&typeid=i","cat":284344},{"id":218518,"n":"Oeuf Kinder surprise Géant Frozen - 220g","p":10.83,"u":"49,23 €/KG","img":"https://fd11-photos.leclercdrive.fr/image.ashx?id=2764329&use=l&cat=p&typeid=i","cat":284958},{"id":218584,"n":"Curry madras 45G - DUCROS","p":2.08,"u":"46,22 €/KG","img":"https://fd11-photos.leclercdrive.fr/image.ashx?id=2620131&use=l&cat=p&typeid=i","cat":298297},{"id":218586,"n":"Curry korma 42G- DUCROS","p":2.01,"u":"47,86 €/KG","img":"https://fd11-photos.leclercdrive.fr/image.ashx?id=2620134&use=l&cat=p&typeid=i","cat":298297},{"id":218587,"n":"Curry tandoori 37G - DUCROS","p":2.5,"u":"67,57 €/KG","img":"https://fd11-photos.leclercdrive.fr/image.ashx?id=2620137&use=l&cat=p&typeid=i","cat":298297},{"id":218599,"n":"Lait bébé 2A GUIGOZ OPTIPRO  6-12M - 2x600g","p":18.91,"u":"15,76 €/KG","img":"https://fd11-photos.leclercdrive.fr/image.ashx?id=2737756&use=l&cat=p&typeid=i","cat":284727},{"id":218670,"n":"Mini roulés feuilletés  Côté Table x36 - 432g","p":4.69,"u":"10,86 €/KG","img":"https://fd11-photos.leclercdrive.fr/image.ashx?id=2619856&use=l&cat=p&typeid=i","cat":319774},{"id":218804,"n":"Croquettes chat Perfect Fit Boeuf Stérilisés Adulte 1.4kg","p":6.71,"u":"4,79 €/KG","img":"https://fd11-photos.leclercdrive.fr/image.ashx?id=2622792&use=l&cat=p&typeid=i","cat":284680},{"id":218807,"n":"Croquettes chat Perfect Fit Poulet stérilisés - 1.4kg","p":6.17,"u":"4,41 €/KG","img":"https://fd11-photos.leclercdrive.fr/image.ashx?id=2622795&use=l&cat=p&typeid=i","cat":284680},{"id":218831,"n":"Saumon fumé Delpeyrat Écosse 12 tranches - 330g","p":12.43,"u":"37,67 €/KG","img":"https://fd11-photos.leclercdrive.fr/image.ashx?id=2755348&use=l&cat=p&typeid=i","cat":285188},{"id":218833,"n":"Saumon fumé Delpeyrat Norvège - 12 tranches - 360g","p":12.43,"u":"34,53 €/KG","img":"https://fd11-photos.leclercdrive.fr/image.ashx?id=2755345&use=l&cat=p&typeid=i","cat":285188},{"id":218838,"n":"Rillettes de thon MSC Cap Océan - 140g","p":1.88,"u":"13,43 €/KG","img":"https://fd11-photos.leclercdrive.fr/image.ashx?id=3008845&use=l&cat=p&typeid=i","cat":285191},{"id":218988,"n":"Bonbons Merry Canes Fizzy 154g","p":3.99,"u":"25,91 €/KG","img":"https://fd11-photos.leclercdrive.fr/image.ashx?id=2623777&use=l&cat=p&typeid=i","cat":327592},{"id":219601,"n":"Petits pains grillés Pasquier Blé complet - 225g","p":1.61,"u":"7,16 €/KG","img":"https://fd11-photos.leclercdrive.fr/image.ashx?id=2834452&use=l&cat=p&typeid=i","cat":284479},{"id":219602,"n":"Petits pains grillés Pasquier Froment - 225g","p":1.82,"u":"8,09 €/KG","img":"https://fd11-photos.leclercdrive.fr/image.ashx?id=2834455&use=l&cat=p&typeid=i","cat":284479},{"id":219786,"n":"Pruneaux d'Agen IGP Nos Régions ont du Talent 375g","p":2.99,"u":"7,97 €/KG","img":"https://fd11-photos.leclercdrive.fr/image.ashx?id=2627398&use=l&cat=p&typeid=i","cat":284357},{"id":219921,"n":"Saumon fumé Ronde des Mers Islande 4 tranches - 140g","p":4.99,"u":"35,64 €/KG","img":"https://fd11-photos.leclercdrive.fr/image.ashx?id=2833138&use=l&cat=p&typeid=i","cat":285188},{"id":220213,"n":"Raisin rosé sans pépins Panier du Primeur - 500g","p":3.99,"u":"7,98 €/KG","img":"https://fd11-photos.leclercdrive.fr/image.ashx?id=2858144&use=l&cat=p&typeid=i","cat":284356},{"id":220327,"n":"Bloc foie gras canard Larnaudie Aux Sauternes - 2x150g","p":15.96,"u":"53,20 €/KG","img":"https://fd11-photos.leclercdrive.fr/image.ashx?id=2702741&use=l&cat=p&typeid=i","cat":316008},{"id":220331,"n":"Foie gras de canard entier Jean Larnaudie - 160g","p":17.24,"u":"107,75 €/KG","img":"https://fd11-photos.leclercdrive.fr/image.ashx?id=2633917&use=l&cat=p&typeid=i","cat":305148},{"id":220341,"n":"Foie gras de canard entier Jean Larnaudie - 160g","p":17.24,"u":"107,75 €/KG","img":"https://fd11-photos.leclercdrive.fr/image.ashx?id=2633920&use=l&cat=p&typeid=i","cat":305148},{"id":220342,"n":"Protège-matelas Tissaia Absorbant - 140x190cm","p":18.95,"img":"https://fd11-photos.leclercdrive.fr/image.ashx?id=2635061&use=l&cat=p&typeid=i","cat":286694},{"id":220346,"n":"Protège-matelas Tissaia Blanc - Absorbant - 160x200cm","p":22.95,"img":"https://fd11-photos.leclercdrive.fr/image.ashx?id=2635700&use=l&cat=p&typeid=i","cat":286694},{"id":220348,"n":"Foie gras de canard entier  Jean Larnaudie - 160g","p":17.34,"u":"108,38 €/KG","img":"https://fd11-photos.leclercdrive.fr/image.ashx?id=2633923&use=l&cat=p&typeid=i","cat":305148},{"id":220349,"n":"Protège-matelas Tissaia Blanc - Absorbant - 90x190cm","p":14.95,"img":"https://fd11-photos.leclercdrive.fr/image.ashx?id=2635058&use=l&cat=p&typeid=i","cat":286694},{"id":220382,"n":"Chewing-gum Airwaves  Cool cerise - 70g","p":2.54,"u":"36,29 €/KG","img":"https://fd11-photos.leclercdrive.fr/image.ashx?id=3008987&use=l&cat=p&typeid=i","cat":304251},{"id":220533,"n":"Foie gras canard IGP Sud-Ouest Mi-cuit verrine - 180g","p":14.98,"u":"83,22 €/KG","img":"https://fd11-photos.leclercdrive.fr/image.ashx?id=2634519&use=l&cat=p&typeid=i","cat":316008},{"id":220565,"n":"Foie gras de canard entier   Maison Montfort - 250g","p":26.45,"u":"105,80 €/KG","img":"https://fd11-photos.leclercdrive.fr/image.ashx?id=2731045&use=l&cat=p&typeid=i","cat":316008},{"id":220593,"n":"Saumon fumé ASC Petit Navire Fjords Islandais - 290g","p":10.7,"u":"36,90 €/KG","img":"https://fd11-photos.leclercdrive.fr/image.ashx?id=2950504&use=l&cat=p&typeid=i","cat":285188},{"id":220689,"n":"Dentifrice Integral 8 Signal Interdentaire Prébiotique 75ml","p":2.08,"u":"27,73 €/L","img":"https://fd11-photos.leclercdrive.fr/image.ashx?id=2940654&use=l&cat=p&typeid=i","cat":284612},{"id":220785,"n":"Papier toilette humide Lotus Fresh natural - x42","p":1.89,"u":"0,05 €/P","img":"https://fd11-photos.leclercdrive.fr/image.ashx?id=2636434&use=l&cat=p&typeid=i","cat":284634},{"id":220788,"n":"Recharge crème lavante mains Le Petit Marseillais Lait 250ml","p":0.78,"u":"3,12 €/L","img":"https://fd11-photos.leclercdrive.fr/image.ashx?id=2735242&use=l&cat=p&typeid=i","cat":284597},{"id":221203,"n":"Jus multivitamines Andros 1,5L","p":3.95,"u":"2,63 €/L","img":"https://fd11-photos.leclercdrive.fr/image.ashx?id=2904269&use=l&cat=p&typeid=i","cat":284917},{"id":221208,"n":"Disques à démaquiller x120","p":0.39,"img":"https://fd11-photos.leclercdrive.fr/image.ashx?id=2640119&use=l&cat=p&typeid=i","cat":285593},{"id":221463,"n":"Saumon fumé Delpeyrat Ecosse - 10 tranches - 275g","p":10.82,"u":"39,35 €/KG","img":"https://fd11-photos.leclercdrive.fr/image.ashx?id=2923543&use=l&cat=p&typeid=i","cat":285188},{"id":221507,"n":"Infusion nuit tranquille  Elephant - x20 - 30g","p":1.52,"u":"50,67 €/KG","img":"https://fd11-photos.leclercdrive.fr/image.ashx?id=2655647&use=l&cat=p&typeid=i","cat":293234},{"id":222052,"n":"Fruit de la passion 1p","p":0.99,"img":"https://fd11-photos.leclercdrive.fr/image.ashx?id=1633904&use=l&cat=p&typeid=i","cat":284356},{"id":222055,"n":"Citron  1p","p":0.55,"img":"https://fd11-photos.leclercdrive.fr/image.ashx?id=1628602&use=l&cat=p&typeid=i","cat":284356},{"id":222056,"n":"Citron vert  1p","p":0.35,"img":"https://fd11-photos.leclercdrive.fr/image.ashx?id=1628331&use=l&cat=p&typeid=i","cat":284356},{"id":222059,"n":"Oranges à déguster  1p","p":0.85,"img":"https://fd11-photos.leclercdrive.fr/image.ashx?id=1629690&use=l&cat=p&typeid=i","cat":284356},{"id":222061,"n":"Pomelo rouge 1p","p":0.85,"img":"https://fd11-photos.leclercdrive.fr/image.ashx?id=1636326&use=l&cat=p&typeid=i","cat":284356},{"id":222064,"n":"Grenade 1p","p":1.39,"img":"https://fd11-photos.leclercdrive.fr/image.ashx?id=1633898&use=l&cat=p&typeid=i","cat":284356},{"id":222083,"n":"Shampoing illuminant Ultra Doux Camomille Miel - 600ml","p":4.95,"u":"8,25 €/L","img":"https://fd11-photos.leclercdrive.fr/image.ashx?id=2926602&use=l&cat=p&typeid=i","cat":284606},{"id":222087,"n":"Shampoing Enfants Ultra Doux Abricot - 600ml","p":5.33,"u":"8,88 €/L","img":"https://fd11-photos.leclercdrive.fr/image.ashx?id=2851096&use=l&cat=p&typeid=i","cat":284606},{"id":222088,"n":"Poire Conférence 1p","p":0.65,"img":"https://fd11-photos.leclercdrive.fr/image.ashx?id=1636641&use=l&cat=p&typeid=i","cat":284356},{"id":222089,"n":"Shampoing nutrition Ultra Doux Avocat et Karité - 600ml","p":4.9,"u":"8,17 €/L","img":"https://fd11-photos.leclercdrive.fr/image.ashx?id=2944852&use=l&cat=p&typeid=i","cat":284606},{"id":222090,"n":"Poire Williams   1p","p":0.8,"img":"https://fd11-photos.leclercdrive.fr/image.ashx?id=1636644&use=l&cat=p&typeid=i","cat":284356},{"id":222091,"n":"Pomme Golden  1p","p":0.3,"img":"https://fd11-photos.leclercdrive.fr/image.ashx?id=1630966&use=l&cat=p&typeid=i","cat":284356},{"id":222096,"n":"Pomme Pink Lady  1p","p":0.65,"img":"https://fd11-photos.leclercdrive.fr/image.ashx?id=2121659&use=l&cat=p&typeid=i","cat":284356},{"id":222097,"n":"Pomme Granny Smith  1p","p":0.9,"img":"https://fd11-photos.leclercdrive.fr/image.ashx?id=1630969&use=l&cat=p&typeid=i","cat":284356},{"id":222109,"n":"Avocat  1p","p":1.29,"img":"https://fd11-photos.leclercdrive.fr/image.ashx?id=1633637&use=l&cat=p&typeid=i","cat":284352},{"id":222111,"n":"Radis noir  1p","p":1.5,"img":"https://fd11-photos.leclercdrive.fr/image.ashx?id=578511&use=l&cat=p&typeid=i","cat":284352},{"id":222113,"n":"Fenouil  1p","p":0.95,"img":"https://fd11-photos.leclercdrive.fr/image.ashx?id=612612&use=l&cat=p&typeid=i","cat":284352},{"id":222116,"n":"Carotte  1p","p":0.18,"img":"https://fd11-photos.leclercdrive.fr/image.ashx?id=1631592&use=l&cat=p&typeid=i","cat":284352},{"id":222117,"n":"Poireau  1p","p":0.5,"img":"https://fd11-photos.leclercdrive.fr/image.ashx?id=1632716&use=l&cat=p&typeid=i","cat":284352},{"id":222118,"n":"Chou chinois 1p","p":2.49,"img":"https://fd11-photos.leclercdrive.fr/image.ashx?id=578704&use=l&cat=p&typeid=i","cat":284352},{"id":222123,"n":"Aubergine 1p","p":0.89,"img":"https://fd11-photos.leclercdrive.fr/image.ashx?id=1631421&use=l&cat=p&typeid=i","cat":284352},{"id":222124,"n":"Courgette  1p","p":0.56,"img":"https://fd11-photos.leclercdrive.fr/image.ashx?id=1631964&use=l&cat=p&typeid=i","cat":284352},{"id":222128,"n":"Poivron doux rouge  1p","p":0.85,"img":"https://fd11-photos.leclercdrive.fr/image.ashx?id=1633094&use=l&cat=p&typeid=i","cat":284352},{"id":222131,"n":"Poivron doux vert  1p","p":2.99,"img":"https://fd11-photos.leclercdrive.fr/image.ashx?id=1633202&use=l&cat=p&typeid=i","cat":284352},{"id":222132,"n":"Poivron doux jaune  1p","p":0.85,"img":"https://fd11-photos.leclercdrive.fr/image.ashx?id=1631227&use=l&cat=p&typeid=i","cat":284352},{"id":222145,"n":"Salade Scarole 1p","p":2.49,"img":"https://fd11-photos.leclercdrive.fr/image.ashx?id=1632542&use=l&cat=p&typeid=i","cat":284352},{"id":222146,"n":"Ail blanc  1p","p":1.2,"img":"https://fd11-photos.leclercdrive.fr/image.ashx?id=1631469&use=l&cat=p&typeid=i","cat":284352},{"id":222148,"n":"Echalote longue  La pièce","p":0.65,"img":"https://fd11-photos.leclercdrive.fr/image.ashx?id=1631940&use=l&cat=p&typeid=i","cat":284352},{"id":222150,"n":"Oignon jaune  1p","p":0.95,"img":"https://fd11-photos.leclercdrive.fr/image.ashx?id=764178&use=l&cat=p&typeid=i","cat":284352},{"id":222152,"n":"Oignon rouge  1p","p":0.95,"img":"https://fd11-photos.leclercdrive.fr/image.ashx?id=2910419&use=l&cat=p&typeid=i","cat":284352},{"id":222229,"n":"Pomme Royal Gala  1p","p":0.7,"img":"https://fd11-photos.leclercdrive.fr/image.ashx?id=1630963&use=l&cat=p&typeid=i","cat":284356},{"id":222390,"n":"Décor pour gateaux Vahiné Pirate","p":1.68,"img":"https://fd11-photos.leclercdrive.fr/image.ashx?id=2649683&use=l&cat=p&typeid=i","cat":284504},{"id":222473,"n":"Thé blanc bio Joyce Fraise menthe - 30g","p":2.32,"u":"77,33 €/KG","img":"https://fd11-photos.leclercdrive.fr/image.ashx?id=2924140&use=l&cat=p&typeid=i","cat":293233},{"id":222479,"n":"Pop corn sucre de canne Vico Micro-ondable 240g","p":1.95,"u":"8,13 €/KG","img":"https://fd11-photos.leclercdrive.fr/image.ashx?id=2651585&use=l&cat=p&typeid=i","cat":304249},{"id":222482,"n":"Mélange oiseaux du ciel Eco+ - 4kg","p":3.38,"u":"0,85 €/KG","img":"https://fd11-photos.leclercdrive.fr/image.ashx?id=2651327&use=l&cat=p&typeid=i","cat":284678},{"id":222515,"n":"Chou rouge émincé Notre Jardin 250g","p":0.99,"u":"3,96 €/KG","img":"https://fd11-photos.leclercdrive.fr/image.ashx?id=2651804&use=l&cat=p&typeid=i","cat":284352},{"id":222522,"n":"Complément alimentaire Keraphan Keraphane - 180+60 gélules 107g","p":15.89,"u":"148,50 €/KG","img":"https://fd11-photos.leclercdrive.fr/image.ashx?id=2748557&use=l&cat=p&typeid=i","cat":301266},{"id":222582,"n":"Shampoing Restaurateur Eslève Glycolic Gloss - 200ml","p":5.98,"u":"29,90 €/L","img":"https://fd11-photos.leclercdrive.fr/image.ashx?id=2657157&use=l&cat=p&typeid=i","cat":284606},{"id":222583,"n":"Soin Cheveux Lamination Elsève Glycolic Gloss - 200ml","p":6.81,"u":"34,05 €/L","img":"https://fd11-photos.leclercdrive.fr/image.ashx?id=2656796&use=l&cat=p&typeid=i","cat":284608},{"id":222584,"n":"Pâte à tartiner Nutella 220g","p":2.37,"u":"10,77 €/KG","img":"https://fd11-photos.leclercdrive.fr/image.ashx?id=2755216&use=l&cat=p&typeid=i","cat":284481},{"id":222586,"n":"Démêlant Cheveux Elsève Glycolic Gloss - 150ml","p":5.93,"u":"39,53 €/L","img":"https://fd11-photos.leclercdrive.fr/image.ashx?id=2657160&use=l&cat=p&typeid=i","cat":284607},{"id":222589,"n":"Sérum Soin Sans Rinçage Elsève Glycolic Gloss - 150ml","p":11.37,"u":"75,80 €/L","img":"https://fd11-photos.leclercdrive.fr/image.ashx?id=2656069&use=l&cat=p&typeid=i","cat":284608},{"id":222591,"n":"Soin anti-tâches L'Oréal Paris Bright Reveal SPF50+ - 50ml","p":13.82,"u":"276,40 €/L","img":"https://fd11-photos.leclercdrive.fr/image.ashx?id=2921879&use=l&cat=p&typeid=i","cat":325345},{"id":222594,"n":"Pur jus de raisin Jafaden  90cl","p":2.21,"u":"2,46 €/L","img":"https://fd11-photos.leclercdrive.fr/image.ashx?id=2723183&use=l&cat=p&typeid=i","cat":285435},{"id":222597,"n":"Sérum anti-taches L'Oréal Paris Bright Reveal - 30ml","p":12.41,"u":"413,67 €/L","img":"https://fd11-photos.leclercdrive.fr/image.ashx?id=2865881&use=l&cat=p&typeid=i","cat":325345},{"id":222599,"n":"Sérum correcteur L'Oréal Paris  Age Perfect - 30ml","p":11.97,"pp":7.9,"u":"263,33 €/L","img":"https://fd11-photos.leclercdrive.fr/image.ashx?id=2664491&use=l&cat=p&typeid=i","cat":325345},{"id":222702,"n":"Dentifrice Integral 8 Signal Fraîcheur Intense 75ml","p":2.21,"u":"29,47 €/L","img":"https://fd11-photos.leclercdrive.fr/image.ashx?id=2818196&use=l&cat=p&typeid=i","cat":284612},{"id":222703,"n":"Dentifrice Signal Extra fraîcheur blancheur 75ml","p":2.01,"u":"26,80 €/L","img":"https://fd11-photos.leclercdrive.fr/image.ashx?id=2938328&use=l&cat=p&typeid=i","cat":284612},{"id":222704,"n":"Dentifrice Signal Extra fraîcheur intense - 75ml","p":1.86,"u":"24,80 €/L","img":"https://fd11-photos.leclercdrive.fr/image.ashx?id=2654212&use=l&cat=p&typeid=i","cat":284612},{"id":222740,"n":"Pommes bicolores Eco+ x4","p":0.99,"u":"0,25 €/P","img":"https://fd11-photos.leclercdrive.fr/image.ashx?id=2928210&use=l&cat=p&typeid=i","cat":284356},{"id":222779,"n":"Eau de javel La Croix Traditionnelle - 1.5L","p":1.49,"u":"0,99 €/L","img":"https://fd11-photos.leclercdrive.fr/image.ashx?id=2667556&use=l&cat=p&typeid=i","cat":284661},{"id":222782,"n":"Adoucissant Soupline Lingettes Voile Sèche-linge Grand air-x20","p":2.76,"u":"0,14 €/P","img":"https://fd11-photos.leclercdrive.fr/image.ashx?id=2654435&use=l&cat=p&typeid=i","cat":325302},{"id":222810,"n":"Complément alimentaire Bion 3 Vitalité 50+ - x90","p":31.89,"img":"https://fd11-photos.leclercdrive.fr/image.ashx?id=2662048&use=l&cat=p&typeid=i","cat":301264},{"id":222818,"n":"Berocca Energie x40 comprimés - 80g","p":17.89,"u":"223,63 €/KG","img":"https://fd11-photos.leclercdrive.fr/image.ashx?id=2654429&use=l&cat=p&typeid=i","cat":301264},{"id":222822,"n":"Batavia Notre Jardin 200g","p":1.53,"u":"7,65 €/KG","img":"https://fd11-photos.leclercdrive.fr/image.ashx?id=2657972&use=l&cat=p&typeid=i","cat":284353},{"id":222824,"n":"Carottes râpées Notre Jardin 250g","p":1.49,"u":"5,96 €/KG","img":"https://fd11-photos.leclercdrive.fr/image.ashx?id=2654489&use=l&cat=p&typeid=i","cat":284353},{"id":222825,"n":"Complément alimentaire Granions Collagène marin - x60 - 54g","p":16.58,"u":"307,04 €/KG","img":"https://fd11-photos.leclercdrive.fr/image.ashx?id=2655019&use=l&cat=p&typeid=i","cat":301266},{"id":222826,"n":"Chou blanc carotte Notre Jardin 250g","p":1.51,"u":"6,04 €/KG","img":"https://fd11-photos.leclercdrive.fr/image.ashx?id=2657984&use=l&cat=p&typeid=i","cat":284353},{"id":222827,"n":"Complément alimentaire Granions Complexe anti-âge - x60 - 54g","p":19.9,"u":"368,52 €/KG","img":"https://fd11-photos.leclercdrive.fr/image.ashx?id=2735953&use=l&cat=p&typeid=i","cat":301266},{"id":222830,"n":"Coeur de frisée Notre Jardin 200g","p":1.6,"u":"8,00 €/KG","img":"https://fd11-photos.leclercdrive.fr/image.ashx?id=2657978&use=l&cat=p&typeid=i","cat":284353},{"id":222833,"n":"Complément alimentaire Biocyte Collagen express - x45 - 135g","p":13.69,"u":"101,41 €/KG","img":"https://fd11-photos.leclercdrive.fr/image.ashx?id=2655043&use=l&cat=p&typeid=i","cat":301266},{"id":222835,"n":"Supradyn Itensia Efferverscent - x30 - 150g","p":11.9,"u":"79,33 €/KG","img":"https://fd11-photos.leclercdrive.fr/image.ashx?id=2656042&use=l&cat=p&typeid=i","cat":301264},{"id":222838,"n":"Coeur de Scarole Notre Jardin 200g","p":1.43,"u":"7,15 €/KG","img":"https://fd11-photos.leclercdrive.fr/image.ashx?id=2657981&use=l&cat=p&typeid=i","cat":284353},{"id":222839,"n":"Duo mâche et betterave Notre Jardin - 175g","p":1.32,"u":"7,54 €/KG","img":"https://fd11-photos.leclercdrive.fr/image.ashx?id=2663296&use=l&cat=p&typeid=i","cat":284353},{"id":222840,"n":"Iceberg Eco+  450g","p":1.37,"u":"3,04 €/KG","img":"https://fd11-photos.leclercdrive.fr/image.ashx?id=2724203&use=l&cat=p&typeid=i","cat":284353},{"id":222841,"n":"Mâche Bio Village Bio - 100g","p":1.89,"u":"18,90 €/KG","img":"https://fd11-photos.leclercdrive.fr/image.ashx?id=2663302&use=l&cat=p&typeid=i","cat":284353},{"id":222844,"n":"Gel douche Le Petit Marseillais Fleur de tiaré - 650ml","p":3.23,"u":"4,97 €/L","img":"https://fd11-photos.leclercdrive.fr/image.ashx?id=2656060&use=l&cat=p&typeid=i","cat":284594},{"id":222848,"n":"Mélange de jeunes pousses Notre Jardin - 175g","p":1.76,"u":"10,06 €/KG","img":"https://fd11-photos.leclercdrive.fr/image.ashx?id=2657987&use=l&cat=p&typeid=i","cat":284353},{"id":222849,"n":"Mélange gourmand Notre Jardin 320g","p":1.58,"u":"4,94 €/KG","img":"https://fd11-photos.leclercdrive.fr/image.ashx?id=2657990&use=l&cat=p&typeid=i","cat":284353},{"id":222851,"n":"Mesclun Notre Jardin 125g","p":1.51,"u":"12,08 €/KG","img":"https://fd11-photos.leclercdrive.fr/image.ashx?id=2654522&use=l&cat=p&typeid=i","cat":284353},{"id":222852,"n":"Radis roses Notre Jardin 250g","p":2.29,"u":"9,16 €/KG","img":"https://fd11-photos.leclercdrive.fr/image.ashx?id=2657993&use=l&cat=p&typeid=i","cat":284352},{"id":222899,"n":"Dentifrice Sensodyne Email renforcé - 75ml","p":6.19,"u":"82,53 €/L","img":"https://fd11-photos.leclercdrive.fr/image.ashx?id=2997208&use=l&cat=p&typeid=i","cat":284612},{"id":222914,"n":"Fromage blanc caramel beurre salé Laiterie les Fayes 4x125g","p":3.14,"u":"0,63 €/L","img":"https://fd11-photos.leclercdrive.fr/image.ashx?id=2656814&use=l&cat=p&typeid=i","cat":284409},{"id":222958,"n":"Sérum bio So'Bio Etic Anti-âge global - Argan - 30ml","p":19.5,"u":"650,00 €/L","img":"https://fd11-photos.leclercdrive.fr/image.ashx?id=2977480&use=l&cat=p&typeid=i","cat":325345},{"id":222959,"n":"Soin jour bio So'Bio Etic Anti-tâches - Lys - 50ml","p":17.38,"u":"347,60 €/L","img":"https://fd11-photos.leclercdrive.fr/image.ashx?id=3000207&use=l&cat=p&typeid=i","cat":325345},{"id":222960,"n":"Soin nuit bio So'Bio Etic Peeling - Anti-tâche - Lys 50ml","p":17.67,"u":"353,40 €/L","img":"https://fd11-photos.leclercdrive.fr/image.ashx?id=2997019&use=l&cat=p&typeid=i","cat":325345},{"id":222961,"n":"Soin regard So'Bio Etic Lift Grenade bio - 15ml","p":12.44,"u":"829,33 €/L","img":"https://fd11-photos.leclercdrive.fr/image.ashx?id=2787113&use=l&cat=p&typeid=i","cat":325345},{"id":222964,"n":"Colin d'Alaska MSC Pêche Océan Façon Fish & Chips - 400g","p":2.69,"u":"6,73 €/KG","img":"https://fd11-photos.leclercdrive.fr/image.ashx?id=2856211&use=l&cat=p&typeid=i","cat":319788},{"id":223128,"n":"Amandes grillées Couleurs Vives 125g","p":3.49,"u":"27,92 €/KG","img":"https://fd11-photos.leclercdrive.fr/image.ashx?id=2659268&use=l&cat=p&typeid=i","cat":284357},{"id":223157,"n":"Vinaigre blanc 5L - 10°","p":3.57,"u":"0,71 €/L","img":"https://fd11-photos.leclercdrive.fr/image.ashx?id=2659789&use=l&cat=p&typeid=i","cat":298543},{"id":223159,"n":"Protège Document Exacompta Multicoloris -21x29,7 160 vues","p":7.9,"img":"https://fd11-photos.leclercdrive.fr/image.ashx?id=2661253&use=l&cat=p&typeid=i","cat":284745},{"id":223305,"n":"Rillettes Les Mouettes d'Arvor Maquereau poivre Kampot  125g","p":3.09,"u":"24,72 €/KG","img":"https://fd11-photos.leclercdrive.fr/image.ashx?id=2662373&use=l&cat=p&typeid=i","cat":303868},{"id":223307,"n":"Rillettes Les Mouettes d'Arvor Maquereau piment Chipotle 125g","p":3.01,"u":"24,08 €/KG","img":"https://fd11-photos.leclercdrive.fr/image.ashx?id=2662940&use=l&cat=p&typeid=i","cat":305146},{"id":223394,"n":"Boisson aux fruits Jafun Tropical - 4x20cl","p":1.49,"u":"1,86 €/L","img":"https://fd11-photos.leclercdrive.fr/image.ashx?id=2992576&use=l&cat=p&typeid=i","cat":295018},{"id":223401,"n":"Bâtonnets Manger Main Bio Yooji Fraise banane avoine - 150g","p":4.2,"u":"28,00 €/KG","img":"https://fd11-photos.leclercdrive.fr/image.ashx?id=2662475&use=l&cat=p&typeid=i","cat":290631},{"id":223402,"n":"Bâtonnets Manger Main Bio Yooji Mangue banane avoine - 150g","p":3.65,"u":"24,33 €/KG","img":"https://fd11-photos.leclercdrive.fr/image.ashx?id=2662478&use=l&cat=p&typeid=i","cat":312394},{"id":223444,"n":"Shampoing 2en1 Fructis Force et brillance - 300ml","p":2.77,"u":"9,23 €/L","img":"https://fd11-photos.leclercdrive.fr/image.ashx?id=2669268&use=l&cat=p&typeid=i","cat":284606},{"id":223445,"n":"Shampoing fortifiant Fructis Force et Brillance - 300ml","p":2.77,"u":"9,23 €/L","img":"https://fd11-photos.leclercdrive.fr/image.ashx?id=2669271&use=l&cat=p&typeid=i","cat":284606},{"id":223500,"n":"Mais croquant Notre Jardin 2x285g","p":1.7,"u":"2,98 €/KG","img":"https://fd11-photos.leclercdrive.fr/image.ashx?id=3005694&use=l&cat=p&typeid=i","cat":312611},{"id":223527,"n":"Anti-moustiques Marie Rose Zones tropicales - 100ml","p":6.69,"u":"66,90 €/L","img":"https://fd11-photos.leclercdrive.fr/image.ashx?id=2684455&use=l&cat=p&typeid=i","cat":299654},{"id":223538,"n":"Bloc Energy 5 actions WC Net Javel Agrumes et iris - 38g","p":1.94,"u":"51,05 €/KG","img":"https://fd11-photos.leclercdrive.fr/image.ashx?id=2664452&use=l&cat=p&typeid=i","cat":284662},{"id":223539,"n":"Bloc Energy 5 actions WC Net Fraîcheur givrée et menthe 38g","p":1.75,"u":"46,05 €/KG","img":"https://fd11-photos.leclercdrive.fr/image.ashx?id=2664455&use=l&cat=p&typeid=i","cat":284662},{"id":223540,"n":"Bloc Energy 5 actions WC Net Lavande et patchouli - 38g","p":2.22,"u":"58,42 €/KG","img":"https://fd11-photos.leclercdrive.fr/image.ashx?id=2664458&use=l&cat=p&typeid=i","cat":284662},{"id":223542,"n":"Bloc Energy WC Net Eau bleue / Marine fresh 40g","p":2.06,"u":"51,50 €/KG","img":"https://fd11-photos.leclercdrive.fr/image.ashx?id=2664464&use=l&cat=p&typeid=i","cat":284662},{"id":223574,"n":"Serviettes fuites urinaires Always Discreet - Nuit - x12","p":8.31,"u":"0,69 €/P","img":"https://fd11-photos.leclercdrive.fr/image.ashx?id=2685459&use=l&cat=p&typeid=i","cat":284628},{"id":223579,"n":"Serviettes fuites urinaires Always Discreet - Long+ - x8","p":3.78,"u":"0,47 €/P","img":"https://fd11-photos.leclercdrive.fr/image.ashx?id=3005386&use=l&cat=p&typeid=i","cat":284628},{"id":223581,"n":"Serviettes fuites urinaires Always Discreet - Long+ - x16","p":7.35,"u":"0,46 €/P","img":"https://fd11-photos.leclercdrive.fr/image.ashx?id=2685471&use=l&cat=p&typeid=i","cat":284628},{"id":223583,"n":"Serviettes fuites urinaires Always Discreet - Normal - x12","p":3.53,"u":"0,29 €/P","img":"https://fd11-photos.leclercdrive.fr/image.ashx?id=2665517&use=l&cat=p&typeid=i","cat":284628},{"id":223586,"n":"Serviettes fuites urinaires Always Discreet - Taille S x20","p":4.15,"u":"0,21 €/P","img":"https://fd11-photos.leclercdrive.fr/image.ashx?id=3009221&use=l&cat=p&typeid=i","cat":284628},{"id":223588,"n":"Serviettes fuites urinaires Always Discreet - Nuit - x16","p":9.34,"u":"0,58 €/P","img":"https://fd11-photos.leclercdrive.fr/image.ashx?id=2680479&use=l&cat=p&typeid=i","cat":284628},{"id":223603,"n":"Fil dentaire Dentamyl Cire menthe - 80m","p":2.72,"u":"0,03 €/MT","img":"https://fd11-photos.leclercdrive.fr/image.ashx?id=2672888&use=l&cat=p&typeid=i","cat":285159},{"id":223604,"n":"Shampoing fortifiant Fructis Antipelliculaire - 300ml","p":2.77,"u":"9,23 €/L","img":"https://fd11-photos.leclercdrive.fr/image.ashx?id=2667862&use=l&cat=p&typeid=i","cat":284606},{"id":223613,"n":"Désodorisant Febreze Petit coin Coton - 7.5ml","p":3.2,"u":"400,00 €/L","img":"https://fd11-photos.leclercdrive.fr/image.ashx?id=2955236&use=l&cat=p&typeid=i","cat":311628},{"id":223665,"n":"Biberon verre sensation Dodie Anti-colique - 0-6 mois - 270ml","p":8.99,"img":"https://fd11-photos.leclercdrive.fr/image.ashx?id=2664971&use=l&cat=p&typeid=i","cat":284742},{"id":223666,"n":"Biberon tétine ronde Dodie Anti-colique Bleu jungle 330ml","p":9.09,"img":"https://fd11-photos.leclercdrive.fr/image.ashx?id=2664833&use=l&cat=p&typeid=i","cat":290386},{"id":223669,"n":"Sucettes anatomiques Dodie Duo nuit - +18 mois - x2","p":5.28,"u":"2,64 €/P","img":"https://fd11-photos.leclercdrive.fr/image.ashx?id=2664968&use=l&cat=p&typeid=i","cat":290430},{"id":223670,"n":"Berocca Energie Orange - x45- 290g","p":19.78,"u":"68,21 €/KG","img":"https://fd11-photos.leclercdrive.fr/image.ashx?id=2664830&use=l&cat=p&typeid=i","cat":301264},{"id":223674,"n":"Gel anti-douleur Granions Décontractant musculaire 100ml","p":9.49,"u":"94,90 €/L","img":"https://fd11-photos.leclercdrive.fr/image.ashx?id=2666198&use=l&cat=p&typeid=i","cat":291163},{"id":223688,"n":"tasse Barbie tasse Barbie 34g","p":4.51,"u":"132,65 €/KG","img":"https://fd11-photos.leclercdrive.fr/image.ashx?id=2677537&use=l&cat=p&typeid=i","cat":327789},{"id":223851,"n":"Déodorant Spray Homme 48h Narta Fraîcheur Classique - 200mL","p":2.34,"u":"11,70 €/L","img":"https://fd11-photos.leclercdrive.fr/image.ashx?id=2675511&use=l&cat=p&typeid=i","cat":284618},{"id":223853,"n":"Déodorant Spray Femme Narta Fraîcheur Cologne 48h - 200ml","p":2.33,"u":"11,65 €/L","img":"https://fd11-photos.leclercdrive.fr/image.ashx?id=2678592&use=l&cat=p&typeid=i","cat":284595},{"id":223925,"n":"Riz Long grain Ben's original Vrac 10mn - 1kg","p":2.89,"u":"2,89 €/KG","img":"https://fd11-photos.leclercdrive.fr/image.ashx?id=2990961&use=l&cat=p&typeid=i","cat":284428},{"id":223965,"n":"Ampoule LED Foxter Standard - E27 60W  - Chaud x1","p":4.99,"u":"Dont 0,29 € d'éco-part.","img":"https://fd11-photos.leclercdrive.fr/image.ashx?id=2670491&use=l&cat=p&typeid=i","cat":300573},{"id":223968,"n":"Ampoule LED Foxter Standard - E27 60W - Chaud x1","p":4.99,"u":"Dont 0,29 € d'éco-part.","img":"https://fd11-photos.leclercdrive.fr/image.ashx?id=2670497&use=l&cat=p&typeid=i","cat":300573},{"id":223975,"n":"Ampoule LED Foxter Standard - B22 60W - Chaud - x1","p":4.99,"u":"Dont 0,29 € d'éco-part.","img":"https://fd11-photos.leclercdrive.fr/image.ashx?id=2670482&use=l&cat=p&typeid=i","cat":300573},{"id":223976,"n":"Ampoule LED Foxter Flamme - E14 40W - Chaud  x1","p":4.49,"u":"Dont 0,29 € d'éco-part.","img":"https://fd11-photos.leclercdrive.fr/image.ashx?id=2670485&use=l&cat=p&typeid=i","cat":300573},{"id":224091,"n":"Mascarpone 48%MG Tradizioni d'Italia - 250g","p":3.13,"u":"12,52 €/KG","img":"https://fd11-photos.leclercdrive.fr/image.ashx?id=2667577&use=l&cat=p&typeid=i","cat":314026},{"id":224140,"n":"Bun's jambon ketchup McCain 460g","p":3.48,"u":"7,57 €/KG","img":"https://fd11-photos.leclercdrive.fr/image.ashx?id=2741180&use=l&cat=p&typeid=i","cat":319822},{"id":224141,"n":"Bun's bolognaise McCain 460g","p":3.53,"u":"7,67 €/KG","img":"https://fd11-photos.leclercdrive.fr/image.ashx?id=2750675&use=l&cat=p&typeid=i","cat":319822},{"id":224143,"n":"Bun's Burger McCain 460g","p":3.58,"u":"7,78 €/KG","img":"https://fd11-photos.leclercdrive.fr/image.ashx?id=2741183&use=l&cat=p&typeid=i","cat":319822},{"id":224144,"n":"Bun's jambon 4 fromages McCain 460g","p":4.09,"u":"8,89 €/KG","img":"https://fd11-photos.leclercdrive.fr/image.ashx?id=2668111&use=l&cat=p&typeid=i","cat":319822},{"id":224146,"n":"Bun's Raclette McCain 460g","p":4.09,"u":"8,89 €/KG","img":"https://fd11-photos.leclercdrive.fr/image.ashx?id=2750678&use=l&cat=p&typeid=i","cat":319822},{"id":224263,"n":"Monster Energy zéro sucres 50cl","p":1.56,"u":"3,12 €/L","img":"https://fd11-photos.leclercdrive.fr/image.ashx?id=2669358&use=l&cat=p&typeid=i","cat":284533},{"id":224359,"n":"Crème Visage Homme Nivea Men Anti-taches Power 2en1 - 50ml","p":13.4,"pp":8.84,"u":"176,80 €/L","img":"https://fd11-photos.leclercdrive.fr/image.ashx?id=3014617&use=l&cat=p&typeid=i","cat":284622},{"id":224363,"n":"Piles alcalines Eco+ LR03 - x4","p":0.7,"u":"0,18 €/P","img":"https://fd11-photos.leclercdrive.fr/image.ashx?id=2714829&use=l&cat=p&typeid=i","cat":300572},{"id":224364,"n":"Piles alcalines Eco+ LR6 - x4","p":0.7,"u":"0,18 €/P","img":"https://fd11-photos.leclercdrive.fr/image.ashx?id=2714832&use=l&cat=p&typeid=i","cat":300572},{"id":224423,"n":"Concentré Sodastream Ice Tea - 440ml","p":5.99,"pp":4.99,"u":"11,34 €/L","img":"https://fd11-photos.leclercdrive.fr/image.ashx?id=2670917&use=l&cat=p&typeid=i","cat":295020},{"id":224670,"n":"Eau minérale naturelle Hépar 6x75cl","p":3.87,"u":"0,86 €/L","img":"https://fd11-photos.leclercdrive.fr/image.ashx?id=2673361&use=l&cat=p&typeid=i","cat":284535},{"id":224706,"n":"Gnocchi star à poêler Lustucru  300g","p":1.78,"u":"5,93 €/KG","img":"https://fd11-photos.leclercdrive.fr/image.ashx?id=2921630&use=l&cat=p&typeid=i","cat":333682},{"id":224783,"n":"Liqueur Rivière du Mat L'Onctueux - 70cl","p":12.9,"u":"18,43 €/L","img":"https://fd11-photos.leclercdrive.fr/image.ashx?id=2693539&use=l&cat=p&typeid=i","cat":286032},{"id":224787,"n":"Liqueur Rivière du Mat Vanille Bourbon 17° - 70cl","p":12.9,"u":"18,43 €/L","img":"https://fd11-photos.leclercdrive.fr/image.ashx?id=2740001&use=l&cat=p&typeid=i","cat":286032},{"id":224805,"n":"Biscuits Kinder Kinderini Nature et cacao - 250g","p":2.85,"u":"11,40 €/KG","img":"https://fd11-photos.leclercdrive.fr/image.ashx?id=2708372&use=l&cat=p&typeid=i","cat":284488},{"id":224808,"n":"Riz Citron Ben's original  Express 2mn - 220g","p":1.28,"u":"5,82 €/KG","img":"https://fd11-photos.leclercdrive.fr/image.ashx?id=2906442&use=l&cat=p&typeid=i","cat":287600},{"id":224810,"n":"Riz Tomate Ben's original  Express 2mn - 220g","p":1.3,"u":"5,91 €/KG","img":"https://fd11-photos.leclercdrive.fr/image.ashx?id=2995295&use=l&cat=p&typeid=i","cat":287600},{"id":224818,"n":"Riz Basmati Ben's original  Express 2mn - 220g","p":1.23,"u":"5,59 €/KG","img":"https://fd11-photos.leclercdrive.fr/image.ashx?id=2995292&use=l&cat=p&typeid=i","cat":287600},{"id":224822,"n":"Muesli energie Bjorg Bio - 375g","p":3.97,"u":"10,59 €/KG","img":"https://fd11-photos.leclercdrive.fr/image.ashx?id=2906259&use=l&cat=p&typeid=i","cat":309512},{"id":224874,"n":"Riz Champignons Ben's original Express 2mn - 220g","p":1.32,"u":"6,00 €/KG","img":"https://fd11-photos.leclercdrive.fr/image.ashx?id=2995307&use=l&cat=p&typeid=i","cat":287600},{"id":224879,"n":"Riz Curry Ben's original Express 2mn - 220g","p":1.38,"u":"6,27 €/KG","img":"https://fd11-photos.leclercdrive.fr/image.ashx?id=2906433&use=l&cat=p&typeid=i","cat":287600},{"id":224882,"n":"Riz Long grain Ben's original  Sachet cuisson 10mn - 1kg","p":2.94,"u":"2,94 €/KG","img":"https://fd11-photos.leclercdrive.fr/image.ashx?id=2957272&use=l&cat=p&typeid=i","cat":284428},{"id":224924,"n":"Tomates cerises gustatives Panier du Primeur - 300g","p":3.99,"u":"13,30 €/KG","img":"https://fd11-photos.leclercdrive.fr/image.ashx?id=2686350&use=l&cat=p&typeid=i","cat":284352},{"id":224930,"n":"Lait d'avoine Bjorg Bio Vanille - 1L","p":2.4,"u":"2,40 €/L","img":"https://fd11-photos.leclercdrive.fr/image.ashx?id=2906253&use=l&cat=p&typeid=i","cat":316067},{"id":224932,"n":"Boisson végétale Bjorg Bio noisettes sans sucres - 1L","p":2.53,"u":"2,53 €/L","img":"https://fd11-photos.leclercdrive.fr/image.ashx?id=2939466&use=l&cat=p&typeid=i","cat":316067},{"id":224933,"n":"Infusions Elephant Coffret découverte x50 - 89g","p":9.5,"pp":6.65,"u":"74,72 €/KG","img":"https://fd11-photos.leclercdrive.fr/image.ashx?id=2834839&use=l&cat=p&typeid=i","cat":293234},{"id":224941,"n":"Champagne Veuve Clicquot Brut - 12,5% - 75cl","p":42.77,"u":"57,03 €/L","img":"https://fd11-photos.leclercdrive.fr/image.ashx?id=2675070&use=l&cat=p&typeid=i","cat":284542},{"id":224976,"n":"Shampooing Kératine Ogx Du brésil Cheveux frisés 385ml","p":6.75,"u":"17,53 €/L","img":"https://fd11-photos.leclercdrive.fr/image.ashx?id=2805075&use=l&cat=p&typeid=i","cat":284606},{"id":224980,"n":"Après-shamppoing Kératine OGX Du Brésil Cheveux frisés 385ml","p":7.15,"u":"18,57 €/L","img":"https://fd11-photos.leclercdrive.fr/image.ashx?id=2805078&use=l&cat=p&typeid=i","cat":284607},{"id":225094,"n":"Cahier spirale Clairefontaine Multicoloris","p":2.6,"img":"https://fd11-photos.leclercdrive.fr/image.ashx?id=2675852&use=l&cat=p&typeid=i","cat":284697},{"id":225217,"n":"Infusion Nuit Calme Yogi Bio x15 - 27g","p":2.37,"u":"87,78 €/KG","img":"https://fd11-photos.leclercdrive.fr/image.ashx?id=2677486&use=l&cat=p&typeid=i","cat":293234},{"id":225218,"n":"Thé Chaï aux Epices Yogi Bio  x15 - 27g","p":2.46,"u":"82,00 €/KG","img":"https://fd11-photos.leclercdrive.fr/image.ashx?id=2677483&use=l&cat=p&typeid=i","cat":293234},{"id":225247,"n":"Pain nature Gerblé   Sans Gluten  - 200g","p":2.22,"u":"11,10 €/KG","img":"https://fd11-photos.leclercdrive.fr/image.ashx?id=2677303&use=l&cat=p&typeid=i","cat":318654},{"id":225248,"n":"Tartine céréales Gerblé  Matin - 125g","p":1.66,"u":"13,28 €/KG","img":"https://fd11-photos.leclercdrive.fr/image.ashx?id=2688866&use=l&cat=p&typeid=i","cat":318651},{"id":225276,"n":"Galette moelleuse tigrée Choco blanc - St Michel - 180g","p":1.89,"u":"10,50 €/KG","img":"https://fd11-photos.leclercdrive.fr/image.ashx?id=2953501&use=l&cat=p&typeid=i","cat":284495},{"id":225309,"n":"Bière blonde Kronenbourg 4,2° - 30x25cl","p":15.33,"u":"2,04 €/L","img":"https://fd11-photos.leclercdrive.fr/image.ashx?id=2992759&use=l&cat=p&typeid=i","cat":334873},{"id":225311,"n":"Boisson Tropico Orange Ananas - 1.25 L","p":1.68,"u":"1,34 €/L","img":"https://fd11-photos.leclercdrive.fr/image.ashx?id=2977702&use=l&cat=p&typeid=i","cat":295018},{"id":225316,"n":"Biscuit petit déj Gerblé Chocolat - 200g","p":2.03,"u":"10,15 €/KG","img":"https://fd11-photos.leclercdrive.fr/image.ashx?id=2679014&use=l&cat=p&typeid=i","cat":318651},{"id":225422,"n":"Pommes de terre C'est Qui Le Patron - 2kg","p":3.07,"u":"1,54 €/KG","img":"https://fd11-photos.leclercdrive.fr/image.ashx?id=2679482&use=l&cat=p&typeid=i","cat":284352},{"id":225463,"n":"Déodorant Bille Homme 48h Narta Fraîcheur Polaire - 50ml","p":2.33,"u":"46,60 €/L","img":"https://fd11-photos.leclercdrive.fr/image.ashx?id=2681865&use=l&cat=p&typeid=i","cat":284618},{"id":225464,"n":"Déodorant Bille bio Femme Narta Sans Alcool - 50ml","p":2.33,"u":"46,60 €/L","img":"https://fd11-photos.leclercdrive.fr/image.ashx?id=2681868&use=l&cat=p&typeid=i","cat":284595},{"id":225465,"n":"Déodorant Bille Femme Narta Anti-Traces 48h - 50ml","p":2.35,"u":"47,00 €/L","img":"https://fd11-photos.leclercdrive.fr/image.ashx?id=2681871&use=l&cat=p&typeid=i","cat":284595},{"id":225466,"n":"Déodorant Bille Femme Narta Anti-Traces Sans alcool - 50ml","p":2.33,"u":"46,60 €/L","img":"https://fd11-photos.leclercdrive.fr/image.ashx?id=2681874&use=l&cat=p&typeid=i","cat":284595},{"id":225468,"n":"Déodorant Bille Homme 48h Narta Anti-Traces Blanches - 50ml","p":2.33,"u":"46,60 €/L","img":"https://fd11-photos.leclercdrive.fr/image.ashx?id=2681886&use=l&cat=p&typeid=i","cat":284618},{"id":225511,"n":"Classeur bristol Exacompta Multicoloris","p":3.64,"img":"https://fd11-photos.leclercdrive.fr/image.ashx?id=2795030&use=l&cat=p&typeid=i","cat":284745},{"id":225515,"n":"Classeur Fiche Bristol Multicoloris","p":1.75,"img":"https://fd11-photos.leclercdrive.fr/image.ashx?id=2680605&use=l&cat=p&typeid=i","cat":284745},{"id":225614,"n":"Désinfectant Sanytol Eucalyptus - Multi-usage 500ml","p":2.13,"u":"4,26 €/L","img":"https://fd11-photos.leclercdrive.fr/image.ashx?id=2894800&use=l&cat=p&typeid=i","cat":325357},{"id":225619,"n":"Désinfectant nettoyant Sanytol Multi-surfaces - Eucalyptus 1L","p":2.01,"u":"2,01 €/L","img":"https://fd11-photos.leclercdrive.fr/image.ashx?id=2866319&use=l&cat=p&typeid=i","cat":284907},{"id":225653,"n":"Mini pots Häagen-Dazs  Delight collection x4 - 324g","p":5.69,"u":"17,56 €/KG","img":"https://fd11-photos.leclercdrive.fr/image.ashx?id=2893489&use=l&cat=p&typeid=i","cat":284725},{"id":225655,"n":"Huile d'olive Terra Delyssa Vierge extra - 75cl","p":7.69,"u":"10,25 €/L","img":"https://fd11-photos.leclercdrive.fr/image.ashx?id=2686153&use=l&cat=p&typeid=i","cat":284453},{"id":225657,"n":"Mon Huile d'Olive Tramier  Subtile 1l","p":11.65,"u":"11,65 €/L","img":"https://fd11-photos.leclercdrive.fr/image.ashx?id=2834047&use=l&cat=p&typeid=i","cat":284453},{"id":225662,"n":"Purée lisse petits pois Yooji Bio - 4 mois - 400g","p":3.81,"u":"9,53 €/KG","img":"https://fd11-photos.leclercdrive.fr/image.ashx?id=2683187&use=l&cat=p&typeid=i","cat":319805},{"id":225663,"n":"Yakitoris au poulet Tables du Monde x8 - 210g","p":4.22,"u":"20,10 €/KG","img":"https://fd11-photos.leclercdrive.fr/image.ashx?id=2682015&use=l&cat=p&typeid=i","cat":319774},{"id":225665,"n":"Gyozas aux légumes Tables du Monde x10 - 212g","p":3.29,"u":"15,52 €/KG","img":"https://fd11-photos.leclercdrive.fr/image.ashx?id=2682018&use=l&cat=p&typeid=i","cat":319774},{"id":225666,"n":"Brochettes boeuf fromage Tables du Monde x6 - 226g","p":5.99,"u":"26,50 €/KG","img":"https://fd11-photos.leclercdrive.fr/image.ashx?id=2682021&use=l&cat=p&typeid=i","cat":319774},{"id":225743,"n":"Coloration Permanente Garnier Color Sensation 1.0 Noir","p":4.12,"img":"https://fd11-photos.leclercdrive.fr/image.ashx?id=2684254&use=l&cat=p&typeid=i","cat":288899},{"id":225744,"n":"Coloration Permanente Garnier 2.10 Noir Bleuté","p":4.3,"img":"https://fd11-photos.leclercdrive.fr/image.ashx?id=2684242&use=l&cat=p&typeid=i","cat":288899},{"id":225745,"n":"Coloration Permanente Garnier Color Sensation 4.0 Châtain","p":3.97,"img":"https://fd11-photos.leclercdrive.fr/image.ashx?id=2684245&use=l&cat=p&typeid=i","cat":288899},{"id":225749,"n":"Masque Lissant Ultra Doux Eau de Riz - 340ml","p":4.96,"u":"14,59 €/L","img":"https://fd11-photos.leclercdrive.fr/image.ashx?id=2684233&use=l&cat=p&typeid=i","cat":284608},{"id":225751,"n":"Shampoing Lissant Ultra Doux Cheveux longs - 250ml","p":2.34,"u":"9,36 €/L","img":"https://fd11-photos.leclercdrive.fr/image.ashx?id=2684236&use=l&cat=p&typeid=i","cat":284606},{"id":225752,"n":"Après-shampooing Garnier Ultra Doux - Eau de riz - 200ml","p":2.7,"u":"13,50 €/L","img":"https://fd11-photos.leclercdrive.fr/image.ashx?id=2684239&use=l&cat=p&typeid=i","cat":284607},{"id":225755,"n":"Crème dépilatoire Veet Men Peaux sensibles - 400ml","p":8.86,"u":"22,15 €/L","img":"https://fd11-photos.leclercdrive.fr/image.ashx?id=2785448&use=l&cat=p&typeid=i","cat":284617},{"id":225784,"n":"Bandes de cire Veet Pure Froide - Aisselles - x16","p":4.75,"u":"0,30 €/P","img":"https://fd11-photos.leclercdrive.fr/image.ashx?id=2970795&use=l&cat=p&typeid=i","cat":325351},{"id":225789,"n":"Bandes de cire Veet Maillot - x16","p":4.99,"u":"0,31 €/P","img":"https://fd11-photos.leclercdrive.fr/image.ashx?id=2865662&use=l&cat=p&typeid=i","cat":325351},{"id":225793,"n":"Liquide vaisselle Paic Acti Froid - Menthe - 500ml","p":2.45,"u":"4,90 €/L","img":"https://fd11-photos.leclercdrive.fr/image.ashx?id=2684335&use=l&cat=p&typeid=i","cat":284655},{"id":225794,"n":"Gle intime Mucogyne Non-hormonal x8 unidoses 40ml","p":13.09,"u":"327,25 €/L","img":"https://fd11-photos.leclercdrive.fr/image.ashx?id=2913295&use=l&cat=p&typeid=i","cat":328622},{"id":225795,"n":"Lubrifiant Saforelle Intime - 30ml","p":8.99,"u":"299,67 €/L","img":"https://fd11-photos.leclercdrive.fr/image.ashx?id=2684164&use=l&cat=p&typeid=i","cat":328622},{"id":225796,"n":"Crème Créaline DS+crème Bioderma - Soin apaisant 40ml","p":10.99,"u":"274,75 €/L","img":"https://fd11-photos.leclercdrive.fr/image.ashx?id=2683775&use=l&cat=p&typeid=i","cat":291171},{"id":225798,"n":"Crème hydraliane SVR Hydratation intense - 50ml","p":10.9,"u":"218,00 €/L","img":"https://fd11-photos.leclercdrive.fr/image.ashx?id=2968355&use=l&cat=p&typeid=i","cat":291171},{"id":225936,"n":"Jus d'orange sans pulpe Montebelo - 1L","p":2.54,"u":"2,54 €/L","img":"https://fd11-photos.leclercdrive.fr/image.ashx?id=2743505&use=l&cat=p&typeid=i","cat":284354},{"id":225951,"n":"Riz tandoori Jardin Bio bio 220g","p":2.64,"u":"12,00 €/KG","img":"https://fd11-photos.leclercdrive.fr/image.ashx?id=2686048&use=l&cat=p&typeid=i","cat":284953},{"id":225952,"n":"Purée Jardin Bio Bio lentilles corail - 250g","p":2.11,"u":"8,44 €/KG","img":"https://fd11-photos.leclercdrive.fr/image.ashx?id=2976824&use=l&cat=p&typeid=i","cat":284953},{"id":225954,"n":"Sauce Jardin Bio Tikka Masala bio - 330g","p":3.53,"u":"10,70 €/KG","img":"https://fd11-photos.leclercdrive.fr/image.ashx?id=2686057&use=l&cat=p&typeid=i","cat":287599},{"id":225969,"n":"Cookie Jardin Bio Bio Pepites de chocolat - 175g","p":2.84,"u":"16,23 €/KG","img":"https://fd11-photos.leclercdrive.fr/image.ashx?id=2963208&use=l&cat=p&typeid=i","cat":325066},{"id":226036,"n":"Parfum de linge Lenor Unstoppable aérien x19 235g","p":6.57,"u":"27,96 €/KG","img":"https://fd11-photos.leclercdrive.fr/image.ashx?id=2863018&use=l&cat=p&typeid=i","cat":325302},{"id":226108,"n":"Chocolat Nesquik 800g","p":4.67,"u":"5,84 €/KG","img":"https://fd11-photos.leclercdrive.fr/image.ashx?id=3005377&use=l&cat=p&typeid=i","cat":293235},{"id":226116,"n":"Chewing-gum Mentos Pure Fresh  Fresh Mint sans sucres - 100g","p":2.89,"u":"28,90 €/KG","img":"https://fd11-photos.leclercdrive.fr/image.ashx?id=2687707&use=l&cat=p&typeid=i","cat":304251},{"id":226141,"n":"Purée lisse Bio Yooji Patate douce - Dès 4 mois 400g","p":3.79,"u":"9,48 €/KG","img":"https://fd11-photos.leclercdrive.fr/image.ashx?id=2689246&use=l&cat=p&typeid=i","cat":290631},{"id":226142,"n":"Purée lisse bébé Yooji Potiron Bio - 4 mois - 400g","p":3.71,"u":"9,28 €/KG","img":"https://fd11-photos.leclercdrive.fr/image.ashx?id=2689243&use=l&cat=p&typeid=i","cat":290631},{"id":226296,"n":"Biscuit Flammekueche Savour 100g","p":1.85,"u":"18,50 €/L","img":"https://fd11-photos.leclercdrive.fr/image.ashx?id=2781889&use=l&cat=p&typeid=i","cat":297000},{"id":226297,"n":"Biscuits Savour Olive herbes de provence - 100g","p":1.85,"u":"18,50 €/KG","img":"https://fd11-photos.leclercdrive.fr/image.ashx?id=2781886&use=l&cat=p&typeid=i","cat":297000},{"id":226307,"n":"Biscuits Savour Chorizo - 100g","p":1.85,"u":"18,50 €/KG","img":"https://fd11-photos.leclercdrive.fr/image.ashx?id=2781883&use=l&cat=p&typeid=i","cat":297000},{"id":226317,"n":"Croquettes Vitafit Friskies Light Poulet légumes 7 kg","p":18.15,"u":"2,59 €/KG","img":"https://fd11-photos.leclercdrive.fr/image.ashx?id=2986993&use=l&cat=p&typeid=i","cat":284672},{"id":226346,"n":"Boisson Gazeuse Maison Perrier Forever Gingembre Citron 1L","p":0.98,"u":"0,98 €/L","img":"https://fd11-photos.leclercdrive.fr/image.ashx?id=2692818&use=l&cat=p&typeid=i","cat":284536},{"id":226349,"n":"Boisson Gazeuse Maison Perrier Chic Citrus Fizz 4x25cl","p":2.89,"u":"2,89 €/L","img":"https://fd11-photos.leclercdrive.fr/image.ashx?id=2841595&use=l&cat=p&typeid=i","cat":284536},{"id":226412,"n":"Barre de céréales Nature Valley  Protéine cranberries x4 -160g","p":2.58,"u":"16,13 €/KG","img":"https://fd11-photos.leclercdrive.fr/image.ashx?id=2693869&use=l&cat=p&typeid=i","cat":285869},{"id":226430,"n":"Café grains Plantation Pérou pur arabica - 500g","p":8.29,"u":"16,58 €/KG","img":"https://fd11-photos.leclercdrive.fr/image.ashx?id=2824313&use=l&cat=p&typeid=i","cat":293237},{"id":226438,"n":"Soda Coca-Cola Original Canette - Pack 6x20CL","p":3.63,"u":"3,03 €/L","img":"https://fd11-photos.leclercdrive.fr/image.ashx?id=2766571&use=l&cat=p&typeid=i","cat":284530},{"id":226449,"n":"Lait de coco Eco+ 200ml","p":0.69,"u":"3,45 €/L","img":"https://fd11-photos.leclercdrive.fr/image.ashx?id=2691790&use=l&cat=p&typeid=i","cat":288992},{"id":226455,"n":"Chewing-gum Mentos Pure Fresh  Fresh Chloro sans sucres - 100g","p":2.89,"u":"28,90 €/KG","img":"https://fd11-photos.leclercdrive.fr/image.ashx?id=2693434&use=l&cat=p&typeid=i","cat":304251},{"id":226484,"n":"Cookies Crunchy Kinder Pépites au cacao et lait - 136g","p":2.68,"u":"19,71 €/KG","img":"https://fd11-photos.leclercdrive.fr/image.ashx?id=2691995&use=l&cat=p&typeid=i","cat":325066},{"id":226514,"n":"Filet de cabillaud Fish & Chips L'Atelier Poissonnerie - 200g","p":3.89,"u":"19,45 €/KG","img":"https://fd11-photos.leclercdrive.fr/image.ashx?id=2714456&use=l&cat=p&typeid=i","cat":284344},{"id":226591,"n":"Glace cone Extreme  Lemon cheesecake  x6 - 426g","p":3.88,"u":"9,11 €/KG","img":"https://fd11-photos.leclercdrive.fr/image.ashx?id=2732950&use=l&cat=p&typeid=i","cat":284264},{"id":226646,"n":"Boisson Gazeuse Maison Perrier Forever Citron Vert 1L","p":0.98,"u":"0,98 €/L","img":"https://fd11-photos.leclercdrive.fr/image.ashx?id=2695103&use=l&cat=p&typeid=i","cat":284536},{"id":226657,"n":"Boisson Gazeuse Maison Perrier Forever Citron 1L","p":0.98,"u":"0,98 €/L","img":"https://fd11-photos.leclercdrive.fr/image.ashx?id=2887311&use=l&cat=p&typeid=i","cat":284536},{"id":226659,"n":"Boisson Gazeuse Maison Perrier Forever Orange 1L","p":0.98,"u":"0,98 €/L","img":"https://fd11-photos.leclercdrive.fr/image.ashx?id=2695106&use=l&cat=p&typeid=i","cat":284536},{"id":226661,"n":"Boisson Gazeuse Maison Perrier Forever Menthe 1L","p":0.99,"u":"0,99 €/L","img":"https://fd11-photos.leclercdrive.fr/image.ashx?id=2695112&use=l&cat=p&typeid=i","cat":284536},{"id":226663,"n":"Boisson Gazeuse Maison Perrier Forever Citron 6x50cl","p":3.88,"u":"1,29 €/L","img":"https://fd11-photos.leclercdrive.fr/image.ashx?id=2695100&use=l&cat=p&typeid=i","cat":284536},{"id":226664,"n":"Boisson Gazeuse Maison Perrier Forever Citron Vert 6x50cl","p":3.88,"u":"1,29 €/L","img":"https://fd11-photos.leclercdrive.fr/image.ashx?id=2695109&use=l&cat=p&typeid=i","cat":284536},{"id":226667,"n":"Boisson Gazeuse Maison Perrier Forever Citron 6x33cl","p":3.15,"u":"1,59 €/L","img":"https://fd11-photos.leclercdrive.fr/image.ashx?id=2878447&use=l&cat=p&typeid=i","cat":284536},{"id":226668,"n":"Boisson Gazeuse Maison Perrier Forever Citron Vert 6x33cl","p":3.15,"u":"1,59 €/L","img":"https://fd11-photos.leclercdrive.fr/image.ashx?id=2887308&use=l&cat=p&typeid=i","cat":284536},{"id":226776,"n":"Thé noir fruits rouges Lipton 20 sachets - 30g","p":1.68,"u":"56,00 €/KG","img":"https://fd11-photos.leclercdrive.fr/image.ashx?id=2695359&use=l&cat=p&typeid=i","cat":293233},{"id":226781,"n":"Thé noir pêche mangue Lipton 20 sachets - 34g","p":2.41,"u":"70,88 €/KG","img":"https://fd11-photos.leclercdrive.fr/image.ashx?id=2695362&use=l&cat=p&typeid=i","cat":293233},{"id":226797,"n":"Parfum de linge billes Lenor  Bouquet floral - x19 doses","p":6.43,"u":"27,36 €/KG","img":"https://fd11-photos.leclercdrive.fr/image.ashx?id=2839454&use=l&cat=p&typeid=i","cat":325302},{"id":226801,"n":"Parfum de linge billes Lenor  Jasmin Rose de mai x19 doses","p":7.15,"u":"30,43 €/KG","img":"https://fd11-photos.leclercdrive.fr/image.ashx?id=2841598&use=l&cat=p&typeid=i","cat":325302},{"id":226806,"n":"Liquide de rinçage Sun Brillance - 500ml","p":3.41,"u":"6,82 €/L","img":"https://fd11-photos.leclercdrive.fr/image.ashx?id=2829099&use=l&cat=p&typeid=i","cat":284657},{"id":226818,"n":"Dentifrice Sensodyne Soin  complet Triple action - 75ml","p":3.72,"u":"49,60 €/L","img":"https://fd11-photos.leclercdrive.fr/image.ashx?id=2997778&use=l&cat=p&typeid=i","cat":284612},{"id":226819,"n":"Dentifrice Sensodyne Soin gencives Triple action - 75ml","p":4.07,"u":"54,27 €/L","img":"https://fd11-photos.leclercdrive.fr/image.ashx?id=3000384&use=l&cat=p&typeid=i","cat":284612},{"id":226824,"n":"Dentifrice Sensodyne Soin  Blancheur naturelle 24h - 75ml","p":3.76,"u":"50,13 €/L","img":"https://fd11-photos.leclercdrive.fr/image.ashx?id=2694944&use=l&cat=p&typeid=i","cat":284612},{"id":226825,"n":"Dentifrice Sensodyne Répare & protège Novamin - 75ml","p":4.1,"u":"54,67 €/L","img":"https://fd11-photos.leclercdrive.fr/image.ashx?id=2694947&use=l&cat=p&typeid=i","cat":284612},{"id":226826,"n":"Dentifrice Sensodyne Soin Blancheur triple action - 75ml","p":4.08,"u":"54,40 €/L","img":"https://fd11-photos.leclercdrive.fr/image.ashx?id=3000381&use=l&cat=p&typeid=i","cat":284612},{"id":226829,"n":"Dentifrice Sensodyne Répare & protège extra fresh - 75ml","p":4.9,"u":"65,33 €/L","img":"https://fd11-photos.leclercdrive.fr/image.ashx?id=2694956&use=l&cat=p&typeid=i","cat":284612},{"id":226830,"n":"Dentifrice Sensodyne Répare & protège Blancheur - 75ml","p":4.21,"u":"56,13 €/L","img":"https://fd11-photos.leclercdrive.fr/image.ashx?id=2872955&use=l&cat=p&typeid=i","cat":284612},{"id":226856,"n":"P'tit onctueux pêche Nestlé sans sucres ajoutés - 4x90g","p":2.06,"u":"5,72 €/KG","img":"https://fd11-photos.leclercdrive.fr/image.ashx?id=2695124&use=l&cat=p&typeid=i","cat":312392},{"id":226876,"n":"P'tit brassé banane Nestlé mangue sans sucre - 4x90g","p":2.08,"u":"5,78 €/KG","img":"https://fd11-photos.leclercdrive.fr/image.ashx?id=2696133&use=l&cat=p&typeid=i","cat":312392},{"id":226878,"n":"Gourdes Nestlé Naturnes Fruitées - 360g","p":6.76,"u":"10,73 €/KG","img":"https://fd11-photos.leclercdrive.fr/image.ashx?id=2696136&use=l&cat=p&typeid=i","cat":312393},{"id":226879,"n":"Pate tomate colin Naturnes Dès 6 mois - 2x90g","p":2.18,"u":"12,11 €/KG","img":"https://fd11-photos.leclercdrive.fr/image.ashx?id=2696139&use=l&cat=p&typeid=i","cat":312235},{"id":226909,"n":"Dragées chocolatées M&M's crispy  187g","p":2.45,"u":"13,10 €/KG","img":"https://fd11-photos.leclercdrive.fr/image.ashx?id=3014868&use=l&cat=p&typeid=i","cat":304238},{"id":226911,"n":"Bille au chocolat Maltesers 400g","p":5.64,"u":"14,10 €/KG","img":"https://fd11-photos.leclercdrive.fr/image.ashx?id=2976050&use=l&cat=p&typeid=i","cat":304238},{"id":226913,"n":"Bille au chocolat Maltesers 193g","p":2.65,"u":"13,73 €/KG","img":"https://fd11-photos.leclercdrive.fr/image.ashx?id=2696064&use=l&cat=p&typeid=i","cat":304238},{"id":226920,"n":"Bonbons Skittles  152g","p":1.21,"u":"7,96 €/KG","img":"https://fd11-photos.leclercdrive.fr/image.ashx?id=3008984&use=l&cat=p&typeid=i","cat":304250},{"id":226970,"n":"Tablette lave-vaisselle Sun  Expert Plus x40 -700g","p":7.9,"u":"11,29 €/KG","img":"https://fd11-photos.leclercdrive.fr/image.ashx?id=2738734&use=l&cat=p&typeid=i","cat":284656},{"id":226971,"n":"Sun Tablettes Lave-Vaisselle Tout en 1 Expert Plus x40","p":7.9,"u":"11,29 €/KG","img":"https://fd11-photos.leclercdrive.fr/image.ashx?id=2942012&use=l&cat=p&typeid=i","cat":284656},{"id":226972,"n":"Sun Tablettes Lave-Vaisselle Tout en 1 Regular Ecolabel x46","p":7.59,"u":"10,00 €/KG","img":"https://fd11-photos.leclercdrive.fr/image.ashx?id=3000902&use=l&cat=p&typeid=i","cat":284656},{"id":226973,"n":"Sun Tablettes Lave-Vaisselle Tout en 1 Citron Ecolabel x46","p":7.9,"u":"10,41 €/KG","img":"https://fd11-photos.leclercdrive.fr/image.ashx?id=3000905&use=l&cat=p&typeid=i","cat":284656},{"id":226975,"n":"Crème de douche Corine de Farme Soin nourrissant - Monoï 500ml","p":3.22,"u":"6,44 €/L","img":"https://fd11-photos.leclercdrive.fr/image.ashx?id=2696613&use=l&cat=p&typeid=i","cat":284594},{"id":226978,"n":"Crème Anti-Âge Rose Re-Fortifiant - 50ml","p":11.97,"pp":7.9,"u":"158,00 €/L","img":"https://fd11-photos.leclercdrive.fr/image.ashx?id=2757425&use=l&cat=p&typeid=i","cat":325345},{"id":226980,"n":"Gélules flore intime Physioflor Voie oral - x30","p":12.5,"u":"0,42 €/P","img":"https://fd11-photos.leclercdrive.fr/image.ashx?id=2696619&use=l&cat=p&typeid=i","cat":328622},{"id":226982,"n":"Complément alimentaire ChronoDorm -x30 - 1.9mg","p":5.89,"u":"0,20 €/P","img":"https://fd11-photos.leclercdrive.fr/image.ashx?id=2711389&use=l&cat=p&typeid=i","cat":301265},{"id":226991,"n":"Crème protectrice Florgynelle Probiotique - 15ml","p":7.9,"u":"526,67 €/L","img":"https://fd11-photos.leclercdrive.fr/image.ashx?id=2878120&use=l&cat=p&typeid=i","cat":328622},{"id":226996,"n":"Soin intime Saforelle Miss Et corporel - Dès 2 ans 250ml","p":6.69,"u":"26,76 €/L","img":"https://fd11-photos.leclercdrive.fr/image.ashx?id=2696625&use=l&cat=p&typeid=i","cat":328622},{"id":227006,"n":"Crème glacée Häagen-Dazs  Chocolat belge - 400g","p":4.71,"u":"11,78 €/KG","img":"https://fd11-photos.leclercdrive.fr/image.ashx?id=2886891&use=l&cat=p&typeid=i","cat":284725},{"id":227011,"n":"Gyozas Tables du Monde Poulet et légumes - 212g","p":3.49,"u":"16,46 €/KG","img":"https://fd11-photos.leclercdrive.fr/image.ashx?id=2843803&use=l&cat=p&typeid=i","cat":319774},{"id":227043,"n":"Soin intime Saforelle Miss Et corporel - 500ml","p":10.99,"u":"21,98 €/L","img":"https://fd11-photos.leclercdrive.fr/image.ashx?id=2697174&use=l&cat=p&typeid=i","cat":328622},{"id":227044,"n":"Soin lavant Saforelle Fraîcheur - 250ml","p":5.99,"u":"23,96 €/L","img":"https://fd11-photos.leclercdrive.fr/image.ashx?id=2711659&use=l&cat=p&typeid=i","cat":301348},{"id":227045,"n":"Crème Apaisante Saforelle 40ml","p":6.49,"u":"162,25 €/L","img":"https://fd11-photos.leclercdrive.fr/image.ashx?id=2697177&use=l&cat=p&typeid=i","cat":328622},{"id":227054,"n":"Gel intime Mucogyne 70ml","p":13.79,"u":"197,00 €/L","img":"https://fd11-photos.leclercdrive.fr/image.ashx?id=2913355&use=l&cat=p&typeid=i","cat":328622},{"id":227058,"n":"Lait ultra invisible Bioderma Photoderm - SPF50+ - 200ML","p":15.89,"u":"79,45 €/L","img":"https://fd11-photos.leclercdrive.fr/image.ashx?id=2696723&use=l&cat=p&typeid=i","cat":290396},{"id":227070,"n":"Thé glacé pétillant Lipton Ice Tea pêche - bouteille 1.25L","p":1.62,"u":"1,30 €/L","img":"https://fd11-photos.leclercdrive.fr/image.ashx?id=2887704&use=l&cat=p&typeid=i","cat":295019},{"id":227071,"n":"Thé pétillant Lipton Ice Tea Citron citron vert - 1.25L","p":1.62,"u":"1,30 €/L","img":"https://fd11-photos.leclercdrive.fr/image.ashx?id=2887707&use=l&cat=p&typeid=i","cat":295019},{"id":227155,"n":"Couche Carryboo de nos Régions Couches locales Taille 4 - x44","p":14.95,"u":"0,34 €/P","img":"https://fd11-photos.leclercdrive.fr/image.ashx?id=2787404&use=l&cat=p&typeid=i","cat":284737},{"id":227165,"n":"Serum Acide Hyaluronique Mixa 30mL","p":7.96,"u":"265,33 €/L","img":"https://fd11-photos.leclercdrive.fr/image.ashx?id=2698711&use=l&cat=p&typeid=i","cat":325345},{"id":227166,"n":"Sérum Anti-tâches Vitamine C Mixa 30 mL","p":10.02,"u":"334,00 €/L","img":"https://fd11-photos.leclercdrive.fr/image.ashx?id=2698714&use=l&cat=p&typeid=i","cat":325345},{"id":227167,"n":"Serum anti-imperfections Niacinamide Mixa 30mL","p":9.31,"u":"310,33 €/L","img":"https://fd11-photos.leclercdrive.fr/image.ashx?id=2698717&use=l&cat=p&typeid=i","cat":325345},{"id":227239,"n":"Shampooing Nodé DS+ Bioderma Antipelliculaire intense  125ml","p":10.99,"u":"87,92 €/L","img":"https://fd11-photos.leclercdrive.fr/image.ashx?id=2697860&use=l&cat=p&typeid=i","cat":290400},{"id":227240,"n":"Crème ultra parfumée Bioderma Ultra-nourrissante - 500ml","p":11.8,"u":"23,60 €/L","img":"https://fd11-photos.leclercdrive.fr/image.ashx?id=2981208&use=l&cat=p&typeid=i","cat":290421},{"id":227241,"n":"Sitck lèvres Atoderm Bioderma 2x4g","p":4.75,"u":"593,75 €/KG","img":"https://fd11-photos.leclercdrive.fr/image.ashx?id=2956556&use=l&cat=p&typeid=i","cat":291172},{"id":227242,"n":"Soin hydratant Bioderma Anti-imperfections - 30ml","p":10.99,"u":"366,33 €/L","img":"https://fd11-photos.leclercdrive.fr/image.ashx?id=2697836&use=l&cat=p&typeid=i","cat":291166},{"id":227243,"n":"Soin lavant Saforelle Ultra Hydratant - Eco recharge 400ml","p":8.99,"u":"22,48 €/L","img":"https://fd11-photos.leclercdrive.fr/image.ashx?id=2697839&use=l&cat=p&typeid=i","cat":301348},{"id":227245,"n":"Baume démaquillant SVR Sensifine - 100g","p":8.89,"u":"88,90 €/KG","img":"https://fd11-photos.leclercdrive.fr/image.ashx?id=2697857&use=l&cat=p&typeid=i","cat":301587},{"id":227246,"n":"Ampoule flash Sebiaclear SVR Anti-imperfections - 30ml","p":20.8,"u":"693,33 €/L","img":"https://fd11-photos.leclercdrive.fr/image.ashx?id=2965142&use=l&cat=p&typeid=i","cat":291171},{"id":227247,"n":"Crème Sebiaclear SVR Matifiant hydratant - 40ml","p":7.78,"u":"194,50 €/L","img":"https://fd11-photos.leclercdrive.fr/image.ashx?id=2967893&use=l&cat=p&typeid=i","cat":291166},{"id":227318,"n":"P'tite Céréale Nestlé Vanille - 415g","p":2.59,"u":"6,24 €/KG","img":"https://fd11-photos.leclercdrive.fr/image.ashx?id=2700773&use=l&cat=p&typeid=i","cat":312225},{"id":227325,"n":"P'tite céréales Nestlé Saveur biscuit - 415g","p":3.06,"u":"7,37 €/KG","img":"https://fd11-photos.leclercdrive.fr/image.ashx?id=2700776&use=l&cat=p&typeid=i","cat":312225},{"id":227329,"n":"P'tite céréale Nestlé 415g","p":2.99,"u":"7,20 €/KG","img":"https://fd11-photos.leclercdrive.fr/image.ashx?id=2700770&use=l&cat=p&typeid=i","cat":312225},{"id":227331,"n":"P'tite céréales Nestlé Cacao - 415g","p":2.59,"u":"6,24 €/KG","img":"https://fd11-photos.leclercdrive.fr/image.ashx?id=2700767&use=l&cat=p&typeid=i","cat":312225},{"id":227339,"n":"Capsules Nescafé Dolce Gusto  Lungo - x16","p":4.41,"u":"49,00 €/KG","img":"https://fd11-photos.leclercdrive.fr/image.ashx?id=2907716&use=l&cat=p&typeid=i","cat":293239},{"id":227352,"n":"Céréales Chocapic  645g","p":4.38,"u":"6,79 €/KG","img":"https://fd11-photos.leclercdrive.fr/image.ashx?id=2977732&use=l&cat=p&typeid=i","cat":309513},{"id":227372,"n":"Céréales Lion 675g","p":4.36,"u":"6,46 €/KG","img":"https://fd11-photos.leclercdrive.fr/image.ashx?id=2997256&use=l&cat=p&typeid=i","cat":309513},{"id":227373,"n":"Gelée de viande Eco+ 12x100g","p":2.99,"u":"2,49 €/KG","img":"https://fd11-photos.leclercdrive.fr/image.ashx?id=2744216&use=l&cat=p&typeid=i","cat":285286},{"id":227374,"n":"Céréales Chocapic 375g","p":2.73,"u":"7,28 €/KG","img":"https://fd11-photos.leclercdrive.fr/image.ashx?id=2977408&use=l&cat=p&typeid=i","cat":309513},{"id":227376,"n":"Croquette Friskies Vitafit  Boeuf - 3kg","p":6.22,"u":"2,07 €/KG","img":"https://fd11-photos.leclercdrive.fr/image.ashx?id=2986999&use=l&cat=p&typeid=i","cat":284672},{"id":227377,"n":"Croquette Friskies Vitafit Boeuf - 12kg","p":21.84,"img":"https://fd11-photos.leclercdrive.fr/image.ashx?id=2986984&use=l&cat=p&typeid=i","cat":284672},{"id":227378,"n":"Croquettes Friskies junior Poulet & legumes - 1.5kg","p":4.95,"u":"3,30 €/KG","img":"https://fd11-photos.leclercdrive.fr/image.ashx?id=2699612&use=l&cat=p&typeid=i","cat":284680},{"id":227381,"n":"Croquettes Friskies Vitafit Poulet & legumes - 3kg","p":6.22,"u":"2,07 €/KG","img":"https://fd11-photos.leclercdrive.fr/image.ashx?id=2986981&use=l&cat=p&typeid=i","cat":284672},{"id":227383,"n":"Lait infantile Hipp Biologique Bio Dès 10 mois Combiotic  800g","p":16.93,"u":"21,16 €/KG","img":"https://fd11-photos.leclercdrive.fr/image.ashx?id=2926834&use=l&cat=p&typeid=i","cat":290219},{"id":227391,"n":"Croquettes Friskies Saumon & legumes - 3 kg","p":10.22,"u":"3,41 €/KG","img":"https://fd11-photos.leclercdrive.fr/image.ashx?id=2940615&use=l&cat=p&typeid=i","cat":284680},{"id":227397,"n":"Croquettes Friskies  Dinde & legumes - 1.5kg","p":4.49,"u":"2,99 €/KG","img":"https://fd11-photos.leclercdrive.fr/image.ashx?id=2699621&use=l&cat=p&typeid=i","cat":284680},{"id":227400,"n":"Croquettes chat Friskies Saumon et legumes - 1.5 kg","p":4.49,"u":"2,99 €/KG","img":"https://fd11-photos.leclercdrive.fr/image.ashx?id=2940600&use=l&cat=p&typeid=i","cat":284680},{"id":227412,"n":"Masque pieds Scholl Exfoliant talon - x1","p":5.88,"img":"https://fd11-photos.leclercdrive.fr/image.ashx?id=2981313&use=l&cat=p&typeid=i","cat":325354},{"id":227424,"n":"Etuis mouchoirs Lotus Compact+ - x18","p":2.82,"img":"https://fd11-photos.leclercdrive.fr/image.ashx?id=2988680&use=l&cat=p&typeid=i","cat":284638},{"id":227427,"n":"Boîte mouchoirs Lotus Classic+ - Pur Blanc - x130","p":2.4,"u":"0,02 €/P","img":"https://fd11-photos.leclercdrive.fr/image.ashx?id=2700704&use=l&cat=p&typeid=i","cat":284638},{"id":227507,"n":"Capsule Nescafé Farmers Origins  India Int 9 - x10","p":2.34,"u":"53,18 €/KG","img":"https://fd11-photos.leclercdrive.fr/image.ashx?id=2952169&use=l&cat=p&typeid=i","cat":284749},{"id":227512,"n":"Chips Savour  Sel de guerande - 120g","p":1.48,"u":"12,33 €/KG","img":"https://fd11-photos.leclercdrive.fr/image.ashx?id=2743828&use=l&cat=p&typeid=i","cat":284447},{"id":227514,"n":"Chips Savour Sweet Chili - 120g","p":1.79,"u":"14,92 €/KG","img":"https://fd11-photos.leclercdrive.fr/image.ashx?id=2743825&use=l&cat=p&typeid=i","cat":284447},{"id":227515,"n":"Chips Savour Vinaigre de cidre - 120g","p":1.71,"u":"14,25 €/KG","img":"https://fd11-photos.leclercdrive.fr/image.ashx?id=2743822&use=l&cat=p&typeid=i","cat":284447},{"id":227516,"n":"Chips Savour Cheddar & Ciboulette - 120g","p":1.75,"u":"14,58 €/KG","img":"https://fd11-photos.leclercdrive.fr/image.ashx?id=2743819&use=l&cat=p&typeid=i","cat":284447},{"id":227520,"n":"Chips Lay's Sel & vinaigre - 130g","p":1.31,"u":"10,08 €/KG","img":"https://fd11-photos.leclercdrive.fr/image.ashx?id=3011161&use=l&cat=p&typeid=i","cat":284447},{"id":227528,"n":"Chips Lay's Poulet - 135g","p":1.23,"u":"9,11 €/KG","img":"https://fd11-photos.leclercdrive.fr/image.ashx?id=2995079&use=l&cat=p&typeid=i","cat":284447},{"id":227532,"n":"Chips Lay's Barbecue - 250g","p":1.95,"u":"7,80 €/KG","img":"https://fd11-photos.leclercdrive.fr/image.ashx?id=2994488&use=l&cat=p&typeid=i","cat":284447},{"id":227534,"n":"Chips Lay's Barbecue - 135g","p":1.16,"u":"8,59 €/KG","img":"https://fd11-photos.leclercdrive.fr/image.ashx?id=2994485&use=l&cat=p&typeid=i","cat":284447},{"id":227542,"n":"Croquettes pour chien Friskies Vitafit 12kg","p":21.84,"u":"1,82 €/KG","img":"https://fd11-photos.leclercdrive.fr/image.ashx?id=2986987&use=l&cat=p&typeid=i","cat":284672},{"id":227563,"n":"Serviettes Fuites urinaires  Always Discreet - Normal - x30","p":9.35,"u":"0,31 €/P","img":"https://fd11-photos.leclercdrive.fr/image.ashx?id=2700806&use=l&cat=p&typeid=i","cat":284628},{"id":227592,"n":"Jambon cru Serrano Aoste 6 tranches - 100g","p":3.67,"u":"36,70 €/KG","img":"https://fd11-photos.leclercdrive.fr/image.ashx?id=2937184&use=l&cat=p&typeid=i","cat":316007},{"id":227600,"n":"Croquettes chat Friskies Boeuf, poulet et légumes - 3kg","p":8.43,"u":"2,81 €/KG","img":"https://fd11-photos.leclercdrive.fr/image.ashx?id=2940603&use=l&cat=p&typeid=i","cat":284680},{"id":227626,"n":"Barres chocolatées Mars  x7 - 315g","p":2.89,"u":"9,17 €/KG","img":"https://fd11-photos.leclercdrive.fr/image.ashx?id=2701043&use=l&cat=p&typeid=i","cat":284498},{"id":227629,"n":"Barres chocolatées Snickers x7 - 350g","p":3.29,"u":"9,40 €/KG","img":"https://fd11-photos.leclercdrive.fr/image.ashx?id=2701040&use=l&cat=p&typeid=i","cat":284498},{"id":227637,"n":"Canard WC Fresh disc Tropical - 1 appli + 6 disques","p":3.44,"img":"https://fd11-photos.leclercdrive.fr/image.ashx?id=2845578&use=l&cat=p&typeid=i","cat":284662},{"id":227657,"n":"Soda Fanta Orange Sans Sucres  Canette - Pack 6x33cl","p":3.07,"u":"1,55 €/L","img":"https://fd11-photos.leclercdrive.fr/image.ashx?id=2701361&use=l&cat=p&typeid=i","cat":284532},{"id":227669,"n":"Boisson Gazeuse Maison Perrier Chic Roséllini 4x25cl","p":2.87,"u":"2,87 €/L","img":"https://fd11-photos.leclercdrive.fr/image.ashx?id=2701403&use=l&cat=p&typeid=i","cat":284536},{"id":227671,"n":"Bière aromatisée Desperados Tropical -  6X33cl","p":8.8,"u":"4,44 €/L","img":"https://fd11-photos.leclercdrive.fr/image.ashx?id=2701142&use=l&cat=p&typeid=i","cat":334878},{"id":227679,"n":"Minis barres chocolatées Mars 275g","p":3.03,"u":"11,02 €/KG","img":"https://fd11-photos.leclercdrive.fr/image.ashx?id=2702500&use=l&cat=p&typeid=i","cat":284498},{"id":227682,"n":"Barres chocolatées Twix x10 - 500g","p":4.03,"u":"8,06 €/KG","img":"https://fd11-photos.leclercdrive.fr/image.ashx?id=2701025&use=l&cat=p&typeid=i","cat":284498},{"id":227683,"n":"Barres Caramel salé Twix x5 - 230g","p":2.28,"u":"9,91 €/KG","img":"https://fd11-photos.leclercdrive.fr/image.ashx?id=2701019&use=l&cat=p&typeid=i","cat":284498},{"id":227690,"n":"Parfum de linge Lenor Ambre orchidée x19D - 235g","p":6.57,"u":"27,96 €/KG","img":"https://fd11-photos.leclercdrive.fr/image.ashx?id=2839457&use=l&cat=p&typeid=i","cat":325302},{"id":227702,"n":"Fromage enfant La Vache qui rit Pik&Croq 8 portions - 280g","p":3.24,"u":"11,57 €/KG","img":"https://fd11-photos.leclercdrive.fr/image.ashx?id=2945436&use=l&cat=p&typeid=i","cat":314030},{"id":227723,"n":"Jambon cuit supérieur -25% sel L'Atelier Charcuterie x4 - 220g","p":4.57,"u":"20,77 €/KG","img":"https://fd11-photos.leclercdrive.fr/image.ashx?id=2909356&use=l&cat=p&typeid=i","cat":316009},{"id":227738,"n":"Capsule Nescafé Farmers Origins  Africas Int 10 - x10","p":2.34,"u":"53,18 €/KG","img":"https://fd11-photos.leclercdrive.fr/image.ashx?id=2952172&use=l&cat=p&typeid=i","cat":284749},{"id":227739,"n":"Capsule Nescafé Farmers Origins  Colombia Décaféiné Int 6 - x10","p":2.85,"u":"53,77 €/KG","img":"https://fd11-photos.leclercdrive.fr/image.ashx?id=2701977&use=l&cat=p&typeid=i","cat":284749},{"id":227740,"n":"Capsule Nescafé Farmers Origins  Brazil Int 8 - x18","p":4.46,"u":"56,46 €/KG","img":"https://fd11-photos.leclercdrive.fr/image.ashx?id=3001521&use=l&cat=p&typeid=i","cat":284749},{"id":227745,"n":"Lait Combiotic Hipp Bio jusqu' à 6mois 800g","p":18.04,"u":"22,55 €/KG","img":"https://fd11-photos.leclercdrive.fr/image.ashx?id=2926843&use=l&cat=p&typeid=i","cat":284726},{"id":227780,"n":"Liqueur GET Menthe & Citrons 17,9° - 70cl","p":12.99,"u":"18,56 €/L","img":"https://fd11-photos.leclercdrive.fr/image.ashx?id=2840629&use=l&cat=p&typeid=i","cat":286032},{"id":227831,"n":"Spray Nettoyant Menager Cif  Anti-calcaire Universel 750 ml","p":2.22,"u":"2,96 €/L","img":"https://fd11-photos.leclercdrive.fr/image.ashx?id=2890520&use=l&cat=p&typeid=i","cat":325362},{"id":227835,"n":"Baby carottes Notre Jardin 250g","p":1.59,"u":"6,36 €/KG","img":"https://fd11-photos.leclercdrive.fr/image.ashx?id=2854255&use=l&cat=p&typeid=i","cat":284352},{"id":227840,"n":"Yaourt hyperprotéiné Sport Coco - 4x120g","p":2.65,"u":"5,76 €/P","img":"https://fd11-photos.leclercdrive.fr/image.ashx?id=2716985&use=l&cat=p&typeid=i","cat":315000},{"id":227882,"n":"Concentré Sodastream Cola - 440ml","p":4.99,"pp":3.99,"u":"9,07 €/L","img":"https://fd11-photos.leclercdrive.fr/image.ashx?id=2703350&use=l&cat=p&typeid=i","cat":295020},{"id":227884,"n":"Bâtonnet Magnum White choco Cookie - x3 - 222g","p":2.62,"u":"11,80 €/KG","img":"https://fd11-photos.leclercdrive.fr/image.ashx?id=2793071&use=l&cat=p&typeid=i","cat":284265},{"id":227894,"n":"Bâtonnet Magnum Caramel salé Amandes x3 - 222g","p":2.95,"u":"13,29 €/KG","img":"https://fd11-photos.leclercdrive.fr/image.ashx?id=2793038&use=l&cat=p&typeid=i","cat":284265},{"id":227896,"n":"Glace Carte d'Or Les Essentiels Vanille de Madagascar 700ml","p":2.23,"pp":1.56,"u":"4,25 €/KG","img":"https://fd11-photos.leclercdrive.fr/image.ashx?id=2831149&use=l&cat=p&typeid=i","cat":284263},{"id":227900,"n":"Glace Bâtonnet MAGNUM Chocolat Blanc 4x100ml","p":3.14,"u":"10,68 €/KG","img":"https://fd11-photos.leclercdrive.fr/image.ashx?id=3011944&use=l&cat=p&typeid=i","cat":284265},{"id":227901,"n":"Bâtonnet Magnum Fraise et blanc - x4 - 324g","p":3.44,"u":"10,62 €/KG","img":"https://fd11-photos.leclercdrive.fr/image.ashx?id=3009293&use=l&cat=p&typeid=i","cat":284265},{"id":227904,"n":"Glace Bâtonnet MAGNUM Classique 8x100ml","p":5.43,"u":"9,05 €/KG","img":"https://fd11-photos.leclercdrive.fr/image.ashx?id=2974057&use=l&cat=p&typeid=i","cat":284265},{"id":227918,"n":"Pois chiches Eco+ - 265g","p":0.67,"u":"2,53 €/KG","img":"https://fd11-photos.leclercdrive.fr/image.ashx?id=3003747&use=l&cat=p&typeid=i","cat":312609},{"id":227960,"n":"Concentré cola sans sucres Sodastream - 440ml","p":4.99,"pp":3.99,"u":"9,07 €/L","img":"https://fd11-photos.leclercdrive.fr/image.ashx?id=2703155&use=l&cat=p&typeid=i","cat":295020},{"id":227961,"n":"Concentré cola light Sodastream - 440ml","p":4.99,"pp":3.99,"u":"9,07 €/L","img":"https://fd11-photos.leclercdrive.fr/image.ashx?id=2703332&use=l&cat=p&typeid=i","cat":295020},{"id":227962,"n":"Concentré agrumes sans sucres Sodastream - 440ml","p":4.99,"pp":3.99,"u":"9,07 €/L","img":"https://fd11-photos.leclercdrive.fr/image.ashx?id=2871133&use=l&cat=p&typeid=i","cat":295020},{"id":227966,"n":"Compotes goudes Pom'Potes Pomme framboise Goyave - 360g","p":2.15,"u":"5,97 €/KG","img":"https://fd11-photos.leclercdrive.fr/image.ashx?id=2703708&use=l&cat=p&typeid=i","cat":284508},{"id":227967,"n":"Compotes gourges Pom'Potes Pomme pêche carotte 360g","p":2.15,"u":"5,97 €/KG","img":"https://fd11-photos.leclercdrive.fr/image.ashx?id=2703705&use=l&cat=p&typeid=i","cat":284508},{"id":227973,"n":"Concentré saveur citron sans Sucres - Sodastream - 440ml","p":4.99,"pp":3.99,"u":"9,07 €/L","img":"https://fd11-photos.leclercdrive.fr/image.ashx?id=2765363&use=l&cat=p&typeid=i","cat":295020},{"id":227978,"n":"Concentré Sodastream Menthe sans sucres - 440ml","p":4.99,"pp":3.99,"u":"9,07 €/L","img":"https://fd11-photos.leclercdrive.fr/image.ashx?id=2765372&use=l&cat=p&typeid=i","cat":295020},{"id":228103,"n":"Thé glacé Lipton Ice Tea Pêche Zéro sucres - canettes 6x33cl","p":3.33,"u":"1,68 €/L","img":"https://fd11-photos.leclercdrive.fr/image.ashx?id=2959442&use=l&cat=p&typeid=i","cat":295019},{"id":228126,"n":"Noix de cajou grillées 200g","p":3.88,"u":"19,40 €/KG","img":"https://fd11-photos.leclercdrive.fr/image.ashx?id=2713664&use=l&cat=p&typeid=i","cat":284357},{"id":228129,"n":"Assortiment mochis glacés Tables du Monde x6 - 210g","p":4.53,"u":"21,57 €/KG","img":"https://fd11-photos.leclercdrive.fr/image.ashx?id=2703673&use=l&cat=p&typeid=i","cat":284266},{"id":228192,"n":"Coca-cola sans sucre Sans caféine  - 6x20cl","p":3.43,"u":"2,86 €/L","img":"https://fd11-photos.leclercdrive.fr/image.ashx?id=3009062&use=l&cat=p&typeid=i","cat":284530},{"id":228196,"n":"Sirop Frucci  Pêche - 1.3L","p":3.99,"u":"3,07 €/L","img":"https://fd11-photos.leclercdrive.fr/image.ashx?id=2898047&use=l&cat=p&typeid=i","cat":295020},{"id":228197,"n":"Sirop Frucci Fraise - 1.3L","p":3.77,"u":"2,90 €/L","img":"https://fd11-photos.leclercdrive.fr/image.ashx?id=2898041&use=l&cat=p&typeid=i","cat":295020},{"id":228198,"n":"Sirop Frucci Grenadine - 1.3L","p":3.28,"u":"2,52 €/L","img":"https://fd11-photos.leclercdrive.fr/image.ashx?id=2909921&use=l&cat=p&typeid=i","cat":295020},{"id":228199,"n":"Sirop Frucci Menthe - 1.3L","p":3.02,"u":"2,32 €/L","img":"https://fd11-photos.leclercdrive.fr/image.ashx?id=2898038&use=l&cat=p&typeid=i","cat":295020},{"id":228205,"n":"Nettoyant ménager AJAX Air frais coquelicots - 1.25L","p":2.3,"u":"1,84 €/L","img":"https://fd11-photos.leclercdrive.fr/image.ashx?id=2944473&use=l&cat=p&typeid=i","cat":284907},{"id":228267,"n":"Collant mousse Tissaïa Beige - T1 - x3","p":1.25,"img":"https://fd11-photos.leclercdrive.fr/image.ashx?id=2724913&use=l&cat=p&typeid=i","cat":334130},{"id":228269,"n":"Collant mousse Tissaïa Beige - T2 - x3","p":1.25,"img":"https://fd11-photos.leclercdrive.fr/image.ashx?id=2724889&use=l&cat=p&typeid=i","cat":334130},{"id":228278,"n":"Collant mousse Tissaïa Noir - T1 - x3","p":1.25,"img":"https://fd11-photos.leclercdrive.fr/image.ashx?id=2707368&use=l&cat=p&typeid=i","cat":334130},{"id":228281,"n":"Collant mousse Tissaïa Noir - T2 - x3","p":1.25,"img":"https://fd11-photos.leclercdrive.fr/image.ashx?id=2724886&use=l&cat=p&typeid=i","cat":334130},{"id":228282,"n":"Collant mousse Tissaïa Noir - T3 - x3","p":1.25,"img":"https://fd11-photos.leclercdrive.fr/image.ashx?id=2724892&use=l&cat=p&typeid=i","cat":334130},{"id":228284,"n":"Collant mousse Tissaia Noir - T4 - x3","p":1.25,"img":"https://fd11-photos.leclercdrive.fr/image.ashx?id=2724895&use=l&cat=p&typeid=i","cat":334130},{"id":228287,"n":"Collant mousse Tissaïa Noir - T5 - x3","p":1.25,"img":"https://fd11-photos.leclercdrive.fr/image.ashx?id=2724901&use=l&cat=p&typeid=i","cat":334130},{"id":228396,"n":"Thé glacé Lipton Ice Tea Pêche - 6x33cl","p":3.17,"u":"1,60 €/L","img":"https://fd11-photos.leclercdrive.fr/image.ashx?id=2852471&use=l&cat=p&typeid=i","cat":295019},{"id":228406,"n":"Mini bâtonnet glace Trium  Rocher vanille Pecan x4 - 214g","p":2.99,"u":"13,97 €/KG","img":"https://fd11-photos.leclercdrive.fr/image.ashx?id=2911726&use=l&cat=p&typeid=i","cat":284265},{"id":228460,"n":"Capsules lave-vaisselle Sun Tout-en-1 Absolu Plus 390g x26","p":7.9,"u":"20,26 €/KG","img":"https://fd11-photos.leclercdrive.fr/image.ashx?id=2960282&use=l&cat=p&typeid=i","cat":284656},{"id":228462,"n":"Spray Nettoyant 5-en-1 Cif Cuisine & Salle de Bain 750ml","p":2.05,"u":"2,73 €/L","img":"https://fd11-photos.leclercdrive.fr/image.ashx?id=2999336&use=l&cat=p&typeid=i","cat":325357},{"id":228463,"n":"Liquide vaisselle mini Paic Citron - 500ml","p":1.13,"u":"2,26 €/L","img":"https://fd11-photos.leclercdrive.fr/image.ashx?id=2708020&use=l&cat=p&typeid=i","cat":284655},{"id":228464,"n":"Recharge Adoucissant Soupline Grand Air - 1L - x45","p":3.54,"u":"3,54 €/L","img":"https://fd11-photos.leclercdrive.fr/image.ashx?id=2860598&use=l&cat=p&typeid=i","cat":284650},{"id":228469,"n":"Perles de linge Soupline Grand Air - 230g","p":6.9,"u":"30,00 €/KG","img":"https://fd11-photos.leclercdrive.fr/image.ashx?id=2708032&use=l&cat=p&typeid=i","cat":325302},{"id":228480,"n":"Gel Douche Dove Advanced Care Nutrition Intense 225ml","p":2.94,"u":"13,07 €/L","img":"https://fd11-photos.leclercdrive.fr/image.ashx?id=2968580&use=l&cat=p&typeid=i","cat":284594},{"id":228484,"n":"Gel Douche Dove Hydratant 450ml","p":3.72,"u":"8,27 €/L","img":"https://fd11-photos.leclercdrive.fr/image.ashx?id=2993499&use=l&cat=p&typeid=i","cat":284594},{"id":228490,"n":"Lessive liquide Le Chat  L'Expert bicarbonate x66 -2.97L","p":15.19,"u":"5,11 €/L","img":"https://fd11-photos.leclercdrive.fr/image.ashx?id=2877781&use=l&cat=p&typeid=i","cat":284640},{"id":228499,"n":"Lessive liquide X-tra Total 4 en 1 x63 - 2.835L","p":8.69,"u":"3,07 €/L","img":"https://fd11-photos.leclercdrive.fr/image.ashx?id=2921561&use=l&cat=p&typeid=i","cat":284640},{"id":228501,"n":"Lessive liquide X-tra Total Savon de Marseille x63  -2.835L","p":9.48,"u":"3,34 €/L","img":"https://fd11-photos.leclercdrive.fr/image.ashx?id=2921564&use=l&cat=p&typeid=i","cat":284640},{"id":228503,"n":"Recharge lessive Maison Verte Huiles essentielles x33 -1.485L","p":6.9,"u":"4,65 €/L","img":"https://fd11-photos.leclercdrive.fr/image.ashx?id=2890625&use=l&cat=p&typeid=i","cat":284644},{"id":228504,"n":"Liquide vaisselle Mir vinaigre Framboise dégraissant  - 450ml","p":1.27,"u":"2,82 €/L","img":"https://fd11-photos.leclercdrive.fr/image.ashx?id=2979725&use=l&cat=p&typeid=i","cat":284655},{"id":228506,"n":"Lessive liquide Mir Black Raviveur noir x27 - 1.35L","p":5.59,"u":"4,14 €/L","img":"https://fd11-photos.leclercdrive.fr/image.ashx?id=2881323&use=l&cat=p&typeid=i","cat":284644},{"id":228509,"n":"Lessive liquide Mir Laine Textile délicat x27 - 1.35L","p":5.29,"u":"3,92 €/L","img":"https://fd11-photos.leclercdrive.fr/image.ashx?id=2890118&use=l&cat=p&typeid=i","cat":284644},{"id":228510,"n":"Lessive liquide Super Croix X-tra Bora Bora x42 - 1.89L","p":7.57,"u":"4,01 €/L","img":"https://fd11-photos.leclercdrive.fr/image.ashx?id=2876263&use=l&cat=p&typeid=i","cat":284640},{"id":228511,"n":"Lessive liquide Maison Verte Fraîcheur d'été - 1.485L x33","p":7.6,"u":"5,12 €/L","img":"https://fd11-photos.leclercdrive.fr/image.ashx?id=2890121&use=l&cat=p&typeid=i","cat":284640},{"id":228837,"n":"Haricots rouges Eco+ 250g","p":0.55,"u":"2,20 €/KG","img":"https://fd11-photos.leclercdrive.fr/image.ashx?id=3003750&use=l&cat=p&typeid=i","cat":312606},{"id":228838,"n":"Bière soft IPA Michard - 33cl","p":2.99,"u":"9,06 €/L","img":"https://fd11-photos.leclercdrive.fr/image.ashx?id=2711419&use=l&cat=p&typeid=i","cat":334872},{"id":228862,"n":"Lait bébé Candia Baby croissance 3ème âge - 18x25cl","p":10.57,"u":"2,35 €/L","img":"https://fd11-photos.leclercdrive.fr/image.ashx?id=2963367&use=l&cat=p&typeid=i","cat":284728},{"id":228905,"n":"Soin capillaire Expess Le  Petit Marseillais Coco -200ml","p":2.72,"u":"13,60 €/L","img":"https://fd11-photos.leclercdrive.fr/image.ashx?id=2711947&use=l&cat=p&typeid=i","cat":284608},{"id":228932,"n":"Lait croissance Guigoz Optipro 3 - 6x500ml","p":9.3,"u":"3,10 €/L","img":"https://fd11-photos.leclercdrive.fr/image.ashx?id=2712139&use=l&cat=p&typeid=i","cat":284728},{"id":228934,"n":"P'tit brassé Pomme  Nestlé Framboise céréale 2X115g","p":1.78,"u":"7,74 €/KG","img":"https://fd11-photos.leclercdrive.fr/image.ashx?id=2712130&use=l&cat=p&typeid=i","cat":312392},{"id":228935,"n":"Dessert P'tit brassé Nestlé Banane mangue céréales 2x115g","p":1.78,"u":"7,74 €/KG","img":"https://fd11-photos.leclercdrive.fr/image.ashx?id=2712127&use=l&cat=p&typeid=i","cat":312392},{"id":228942,"n":"Dessert P'tit brassé  Mini pêche - 6x50g","p":2.03,"u":"6,77 €/KG","img":"https://fd11-photos.leclercdrive.fr/image.ashx?id=2955989&use=l&cat=p&typeid=i","cat":312392},{"id":228957,"n":"Dessert P'tit brassé  Mini banane - 300g","p":2.03,"u":"6,77 €/KG","img":"https://fd11-photos.leclercdrive.fr/image.ashx?id=2958203&use=l&cat=p&typeid=i","cat":312392},{"id":228965,"n":"P'tite céréales Nestlé Saveur biscuit - 270g","p":3.54,"u":"1,31 €/L","img":"https://fd11-photos.leclercdrive.fr/image.ashx?id=2712813&use=l&cat=p&typeid=i","cat":312225},{"id":228976,"n":"Infusion Saveurs du soir Lipton Grand sud - 32g","p":1.17,"u":"36,56 €/KG","img":"https://fd11-photos.leclercdrive.fr/image.ashx?id=2718741&use=l&cat=p&typeid=i","cat":293234},{"id":228995,"n":"Coffret thé noir Lipton Sensations x50 - 82g","p":9.5,"pp":6.65,"u":"81,10 €/KG","img":"https://fd11-photos.leclercdrive.fr/image.ashx?id=2719636&use=l&cat=p&typeid=i","cat":293233},{"id":229167,"n":"Eau de source Cristaline  Petillante - 6x33cl","p":2.25,"u":"1,14 €/L","img":"https://fd11-photos.leclercdrive.fr/image.ashx?id=2714018&use=l&cat=p&typeid=i","cat":284536},{"id":229224,"n":"Glace pâte à tartiner Nutella 230g","p":3.83,"u":"16,65 €/KG","img":"https://fd11-photos.leclercdrive.fr/image.ashx?id=2905672&use=l&cat=p&typeid=i","cat":284725},{"id":229243,"n":"Soin capillaire express Le  Petit Marseillais Karité -200ml","p":2.88,"u":"14,40 €/L","img":"https://fd11-photos.leclercdrive.fr/image.ashx?id=2735248&use=l&cat=p&typeid=i","cat":284608},{"id":229289,"n":"Glace Carte d'Or Chocolat Noir - 374g","p":2.69,"pp":1.88,"u":"5,03 €/KG","img":"https://fd11-photos.leclercdrive.fr/image.ashx?id=2849370&use=l&cat=p&typeid=i","cat":284263},{"id":229292,"n":"Glace Carte d'Or Caramel fleur de sel - 373g","p":2.23,"pp":1.56,"u":"4,18 €/KG","img":"https://fd11-photos.leclercdrive.fr/image.ashx?id=3009302&use=l&cat=p&typeid=i","cat":284263},{"id":229344,"n":"AOP Jean Paul Couamais brut Vouvray - 75cl","p":6.65,"u":"8,87 €/L","img":"https://fd11-photos.leclercdrive.fr/image.ashx?id=2767597&use=l&cat=p&typeid=i","cat":284544},{"id":229394,"n":"Crème glacée La Laitière Café - 490g","p":3.24,"pp":2.27,"u":"4,63 €/KG","img":"https://fd11-photos.leclercdrive.fr/image.ashx?id=3000021&use=l&cat=p&typeid=i","cat":284263},{"id":229396,"n":"Sorbet La Laitière Citron - 558g","p":3.24,"pp":2.27,"u":"4,07 €/KG","img":"https://fd11-photos.leclercdrive.fr/image.ashx?id=2877895&use=l&cat=p&typeid=i","cat":284263},{"id":229497,"n":"Chips Lay's  Bolognaise - 130g","p":1.37,"u":"10,54 €/KG","img":"https://fd11-photos.leclercdrive.fr/image.ashx?id=3011149&use=l&cat=p&typeid=i","cat":284447},{"id":229498,"n":"Chips Lay's Moutarde pickles - 135g","p":1.62,"u":"12,00 €/KG","img":"https://fd11-photos.leclercdrive.fr/image.ashx?id=3011152&use=l&cat=p&typeid=i","cat":284447},{"id":229499,"n":"Sérum concentré repulpant Avène Hyaluron Activ B3 - 30ml","p":28.89,"u":"963,00 €/L","img":"https://fd11-photos.leclercdrive.fr/image.ashx?id=2968259&use=l&cat=p&typeid=i","cat":291168},{"id":229517,"n":"Soda au cola Pepsi Zéro sucres Le lot de 6x33cl canettes","p":2.64,"u":"1,33 €/L","img":"https://fd11-photos.leclercdrive.fr/image.ashx?id=2773391&use=l&cat=p&typeid=i","cat":284530},{"id":229524,"n":"Thé glacé pétillant Lipton Ice Tea pêche - canettes 6x33cl","p":3.43,"u":"1,73 €/L","img":"https://fd11-photos.leclercdrive.fr/image.ashx?id=2900833&use=l&cat=p&typeid=i","cat":295019},{"id":229593,"n":"Tablettes lave-vaisselle Visior Tout en 1 citron x45 - 765g","p":5.79,"u":"7,57 €/KG","img":"https://fd11-photos.leclercdrive.fr/image.ashx?id=2954905&use=l&cat=p&typeid=i","cat":284656},{"id":229811,"n":"Crème fixative Polident Original 0% -44g -","p":3.29,"u":"74,77 €/KG","img":"https://fd11-photos.leclercdrive.fr/image.ashx?id=2719615&use=l&cat=p&typeid=i","cat":285158},{"id":229814,"n":"Crème fixative Polident Original 0% - 77g","p":5.68,"u":"73,77 €/KG","img":"https://fd11-photos.leclercdrive.fr/image.ashx?id=2719618&use=l&cat=p&typeid=i","cat":285158},{"id":229879,"n":"Apéritif Campari 25% vol - 70cl","p":16.37,"u":"23,39 €/L","img":"https://fd11-photos.leclercdrive.fr/image.ashx?id=3009155&use=l&cat=p&typeid=i","cat":286032},{"id":229891,"n":"Pain de mie complet Harrys Sandwich Sans sucre ajouté 600g","p":1.69,"u":"2,82 €/KG","img":"https://fd11-photos.leclercdrive.fr/image.ashx?id=2962473&use=l&cat=p&typeid=i","cat":284477},{"id":229892,"n":"Crème lavante A-derma Anti-déssèchement - 200ml","p":7.15,"u":"35,75 €/L","img":"https://fd11-photos.leclercdrive.fr/image.ashx?id=2718626&use=l&cat=p&typeid=i","cat":301591},{"id":229893,"n":"Pain de mie complet Harrys Sandwich Sans sucre ajouté 900g","p":2.31,"u":"2,57 €/KG","img":"https://fd11-photos.leclercdrive.fr/image.ashx?id=2962476&use=l&cat=p&typeid=i","cat":284477},{"id":229895,"n":"Sérum A-Derma Biology Hydratant Bio - 30ml","p":18.98,"u":"632,67 €/L","img":"https://fd11-photos.leclercdrive.fr/image.ashx?id=2719204&use=l&cat=p&typeid=i","cat":291171},{"id":229896,"n":"Pain de mie nature Harrys American Sandwich 550g","p":1.6,"u":"2,91 €/KG","img":"https://fd11-photos.leclercdrive.fr/image.ashx?id=2962446&use=l&cat=p&typeid=i","cat":284477},{"id":229897,"n":"Pain de mie nature Harrys Sandwich Sans sucre ajouté 825g","p":2.17,"u":"2,63 €/KG","img":"https://fd11-photos.leclercdrive.fr/image.ashx?id=2962449&use=l&cat=p&typeid=i","cat":284477},{"id":229901,"n":"Huile lavante Avène  Relipidante - 400ml","p":14.89,"u":"37,23 €/L","img":"https://fd11-photos.leclercdrive.fr/image.ashx?id=2719210&use=l&cat=p&typeid=i","cat":301591},{"id":229902,"n":"Shampooing doux Ducray Elution - Equilibrant - 400ml","p":11.95,"u":"29,88 €/L","img":"https://fd11-photos.leclercdrive.fr/image.ashx?id=2719213&use=l&cat=p&typeid=i","cat":290400},{"id":229909,"n":"Masque Avène Apaisant éclat - 50ml","p":12.49,"u":"249,80 €/L","img":"https://fd11-photos.leclercdrive.fr/image.ashx?id=2719231&use=l&cat=p&typeid=i","cat":291165},{"id":229910,"n":"Soin anti-rougeurs Avène Concentré - 30ml","p":17.89,"u":"596,33 €/L","img":"https://fd11-photos.leclercdrive.fr/image.ashx?id=2719234&use=l&cat=p&typeid=i","cat":291171},{"id":229913,"n":"Crème intensive jour Avène Vitamin Active Cg - 50ml","p":32.89,"u":"657,80 €/L","img":"https://fd11-photos.leclercdrive.fr/image.ashx?id=3011266&use=l&cat=p&typeid=i","cat":291168},{"id":229914,"n":"Crème mains Avène Cold cream - Concentrée 2x50ml","p":8.49,"u":"84,90 €/L","img":"https://fd11-photos.leclercdrive.fr/image.ashx?id=2719243&use=l&cat=p&typeid=i","cat":290424},{"id":229919,"n":"Huile végétale Laboratoire du Haut-Ségala - Argan Bio 50ml","p":9.99,"u":"199,80 €/L","img":"https://fd11-photos.leclercdrive.fr/image.ashx?id=2719471&use=l&cat=p&typeid=i","cat":290422},{"id":229920,"n":"Pain de mie rustique Harrys Sandwich Sans sucre ajouté 500g","p":2.26,"u":"4,52 €/KG","img":"https://fd11-photos.leclercdrive.fr/image.ashx?id=2962458&use=l&cat=p&typeid=i","cat":284477},{"id":229921,"n":"Pain de mie céréales Harrys Sandwich Sans sucre ajouté 550g","p":1.85,"u":"3,36 €/KG","img":"https://fd11-photos.leclercdrive.fr/image.ashx?id=2962452&use=l&cat=p&typeid=i","cat":284477},{"id":230167,"n":"Lessive liquide X-tra Total  Ecopack  x41 - 1.845L","p":6.49,"u":"3,52 €/L","img":"https://fd11-photos.leclercdrive.fr/image.ashx?id=2890124&use=l&cat=p&typeid=i","cat":284640},{"id":230171,"n":"Bière Picon 1L","p":10.08,"u":"10,08 €/L","img":"https://fd11-photos.leclercdrive.fr/image.ashx?id=2720908&use=l&cat=p&typeid=i","cat":334872},{"id":230174,"n":"Bière blonde Fischer Tradition 6% - 66cl","p":1.92,"u":"2,91 €/L","img":"https://fd11-photos.leclercdrive.fr/image.ashx?id=3008128&use=l&cat=p&typeid=i","cat":334873},{"id":230198,"n":"Gel nettoyant WC La Croix Ultra WC - 750ml","p":1.26,"u":"1,68 €/L","img":"https://fd11-photos.leclercdrive.fr/image.ashx?id=2721531&use=l&cat=p&typeid=i","cat":284662},{"id":230263,"n":"Détachant Avant Lavage  Paulette - 500ml","p":3.93,"u":"7,86 €/L","img":"https://fd11-photos.leclercdrive.fr/image.ashx?id=2810834&use=l&cat=p&typeid=i","cat":284651},{"id":230318,"n":"Talc boîte poudreuse Felce Azzurra - 200g","p":2.44,"u":"12,20 €/KG","img":"https://fd11-photos.leclercdrive.fr/image.ashx?id=2938935&use=l&cat=p&typeid=i","cat":284741},{"id":230371,"n":"Crème glacée L'Angelys Vanille cookies - 300g","p":5.25,"u":"17,50 €/KG","img":"https://fd11-photos.leclercdrive.fr/image.ashx?id=2963760&use=l&cat=p&typeid=i","cat":284725},{"id":230376,"n":"Creme glacée L'Angelys Coulis caramel - 300g","p":5.35,"u":"17,83 €/KG","img":"https://fd11-photos.leclercdrive.fr/image.ashx?id=2963772&use=l&cat=p&typeid=i","cat":284725},{"id":230634,"n":"Dattes Deglet Nour Eco+ Barquette 500g","p":1.77,"u":"3,54 €/KG","img":"https://fd11-photos.leclercdrive.fr/image.ashx?id=2747196&use=l&cat=p&typeid=i","cat":284357},{"id":230778,"n":"Purée façon écrasé Dahl Yooji Bio - Dès 8 mois - 400g","p":4.33,"u":"10,83 €/KG","img":"https://fd11-photos.leclercdrive.fr/image.ashx?id=2723869&use=l&cat=p&typeid=i","cat":290631},{"id":230830,"n":"Crackers Belin Monaco Emmental 110g","p":1.24,"u":"11,27 €/KG","img":"https://fd11-photos.leclercdrive.fr/image.ashx?id=3002228&use=l&cat=p&typeid=i","cat":297000},{"id":230863,"n":"Crackers Monaco Belin Emmental  170g","p":1.37,"u":"8,06 €/KG","img":"https://fd11-photos.leclercdrive.fr/image.ashx?id=3002231&use=l&cat=p&typeid=i","cat":297000},{"id":231096,"n":"Mayonnaise de Dijon Amora 385g","p":2.29,"u":"5,95 €/KG","img":"https://fd11-photos.leclercdrive.fr/image.ashx?id=3014659&use=l&cat=p&typeid=i","cat":298295},{"id":231282,"n":"Chips Street food Vico  Saveur tzatziki - 120g","p":1.25,"u":"10,42 €/KG","img":"https://fd11-photos.leclercdrive.fr/image.ashx?id=2985192&use=l&cat=p&typeid=i","cat":284447},{"id":231301,"n":"Nouilles au poulet  Tables du Monde - 900g","p":5.19,"u":"5,77 €/KG","img":"https://fd11-photos.leclercdrive.fr/image.ashx?id=2726794&use=l&cat=p&typeid=i","cat":284254},{"id":231316,"n":"Pétillant Festillant Cassis sans alcool - 75cl","p":3.55,"u":"4,73 €/L","img":"https://fd11-photos.leclercdrive.fr/image.ashx?id=2910189&use=l&cat=p&typeid=i","cat":289460},{"id":231368,"n":"Capsules café L'Or Espresso Supremo N°10 x30","p":9.07,"u":"58,14 €/KG","img":"https://fd11-photos.leclercdrive.fr/image.ashx?id=2788052&use=l&cat=p&typeid=i","cat":284749},{"id":231369,"n":"Capsules café L'Or Espresso Splendente N°7 x30","p":9.02,"u":"57,82 €/KG","img":"https://fd11-photos.leclercdrive.fr/image.ashx?id=2728846&use=l&cat=p&typeid=i","cat":284749},{"id":231370,"n":"Capsules café L'Or Espresso Ristretto N°11 x30","p":9.07,"u":"58,14 €/KG","img":"https://fd11-photos.leclercdrive.fr/image.ashx?id=2728843&use=l&cat=p&typeid=i","cat":284749},{"id":231371,"n":"Capsules café L'Or Espresso Forza N°9 x30","p":9.07,"u":"58,14 €/KG","img":"https://fd11-photos.leclercdrive.fr/image.ashx?id=3000468&use=l&cat=p&typeid=i","cat":284749},{"id":231375,"n":"Fromage Carré Eco+ 25%MG - 200g","p":1.56,"u":"7,80 €/KG","img":"https://fd11-photos.leclercdrive.fr/image.ashx?id=2728047&use=l&cat=p&typeid=i","cat":314033},{"id":231407,"n":"Concentré saveur limonade  Sodastream sans sucre - 440ml","p":4.99,"pp":3.99,"u":"9,07 €/L","img":"https://fd11-photos.leclercdrive.fr/image.ashx?id=2728768&use=l&cat=p&typeid=i","cat":295020},{"id":231570,"n":"Badoit bulles de fruits rouges 1l","p":1.47,"u":"1,47 €/L","img":"https://fd11-photos.leclercdrive.fr/image.ashx?id=2964676&use=l&cat=p&typeid=i","cat":284536},{"id":231656,"n":"Liquide vaisselle Mir  Dégraissant Secrets Japon-675ml","p":1.34,"u":"1,99 €/L","img":"https://fd11-photos.leclercdrive.fr/image.ashx?id=2740571&use=l&cat=p&typeid=i","cat":284655},{"id":231657,"n":"Tablettes lave-vaisselle Finish Power Plus - x35","p":7.33,"u":"13,09 €/KG","img":"https://fd11-photos.leclercdrive.fr/image.ashx?id=2749431&use=l&cat=p&typeid=i","cat":284656},{"id":231704,"n":"Lessive multi-usages St Marc  à la Résine de pin - 1,4kg","p":4.41,"u":"3,15 €/KG","img":"https://fd11-photos.leclercdrive.fr/image.ashx?id=2884645&use=l&cat=p&typeid=i","cat":325365},{"id":231708,"n":"Capsules lave-vaisselle Finish  Quantum - x46","p":9.4,"u":"19,67 €/KG","img":"https://fd11-photos.leclercdrive.fr/image.ashx?id=2749440&use=l&cat=p&typeid=i","cat":284656},{"id":231709,"n":"Capsules lave-vaisselle Finish Ultimate Plus Citron - x35","p":8.77,"u":"20,54 €/KG","img":"https://fd11-photos.leclercdrive.fr/image.ashx?id=2749437&use=l&cat=p&typeid=i","cat":284656},{"id":231710,"n":"Capsules lave-vaisselle Finish Ultimate Plus - x35","p":8.77,"u":"20,54 €/KG","img":"https://fd11-photos.leclercdrive.fr/image.ashx?id=2749434&use=l&cat=p&typeid=i","cat":284656},{"id":231712,"n":"Tablettes lave-vaisselle Finish Power Plus - x54","p":8.77,"u":"10,15 €/KG","img":"https://fd11-photos.leclercdrive.fr/image.ashx?id=2749425&use=l&cat=p&typeid=i","cat":284656},{"id":231713,"n":"Spray nettoyant Cillit Bang Expert crasse & calcaire 750ml","p":2.94,"u":"3,92 €/L","img":"https://fd11-photos.leclercdrive.fr/image.ashx?id=2839755&use=l&cat=p&typeid=i","cat":325362},{"id":231714,"n":"Spray nettoyant Cillit Bang  Expert Anti-moisissures - 750ml","p":2.9,"u":"3,87 €/L","img":"https://fd11-photos.leclercdrive.fr/image.ashx?id=2790114&use=l&cat=p&typeid=i","cat":325357},{"id":231715,"n":"Spray nettoyant Cillit Bang  Expert Javel - 750ml","p":2.89,"u":"3,85 €/L","img":"https://fd11-photos.leclercdrive.fr/image.ashx?id=2793653&use=l&cat=p&typeid=i","cat":325357},{"id":231719,"n":"Lessive capsules Super Croix X-tra Bora Bora x28  - 336g","p":7.79,"u":"23,18 €/KG","img":"https://fd11-photos.leclercdrive.fr/image.ashx?id=2876284&use=l&cat=p&typeid=i","cat":284641},{"id":231731,"n":"Crème glacée L'Angélys Stracciatella chocolat - 300g","p":5.32,"u":"17,73 €/KG","img":"https://fd11-photos.leclercdrive.fr/image.ashx?id=2963769&use=l&cat=p&typeid=i","cat":284725},{"id":231732,"n":"Crème glacée L'Angélys Vanille pécan caramel - 300g","p":5.07,"u":"16,90 €/KG","img":"https://fd11-photos.leclercdrive.fr/image.ashx?id=2963763&use=l&cat=p&typeid=i","cat":284725},{"id":231923,"n":"Liquide vaisselle Maison Verte  Dégraissant, écologique - 500ml","p":1.62,"u":"3,24 €/L","img":"https://fd11-photos.leclercdrive.fr/image.ashx?id=2890619&use=l&cat=p&typeid=i","cat":284655},{"id":231998,"n":"Saucisse cocktail Stephan Piment - 3x200g","p":6.1,"pp":4.03,"u":"6,72 €/KG","img":"https://fd11-photos.leclercdrive.fr/image.ashx?id=2767561&use=l&cat=p&typeid=i","cat":284450},{"id":232017,"n":"Huile lavante Sanex Natural Prebiotic Atopic  800ml","p":6.67,"u":"8,34 €/KG","img":"https://fd11-photos.leclercdrive.fr/image.ashx?id=2744083&use=l&cat=p&typeid=i","cat":284594},{"id":232022,"n":"Lessive capsules Super Croix  X-tra Japon x28 - 336g","p":8.22,"u":"24,46 €/KG","img":"https://fd11-photos.leclercdrive.fr/image.ashx?id=2876278&use=l&cat=p&typeid=i","cat":284641},{"id":232130,"n":"Lessive liquide Super Croix  X-tra Bora Bora x63 - 2.835L","p":12.69,"u":"4,48 €/L","img":"https://fd11-photos.leclercdrive.fr/image.ashx?id=2876269&use=l&cat=p&typeid=i","cat":284640},{"id":232183,"n":"Liquide vaisselle Mir  Dégraissant citron - 450ml","p":1.47,"u":"3,27 €/L","img":"https://fd11-photos.leclercdrive.fr/image.ashx?id=2744028&use=l&cat=p&typeid=i","cat":284655},{"id":232186,"n":"Liquide vaisselle Mir  Dégraissant orange - 450ml","p":1.57,"u":"3,49 €/L","img":"https://fd11-photos.leclercdrive.fr/image.ashx?id=2874907&use=l&cat=p&typeid=i","cat":284655},{"id":232193,"n":"Liquide vaisselle Mir vinaigre Pamplemousse dégraissant -450ml","p":1.77,"u":"3,93 €/L","img":"https://fd11-photos.leclercdrive.fr/image.ashx?id=2889346&use=l&cat=p&typeid=i","cat":284655},{"id":232195,"n":"Liquide vaisselle Mir  Peau sensible aloe vera - 450ml","p":1.47,"u":"3,27 €/L","img":"https://fd11-photos.leclercdrive.fr/image.ashx?id=2874904&use=l&cat=p&typeid=i","cat":284655},{"id":232230,"n":"Crème visage Mixa Expert Anti-tâches SPF20 - 50ml","p":9.51,"u":"190,20 €/L","img":"https://fd11-photos.leclercdrive.fr/image.ashx?id=2770551&use=l&cat=p&typeid=i","cat":325345},{"id":232231,"n":"Nettoyant confort visage Mixa Anti-secheresse - 150ml","p":5.39,"u":"35,93 €/L","img":"https://fd11-photos.leclercdrive.fr/image.ashx?id=2744171&use=l&cat=p&typeid=i","cat":284603},{"id":232309,"n":"Bloc WC Fresh Disc Canard Citron vert - 1x36ml","p":2.45,"img":"https://fd11-photos.leclercdrive.fr/image.ashx?id=2745769&use=l&cat=p&typeid=i","cat":284662},{"id":232321,"n":"Lessive capsules Tout-en-1 Skip Soin complet - x24 - 506.4g","p":11.08,"u":"21,90 €/KG","img":"https://fd11-photos.leclercdrive.fr/image.ashx?id=2773931&use=l&cat=p&typeid=i","cat":284641},{"id":232341,"n":"Bloc WC Canard Fresh Disc Fraîcheur marine - 36ml","p":2.32,"img":"https://fd11-photos.leclercdrive.fr/image.ashx?id=2747691&use=l&cat=p&typeid=i","cat":284662},{"id":232345,"n":"Adoucissant Soupline concentré Utra Emotion Rose - 1.28L - x60","p":6.36,"u":"4,97 €/L","img":"https://fd11-photos.leclercdrive.fr/image.ashx?id=2832575&use=l&cat=p&typeid=i","cat":284650},{"id":232348,"n":"Perles de linge Soupline Lavande - 230g","p":6.21,"u":"27,00 €/KG","img":"https://fd11-photos.leclercdrive.fr/image.ashx?id=2745835&use=l&cat=p&typeid=i","cat":325302},{"id":232356,"n":"Gel douche Sanex Zéro Family - Pompe - 700ml","p":5.65,"u":"8,07 €/L","img":"https://fd11-photos.leclercdrive.fr/image.ashx?id=2745859&use=l&cat=p&typeid=i","cat":284594},{"id":232357,"n":"Recharge Gel douche Sanex Zéro - Peaux sensibles - 500ml","p":3.3,"u":"6,60 €/L","img":"https://fd11-photos.leclercdrive.fr/image.ashx?id=2745856&use=l&cat=p&typeid=i","cat":284594},{"id":232371,"n":"Dentifrice enfant Elmex Anti-caries - 6-12 ans - 75ml","p":2.59,"u":"34,53 €/L","img":"https://fd11-photos.leclercdrive.fr/image.ashx?id=2747175&use=l&cat=p&typeid=i","cat":288898},{"id":232519,"n":"Pâtes Barilla Risoni - 500g","p":1.23,"u":"2,46 €/KG","img":"https://fd11-photos.leclercdrive.fr/image.ashx?id=2748665&use=l&cat=p&typeid=i","cat":284427},{"id":232520,"n":"Pâtes Barilla Ditalini Rigati - 500g","p":1.27,"u":"2,54 €/KG","img":"https://fd11-photos.leclercdrive.fr/image.ashx?id=2748668&use=l&cat=p&typeid=i","cat":284427},{"id":232740,"n":"Chips Tuiles Pringles HOT Barbecue Ribs - 160g","p":1.76,"u":"11,00 €/KG","img":"https://fd11-photos.leclercdrive.fr/image.ashx?id=2749506&use=l&cat=p&typeid=i","cat":287899},{"id":232778,"n":"Concentré agrumes Sodastream - 440ml","p":4.99,"pp":3.99,"u":"9,07 €/L","img":"https://fd11-photos.leclercdrive.fr/image.ashx?id=2871136&use=l&cat=p&typeid=i","cat":295020},{"id":232855,"n":"Purée façon écrasé Tajine Yooji Bio - Dès 8 mois - 400g","p":4.44,"u":"11,10 €/KG","img":"https://fd11-photos.leclercdrive.fr/image.ashx?id=2750570&use=l&cat=p&typeid=i","cat":312236},{"id":232857,"n":"Noisettes grillées sans sel  Couleurs Vives - 200g","p":3.49,"u":"17,45 €/KG","img":"https://fd11-photos.leclercdrive.fr/image.ashx?id=2749613&use=l&cat=p&typeid=i","cat":284357},{"id":232872,"n":"Brossettes interdentaires Gum Bi-direction - 1.2mmx6","p":2.99,"img":"https://fd11-photos.leclercdrive.fr/image.ashx?id=2750087&use=l&cat=p&typeid=i","cat":301595},{"id":232878,"n":"Brossettes interdentaires Gum Bi-direction - 0.9mmx6","p":3.49,"img":"https://fd11-photos.leclercdrive.fr/image.ashx?id=2750084&use=l&cat=p&typeid=i","cat":301595},{"id":232917,"n":"Shampooing douche Osmae Paradisiaque Tiaré - 1L","p":7.99,"u":"7,99 €/L","img":"https://fd11-photos.leclercdrive.fr/image.ashx?id=2751237&use=l&cat=p&typeid=i","cat":290400},{"id":232919,"n":"Gel douche Osmaé Rose impériale - 1L","p":7.25,"u":"7,25 €/L","img":"https://fd11-photos.leclercdrive.fr/image.ashx?id=2751231&use=l&cat=p&typeid=i","cat":301591},{"id":232921,"n":"Biberon Sensation Dodie Anti- Colique - Bleu - 50ml 0-6mois","p":5.79,"u":"38,60 €/L","img":"https://fd11-photos.leclercdrive.fr/image.ashx?id=2750042&use=l&cat=p&typeid=i","cat":290386},{"id":232961,"n":"Gel douche Sanex Zéro% Sensitive Pompe - 700ml","p":5.64,"u":"8,06 €/L","img":"https://fd11-photos.leclercdrive.fr/image.ashx?id=2751384&use=l&cat=p&typeid=i","cat":284594},{"id":232989,"n":"Spray nettoyant Cillit Bang  Expert Dégraissant - 750ml","p":2.89,"img":"https://fd11-photos.leclercdrive.fr/image.ashx?id=2751222&use=l&cat=p&typeid=i","cat":325357},{"id":233040,"n":"Collant Beauty resist Dim Semi-opaque - Noir - T1","p":5.19,"img":"https://fd11-photos.leclercdrive.fr/image.ashx?id=3002120&use=l&cat=p&typeid=i","cat":334130},{"id":233041,"n":"Collant Beauty resist Dim Semi-opaque - Noir - T2","p":5.19,"img":"https://fd11-photos.leclercdrive.fr/image.ashx?id=3002123&use=l&cat=p&typeid=i","cat":334130},{"id":233042,"n":"Collant Beauty resist Dim Semi-opaque - Noir - T3","p":5.19,"img":"https://fd11-photos.leclercdrive.fr/image.ashx?id=3002126&use=l&cat=p&typeid=i","cat":334130},{"id":233047,"n":"Collant Beauty Resist Dim Transparent - Noir - T2","p":5.5,"img":"https://fd11-photos.leclercdrive.fr/image.ashx?id=2753142&use=l&cat=p&typeid=i","cat":334130},{"id":233048,"n":"Collant Beauty Resist Transparent - Noir - T3","p":5.5,"img":"https://fd11-photos.leclercdrive.fr/image.ashx?id=2753145&use=l&cat=p&typeid=i","cat":334130},{"id":233049,"n":"Collant Beauty Resist Dim Transparent - Noir - T4","p":5.5,"img":"https://fd11-photos.leclercdrive.fr/image.ashx?id=2753148&use=l&cat=p&typeid=i","cat":334130},{"id":233051,"n":"Collant Body Touch Dim Ventre plat - Noir - T2","p":10.98,"img":"https://fd11-photos.leclercdrive.fr/image.ashx?id=3003152&use=l&cat=p&typeid=i","cat":334130},{"id":233053,"n":"Collant Body Touch Dim Ventre plat - Noir - T3","p":10.98,"img":"https://fd11-photos.leclercdrive.fr/image.ashx?id=3002000&use=l&cat=p&typeid=i","cat":334130},{"id":233073,"n":"Collant Dim Opaque velouté - Marine T3/4","p":6.17,"img":"https://fd11-photos.leclercdrive.fr/image.ashx?id=2751702&use=l&cat=p&typeid=i","cat":334130},{"id":233137,"n":"Masque cheveux Fructis Réparateur - Papaye - 320ml","p":5.7,"u":"17,81 €/L","img":"https://fd11-photos.leclercdrive.fr/image.ashx?id=2754036&use=l&cat=p&typeid=i","cat":284608},{"id":233151,"n":"Masque cheveux fructis Nourrissant - Banana - 320ml","p":5.7,"u":"17,81 €/L","img":"https://fd11-photos.leclercdrive.fr/image.ashx?id=2754042&use=l&cat=p&typeid=i","cat":284608},{"id":233153,"n":"Masque cheveux Fructis Nutrition Beurre de cacao 320ml","p":5.7,"u":"17,81 €/L","img":"https://fd11-photos.leclercdrive.fr/image.ashx?id=2788763&use=l&cat=p&typeid=i","cat":284608},{"id":233154,"n":"Masque cheveux Fructis Hydratant - Aloe Vera - 320ml","p":5.7,"u":"17,81 €/L","img":"https://fd11-photos.leclercdrive.fr/image.ashx?id=2754048&use=l&cat=p&typeid=i","cat":284608},{"id":233280,"n":"Nouilles Tables du Monde Boeuf - 3x65g","p":1.25,"u":"6,41 €/KG","img":"https://fd11-photos.leclercdrive.fr/image.ashx?id=2752545&use=l&cat=p&typeid=i","cat":288992},{"id":233369,"n":"Trieur 8 positions PP Esquisse Polypropylène-21x29,7cm- Divers","p":3.65,"img":"https://fd11-photos.leclercdrive.fr/image.ashx?id=2754910&use=l&cat=p&typeid=i","cat":284745},{"id":233414,"n":"Ciseaux gaucher Esquissse Multicoloris - 13cm","p":0.89,"img":"https://fd11-photos.leclercdrive.fr/image.ashx?id=2754916&use=l&cat=p&typeid=i","cat":334133},{"id":233436,"n":"Coquille St-Jacques et fruits  de mer Eco+ 360g","p":3.97,"u":"11,03 €/KG","img":"https://fd11-photos.leclercdrive.fr/image.ashx?id=2754249&use=l&cat=p&typeid=i","cat":319787},{"id":233443,"n":"Escalopes de dinde Eco+ x5 - 600g","p":5.98,"u":"9,97 €/KG","img":"https://fd11-photos.leclercdrive.fr/image.ashx?id=2759187&use=l&cat=p&typeid=i","cat":284337},{"id":233473,"n":"Bière blonde Leffe Prestige 124 8,5% - 75cl","p":4.07,"u":"5,43 €/L","img":"https://fd11-photos.leclercdrive.fr/image.ashx?id=2755816&use=l&cat=p&typeid=i","cat":334852},{"id":233474,"n":"Bière blonde Leffe Prestige  8,5% - 12x25cl","p":12.88,"u":"4,29 €/L","img":"https://fd11-photos.leclercdrive.fr/image.ashx?id=2755819&use=l&cat=p&typeid=i","cat":334852},{"id":233623,"n":"Baume corps Le Petit Marseillais - Monoï - 380ml","p":6.76,"u":"17,79 €/L","img":"https://fd11-photos.leclercdrive.fr/image.ashx?id=2908171&use=l&cat=p&typeid=i","cat":325350},{"id":233626,"n":"Spray démêlant Le Petit Marseillais Pamplemousse 200ml","p":3.63,"u":"18,15 €/L","img":"https://fd11-photos.leclercdrive.fr/image.ashx?id=2758099&use=l&cat=p&typeid=i","cat":284608},{"id":233629,"n":"Shampooing Le Petit Marseillais Force & éclat - 300ml","p":1.91,"u":"6,37 €/L","img":"https://fd11-photos.leclercdrive.fr/image.ashx?id=2758090&use=l&cat=p&typeid=i","cat":284606},{"id":233630,"n":"Shampooing Le Petit Marseillais Nutrition - 300ml","p":1.91,"u":"6,37 €/L","img":"https://fd11-photos.leclercdrive.fr/image.ashx?id=2758093&use=l&cat=p&typeid=i","cat":284606},{"id":233631,"n":"Shampooing Le Petit Marseillais Purifiant - 300ml","p":1.91,"u":"6,37 €/L","img":"https://fd11-photos.leclercdrive.fr/image.ashx?id=2758096&use=l&cat=p&typeid=i","cat":284606},{"id":233637,"n":"Concentré Sodastream Grenadine - 440ml","p":4.99,"pp":3.99,"u":"9,07 €/L","img":"https://fd11-photos.leclercdrive.fr/image.ashx?id=2765360&use=l&cat=p&typeid=i","cat":295020},{"id":233638,"n":"Concentré Sodastream Orange - 440ml","p":4.99,"pp":3.99,"u":"9,07 €/L","img":"https://fd11-photos.leclercdrive.fr/image.ashx?id=2765522&use=l&cat=p&typeid=i","cat":295020},{"id":233639,"n":"Concentré Sodastream Limonade - 440ml","p":4.99,"pp":3.99,"u":"90,68 €/L","img":"https://fd11-photos.leclercdrive.fr/image.ashx?id=2758758&use=l&cat=p&typeid=i","cat":295020},{"id":233640,"n":"Concentré Sodastream Tonic - 440ml","p":4.99,"pp":3.99,"u":"9,07 €/L","img":"https://fd11-photos.leclercdrive.fr/image.ashx?id=2765525&use=l&cat=p&typeid=i","cat":295020},{"id":233645,"n":"Café Soluble Starbucks Caramel Latte 5 sticks - 115g","p":2.9,"u":"25,22 €/KG","img":"https://fd11-photos.leclercdrive.fr/image.ashx?id=2766099&use=l&cat=p&typeid=i","cat":284843},{"id":233649,"n":"Bouchées vapeur aux crevettes Tables du Monde x8 - 164g","p":3.17,"u":"19,33 €/KG","img":"https://fd11-photos.leclercdrive.fr/image.ashx?id=2757949&use=l&cat=p&typeid=i","cat":319774},{"id":233886,"n":"Dosettes café Senseo Cappuccino x8","p":3.03,"u":"32,93 €/KG","img":"https://fd11-photos.leclercdrive.fr/image.ashx?id=2760187&use=l&cat=p&typeid=i","cat":293238},{"id":233944,"n":"Couches Carryboo de nos Régions Couches locales Taille 1 - x24","p":5.45,"img":"https://fd11-photos.leclercdrive.fr/image.ashx?id=2924353&use=l&cat=p&typeid=i","cat":284737},{"id":233947,"n":"Lessive capsules 3en1 Omo Rose & Lilas Blanc - 502g x29","p":9.1,"u":"18,13 €/KG","img":"https://fd11-photos.leclercdrive.fr/image.ashx?id=2841610&use=l&cat=p&typeid=i","cat":284641},{"id":233950,"n":"Lessive capsules 3en1 Omo Jasmin fleur de coton 502g x29","p":6.36,"u":"12,67 €/KG","img":"https://fd11-photos.leclercdrive.fr/image.ashx?id=2841613&use=l&cat=p&typeid=i","cat":284641},{"id":233953,"n":"Lessive liquide Skip Cycle  Court Efficacité Express x37","p":10.28,"u":"6,95 €/L","img":"https://fd11-photos.leclercdrive.fr/image.ashx?id=2910240&use=l&cat=p&typeid=i","cat":284640},{"id":233955,"n":"Lessive liquide Skip Cycle Court Odeur Control x37","p":10.28,"u":"6,95 €/L","img":"https://fd11-photos.leclercdrive.fr/image.ashx?id=2927735&use=l&cat=p&typeid=i","cat":284640},{"id":233956,"n":"Lessive liquide Omo Rose & Lilas Blanc - 1.76L","p":9.75,"u":"5,53 €/L","img":"https://fd11-photos.leclercdrive.fr/image.ashx?id=2818208&use=l&cat=p&typeid=i","cat":284640},{"id":233984,"n":"Nouilles instantanées Daisuki Curry Pirikara - 61g","p":1.7,"u":"27,87 €/KG","img":"https://fd11-photos.leclercdrive.fr/image.ashx?id=2762007&use=l&cat=p&typeid=i","cat":288992},{"id":234155,"n":"Déodorant bille femme Ushuaïa Grenade açores - 50ml","p":2.74,"u":"54,80 €/L","img":"https://fd11-photos.leclercdrive.fr/image.ashx?id=2789092&use=l&cat=p&typeid=i","cat":284595},{"id":234156,"n":"Déodorant bille Ushuaïa Vanille - 50ml","p":2.74,"u":"54,80 €/L","img":"https://fd11-photos.leclercdrive.fr/image.ashx?id=2769023&use=l&cat=p&typeid=i","cat":284595},{"id":234157,"n":"Déodorant spray Ushuaïa Grenade - 200ml","p":2.74,"u":"13,70 €/L","img":"https://fd11-photos.leclercdrive.fr/image.ashx?id=2769026&use=l&cat=p&typeid=i","cat":284595},{"id":234159,"n":"Déodorant spray Ushuaïa Vanille - 200ml","p":2.74,"u":"13,70 €/L","img":"https://fd11-photos.leclercdrive.fr/image.ashx?id=2769032&use=l&cat=p&typeid=i","cat":284595},{"id":234252,"n":"Lessive liquide Woolite Noir et foncés - 2L","p":5.22,"u":"2,61 €/L","img":"https://fd11-photos.leclercdrive.fr/image.ashx?id=2776338&use=l&cat=p&typeid=i","cat":284640},{"id":234297,"n":"Recharge Sense & Spray Glade Zen - 2x18ml","p":6.93,"pp":4.16,"u":"115,56 €/L","img":"https://fd11-photos.leclercdrive.fr/image.ashx?id=2763700&use=l&cat=p&typeid=i","cat":311629},{"id":234298,"n":"Recharge Sense & Spray Glade Bois Santal et Jasmin - 2x18ml","p":6.93,"pp":4.16,"u":"115,56 €/L","img":"https://fd11-photos.leclercdrive.fr/image.ashx?id=2763706&use=l&cat=p&typeid=i","cat":311629},{"id":234299,"n":"Recharge Sense & Spray Glade Linge propre - 2x18ml","p":6.93,"pp":4.16,"u":"115,56 €/L","img":"https://fd11-photos.leclercdrive.fr/image.ashx?id=2763697&use=l&cat=p&typeid=i","cat":311629},{"id":234300,"n":"Recharge Sense & Spray Glade Vanille - 2x18ml","p":6.93,"pp":4.16,"u":"115,56 €/L","img":"https://fd11-photos.leclercdrive.fr/image.ashx?id=2763703&use=l&cat=p&typeid=i","cat":311629},{"id":234370,"n":"Cornichons Croq'Vert  Amora Extra-fins aux épices 210g","p":1.91,"u":"9,10 €/KG","img":"https://fd11-photos.leclercdrive.fr/image.ashx?id=2770671&use=l&cat=p&typeid=i","cat":284458},{"id":234375,"n":"Nouilles Tables du Monde Poulet - 3x65g","p":1.39,"u":"7,13 €/KG","img":"https://fd11-photos.leclercdrive.fr/image.ashx?id=2763045&use=l&cat=p&typeid=i","cat":288992},{"id":234379,"n":"Bâtonnets Magnum Euphoria Pink limonade x3 - 208g","p":2.87,"u":"13,80 €/KG","img":"https://fd11-photos.leclercdrive.fr/image.ashx?id=2788121&use=l&cat=p&typeid=i","cat":284265},{"id":234380,"n":"Bâtonnets Magnum Chill Blueberry cookie x3 - 210g","p":3.23,"u":"15,38 €/KG","img":"https://fd11-photos.leclercdrive.fr/image.ashx?id=2764041&use=l&cat=p&typeid=i","cat":284265},{"id":234601,"n":"Plateau de crevettes cocktail L'Atelier Poissonnerie - 130g","p":4.69,"u":"36,08 €/KG","img":"https://fd11-photos.leclercdrive.fr/image.ashx?id=2917903&use=l&cat=p&typeid=i","cat":284343},{"id":234799,"n":"Rillettes de thon sel Guérande Les Mouettes d'Arvor - 125g","p":2.96,"u":"23,68 €/KG","img":"https://fd11-photos.leclercdrive.fr/image.ashx?id=2767917&use=l&cat=p&typeid=i","cat":303867},{"id":234867,"n":"Mini nems au porc Tables du Monde x8 - 240g","p":2.82,"u":"11,75 €/KG","img":"https://fd11-photos.leclercdrive.fr/image.ashx?id=2768487&use=l&cat=p&typeid=i","cat":319774},{"id":234869,"n":"Gâteau moelleux Chocalin Harrys Cacao et Chocolat X10 - 350G","p":3.28,"u":"9,37 €/KG","img":"https://fd11-photos.leclercdrive.fr/image.ashx?id=2962464&use=l&cat=p&typeid=i","cat":284495},{"id":234870,"n":"Gâteaux Choco Mousse Harrys Fourrés au chocolat  X8 - 280G","p":2.66,"u":"9,50 €/KG","img":"https://fd11-photos.leclercdrive.fr/image.ashx?id=2985069&use=l&cat=p&typeid=i","cat":284495},{"id":234872,"n":"Houmous Florette 175g","p":2.89,"u":"16,51 €/KG","img":"https://fd11-photos.leclercdrive.fr/image.ashx?id=2768963&use=l&cat=p&typeid=i","cat":315999},{"id":234875,"n":"Purée de tomates Heinz x 3 - 212g","p":1.92,"u":"3,02 €/KG","img":"https://fd11-photos.leclercdrive.fr/image.ashx?id=2927004&use=l&cat=p&typeid=i","cat":288384},{"id":234959,"n":"Croissants prêts à cuire Eco+ x20 - 1.1kg","p":5.7,"u":"5,18 €/KG","img":"https://fd11-photos.leclercdrive.fr/image.ashx?id=2770286&use=l&cat=p&typeid=i","cat":284267},{"id":234960,"n":"Pains au chocolat Eco+ x20 - 1.2kg","p":5.99,"u":"4,99 €/KG","img":"https://fd11-photos.leclercdrive.fr/image.ashx?id=2770289&use=l&cat=p&typeid=i","cat":284267},{"id":235051,"n":"Repas bébé Blédichef 12 mois  Risotto épinards Kiri - 230g","p":2.08,"u":"9,04 €/KG","img":"https://fd11-photos.leclercdrive.fr/image.ashx?id=2852375&use=l&cat=p&typeid=i","cat":312237},{"id":235065,"n":"Repas bébé Blédichef 15 mois  Pâtes poireaux et kiri -250g","p":2.08,"u":"8,32 €/KG","img":"https://fd11-photos.leclercdrive.fr/image.ashx?id=2928420&use=l&cat=p&typeid=i","cat":312238},{"id":235066,"n":"Repas bébé Blédichef 12 mois Potirons et panais -2x230g","p":3.93,"u":"8,54 €/KG","img":"https://fd11-photos.leclercdrive.fr/image.ashx?id=2935780&use=l&cat=p&typeid=i","cat":312237},{"id":235070,"n":"Repas bébé Blédichef 15 mois Lasagne épinards merlu -230g","p":3.01,"u":"13,09 €/KG","img":"https://fd11-photos.leclercdrive.fr/image.ashx?id=2865635&use=l&cat=p&typeid=i","cat":312238},{"id":235079,"n":"Lait infantile Hipp Biologique Bio Dès 6 mois Combiotic  800g","p":17.38,"u":"21,73 €/KG","img":"https://fd11-photos.leclercdrive.fr/image.ashx?id=2926828&use=l&cat=p&typeid=i","cat":284727},{"id":235080,"n":"Plat cuisiné William Saurin  Blanquette volaille - 320g","p":3.6,"u":"11,25 €/KG","img":"https://fd11-photos.leclercdrive.fr/image.ashx?id=2966017&use=l&cat=p&typeid=i","cat":284953},{"id":235081,"n":"Plat cuisiné William Saurin Trio gourmand boeuf - 320g","p":3.85,"u":"12,03 €/KG","img":"https://fd11-photos.leclercdrive.fr/image.ashx?id=2986386&use=l&cat=p&typeid=i","cat":284953},{"id":235082,"n":"Plat cuisiné William Saurin Trio gourmand merlu - 320g","p":3.88,"u":"12,13 €/KG","img":"https://fd11-photos.leclercdrive.fr/image.ashx?id=2986389&use=l&cat=p&typeid=i","cat":284953},{"id":235083,"n":"Plat cuisiné William Saurin Trio gourmand poulet pesto 320g","p":3.86,"u":"12,06 €/KG","img":"https://fd11-photos.leclercdrive.fr/image.ashx?id=2986383&use=l&cat=p&typeid=i","cat":284953},{"id":235084,"n":"Plat cuisiné William Saurin Trio gourmand 320g","p":3.63,"u":"11,34 €/KG","img":"https://fd11-photos.leclercdrive.fr/image.ashx?id=2986380&use=l&cat=p&typeid=i","cat":284953},{"id":235247,"n":"M&M's Peanut x5 180g","p":1.95,"u":"10,83 €/KG","img":"https://fd11-photos.leclercdrive.fr/image.ashx?id=3009011&use=l&cat=p&typeid=i","cat":304238},{"id":235260,"n":"Pâte Lotus Biscoff Speculoos Creamy - 410g","p":3.68,"u":"8,98 €/KG","img":"https://fd11-photos.leclercdrive.fr/image.ashx?id=2776208&use=l&cat=p&typeid=i","cat":284481},{"id":235364,"n":"Friandises chat Whiskas  Poulet et fromage - 60g","p":0.75,"u":"12,50 €/KG","img":"https://fd11-photos.leclercdrive.fr/image.ashx?id=2976851&use=l&cat=p&typeid=i","cat":285285},{"id":235404,"n":"Lait éveil croissance Lactel  système immunitaire - 6x1L","p":13.2,"u":"2,20 €/L","img":"https://fd11-photos.leclercdrive.fr/image.ashx?id=2776531&use=l&cat=p&typeid=i","cat":284728},{"id":235414,"n":"Lait en poudre Modilac Actigest LF+1 Bébé 0-6 mois - 800g","p":20.87,"u":"26,09 €/KG","img":"https://fd11-photos.leclercdrive.fr/image.ashx?id=2981184&use=l&cat=p&typeid=i","cat":284726},{"id":235445,"n":"Céréales bébé Blédina  complètes au miel - 70g","p":1.89,"u":"27,00 €/KG","img":"https://fd11-photos.leclercdrive.fr/image.ashx?id=2776826&use=l&cat=p&typeid=i","cat":312225},{"id":235786,"n":"Tablette lave-vaisselle Visior Tout-en-un - x45 - 765g","p":5.27,"u":"6,89 €/KG","img":"https://fd11-photos.leclercdrive.fr/image.ashx?id=2954902&use=l&cat=p&typeid=i","cat":284656},{"id":235828,"n":"Sac poubelle  Elembal Rectangle coulissant - 40L x 20","p":2.99,"u":"0,15 €/P","img":"https://fd11-photos.leclercdrive.fr/image.ashx?id=2793338&use=l&cat=p&typeid=i","cat":285168},{"id":235861,"n":"Pack 2 cartouches Brita Filtrantes Maxtra Pro All-in-1","p":19.1,"img":"https://fd11-photos.leclercdrive.fr/image.ashx?id=2950549&use=l&cat=p&typeid=i","cat":334135},{"id":235863,"n":"Pack 4 cartouches Brita Filtrantes Maxtra Pro All-in-1","p":28.9,"img":"https://fd11-photos.leclercdrive.fr/image.ashx?id=2950552&use=l&cat=p&typeid=i","cat":334135},{"id":235864,"n":"Carafe filtrante Marella Brita Blanche - 2.4L - x1 recharge","p":21.9,"img":"https://fd11-photos.leclercdrive.fr/image.ashx?id=2878276&use=l&cat=p&typeid=i","cat":334135},{"id":235870,"n":"Chocolat Côte d'Or selection 187g","p":8.44,"pp":5.91,"u":"31,60 €/KG","img":"https://fd11-photos.leclercdrive.fr/image.ashx?id=2916453&use=l&cat=p&typeid=i","cat":327595},{"id":236050,"n":"Lait bébé en poudre Calisma Gallia Junior Dès 18 mois 830g","p":10.67,"u":"12,86 €/KG","img":"https://fd11-photos.leclercdrive.fr/image.ashx?id=2907860&use=l&cat=p&typeid=i","cat":290219},{"id":236236,"n":"Café en capsules Lavazza Tales of Roma x10 - 57g","p":3.65,"u":"64,04 €/KG","img":"https://fd11-photos.leclercdrive.fr/image.ashx?id=2919042&use=l&cat=p&typeid=i","cat":284749},{"id":236240,"n":"Café en capsules Lavazza Tales  of Napoli x10 - 55g","p":3.65,"u":"66,36 €/KG","img":"https://fd11-photos.leclercdrive.fr/image.ashx?id=2919039&use=l&cat=p&typeid=i","cat":284749},{"id":236251,"n":"Dragées Mentos Fanta orange  4 rouleaux - 150g","p":2.28,"u":"15,20 €/KG","img":"https://fd11-photos.leclercdrive.fr/image.ashx?id=2813107&use=l&cat=p&typeid=i","cat":304256},{"id":236412,"n":"Truite fumée des Pyrénées 4 tranches - 180g","p":7.6,"u":"42,22 €/KG","img":"https://fd11-photos.leclercdrive.fr/image.ashx?id=2960963&use=l&cat=p&typeid=i","cat":285188},{"id":236465,"n":"Chocolat L'escargot Lanvin Noir - 362g","p":14.5,"u":"40,06 €/KG","img":"https://fd11-photos.leclercdrive.fr/image.ashx?id=2903836&use=l&cat=p&typeid=i","cat":327595},{"id":236595,"n":"Fromage rapé Leerdammer  Fruité fondant 150g","p":2.23,"u":"14,87 €/KG","img":"https://fd11-photos.leclercdrive.fr/image.ashx?id=2793578&use=l&cat=p&typeid=i","cat":314035},{"id":236809,"n":"Pavé de saumon Eco+ 2x110g","p":4.99,"u":"22,68 €/KG","img":"https://fd11-photos.leclercdrive.fr/image.ashx?id=2796330&use=l&cat=p&typeid=i","cat":284342},{"id":236810,"n":"Pavé de saumon Eco+ 4x110g","p":8.99,"u":"20,43 €/KG","img":"https://fd11-photos.leclercdrive.fr/image.ashx?id=2796333&use=l&cat=p&typeid=i","cat":284342},{"id":236985,"n":"Pâte de fruits Motta Assortiment - 200g","p":4.06,"u":"20,30 €/KG","img":"https://fd11-photos.leclercdrive.fr/image.ashx?id=2797527&use=l&cat=p&typeid=i","cat":327606},{"id":236986,"n":"Marrons glacés Motta x15 - 255g","p":15.1,"u":"59,22 €/KG","img":"https://fd11-photos.leclercdrive.fr/image.ashx?id=2797530&use=l&cat=p&typeid=i","cat":327603},{"id":236988,"n":"Motta marrons glacés Gros morceaux - 220g","p":9.11,"u":"41,41 €/KG","img":"https://fd11-photos.leclercdrive.fr/image.ashx?id=2797536&use=l&cat=p&typeid=i","cat":327603},{"id":237016,"n":"Boïte Chocolat Jacquot Lait Noir & Blanc - 222g","p":6.85,"u":"30,86 €/KG","img":"https://fd11-photos.leclercdrive.fr/image.ashx?id=2796734&use=l&cat=p&typeid=i","cat":327595},{"id":237018,"n":"Boïte Chocolat Jacquot Chocolat au lait - 214g","p":6.49,"u":"30,33 €/KG","img":"https://fd11-photos.leclercdrive.fr/image.ashx?id=2796740&use=l&cat=p&typeid=i","cat":327595},{"id":237019,"n":"Boïte Chocolat Jacquot Chocolat au lait - 424g","p":8.47,"u":"19,98 €/KG","img":"https://fd11-photos.leclercdrive.fr/image.ashx?id=2796737&use=l&cat=p&typeid=i","cat":327595},{"id":237022,"n":"Pâtes de fruits Jacquot Exotiques - 550g","p":6.2,"u":"11,27 €/KG","img":"https://fd11-photos.leclercdrive.fr/image.ashx?id=2796704&use=l&cat=p&typeid=i","cat":327606},{"id":237030,"n":"Primizie Dufour Gels de fruits - 500g","p":7.0,"pp":4.62,"u":"9,24 €/KG","img":"https://fd11-photos.leclercdrive.fr/image.ashx?id=2797094&use=l&cat=p&typeid=i","cat":327606},{"id":237036,"n":"Petits plaisirs Ferrero Rocher Mix 3 goûts - 200g","p":7.05,"u":"35,25 €/KG","img":"https://fd11-photos.leclercdrive.fr/image.ashx?id=2945017&use=l&cat=p&typeid=i","cat":327600},{"id":237038,"n":"Bouchées Raffaello x12 -120g","p":4.86,"u":"40,50 €/KG","img":"https://fd11-photos.leclercdrive.fr/image.ashx?id=2945011&use=l&cat=p&typeid=i","cat":284499},{"id":237039,"n":"Bouchées Mon Chéri Liqueur cerise x12 - 126g","p":4.86,"u":"38,57 €/KG","img":"https://fd11-photos.leclercdrive.fr/image.ashx?id=2945014&use=l&cat=p&typeid=i","cat":284499},{"id":237040,"n":"Boîte Grand assortiment Ferrero Chocolat - x20 - 197g","p":9.79,"u":"49,70 €/KG","img":"https://fd11-photos.leclercdrive.fr/image.ashx?id=2909251&use=l&cat=p&typeid=i","cat":327595},{"id":237047,"n":"Moulage Kinder Caramel - 110g","p":3.62,"u":"32,91 €/KG","img":"https://fd11-photos.leclercdrive.fr/image.ashx?id=2797013&use=l&cat=p&typeid=i","cat":327592},{"id":237048,"n":"Moulage chocolat Kinder Hibou Bleu - 138g","p":4.74,"u":"34,35 €/KG","img":"https://fd11-photos.leclercdrive.fr/image.ashx?id=2797010&use=l&cat=p&typeid=i","cat":327592},{"id":237053,"n":"Boîte chocolat Kinder Happy Moments Sapin - 243g","p":8.34,"u":"34,32 €/KG","img":"https://fd11-photos.leclercdrive.fr/image.ashx?id=2945790&use=l&cat=p&typeid=i","cat":327592},{"id":237055,"n":"Sac mix Kinder Assortiment chocolat - 223g","p":10.17,"u":"45,61 €/KG","img":"https://fd11-photos.leclercdrive.fr/image.ashx?id=2940534&use=l&cat=p&typeid=i","cat":327592},{"id":237056,"n":"Chocolat Ferrero Collection Grand assortiment x42 - 441g","p":16.65,"u":"37,76 €/KG","img":"https://fd11-photos.leclercdrive.fr/image.ashx?id=2940540&use=l&cat=p&typeid=i","cat":327595},{"id":237057,"n":"Chocolat Ferrero Collection Grand assortiment x43 - 432g","p":16.65,"u":"38,54 €/KG","img":"https://fd11-photos.leclercdrive.fr/image.ashx?id=2940543&use=l&cat=p&typeid=i","cat":327595},{"id":237069,"n":"Coffret cadeau magique Hamlet Chocolats Belges - 200g","p":11.95,"pp":8.96,"u":"44,80 €/KG","img":"https://fd11-photos.leclercdrive.fr/image.ashx?id=2839328&use=l&cat=p&typeid=i","cat":327595},{"id":237073,"n":"Bombe Libeert Triple chocolat - 80g","p":3.89,"u":"48,63 €/KG","img":"https://fd11-photos.leclercdrive.fr/image.ashx?id=2801476&use=l&cat=p&typeid=i","cat":327592},{"id":237074,"n":"Tablette noël Libeert Chocolat au lait - 100g","p":2.3,"u":"23,00 €/KG","img":"https://fd11-photos.leclercdrive.fr/image.ashx?id=2796977&use=l&cat=p&typeid=i","cat":327592},{"id":237111,"n":"Cornet Piemonte Hazelnut Creations Chocolat au lait 150g","p":5.41,"u":"36,07 €/KG","img":"https://fd11-photos.leclercdrive.fr/image.ashx?id=2798289&use=l&cat=p&typeid=i","cat":327595},{"id":237112,"n":"Cornet Nocciolata Hazelnut Creations Chocolat au lait 150g","p":5.3,"u":"35,33 €/KG","img":"https://fd11-photos.leclercdrive.fr/image.ashx?id=2798295&use=l&cat=p&typeid=i","cat":327595},{"id":237113,"n":"Cornet Cremino Hazelnut Creations Chocolat au lait 150g","p":5.35,"u":"35,67 €/KG","img":"https://fd11-photos.leclercdrive.fr/image.ashx?id=2798292&use=l&cat=p&typeid=i","cat":327595},{"id":237114,"n":"Cornet Piemonte Hazelnut Creations Chocolat noir - 150g","p":5.4,"u":"36,00 €/KG","img":"https://fd11-photos.leclercdrive.fr/image.ashx?id=2798298&use=l&cat=p&typeid=i","cat":327595},{"id":237115,"n":"Cornet Cremino Hazelnut Creations Chocolat noir - 150g","p":5.41,"u":"36,07 €/KG","img":"https://fd11-photos.leclercdrive.fr/image.ashx?id=2798304&use=l&cat=p&typeid=i","cat":327595},{"id":237116,"n":"Cornet Nocciolata Hazelnut Creations Chocolat noir - 150g","p":5.45,"u":"36,33 €/KG","img":"https://fd11-photos.leclercdrive.fr/image.ashx?id=2798301&use=l&cat=p&typeid=i","cat":327595},{"id":237120,"n":"Père Noël Milka Party mix - 61g","p":3.68,"u":"60,33 €/KG","img":"https://fd11-photos.leclercdrive.fr/image.ashx?id=2796998&use=l&cat=p&typeid=i","cat":327592},{"id":237127,"n":"Boîte chocolat Lanvin Mixte chocolats - 285g","p":10.28,"u":"36,07 €/KG","img":"https://fd11-photos.leclercdrive.fr/image.ashx?id=2797145&use=l&cat=p&typeid=i","cat":327595},{"id":237128,"n":"Assortiment chocolat Lanvin Chocolat noir - 294g","p":14.3,"u":"48,64 €/KG","img":"https://fd11-photos.leclercdrive.fr/image.ashx?id=2966149&use=l&cat=p&typeid=i","cat":327595},{"id":237129,"n":"Les Bouchées Les Recettes de L'Atelier - Lait et noir - 398G","p":14.75,"pp":11.06,"u":"27,79 €/KG","img":"https://fd11-photos.leclercdrive.fr/image.ashx?id=2797106&use=l&cat=p&typeid=i","cat":327595},{"id":237131,"n":"Boîte chocolat Lanvin Assortiment chocolat Lait 274g","p":14.3,"u":"52,19 €/KG","img":"https://fd11-photos.leclercdrive.fr/image.ashx?id=2797139&use=l&cat=p&typeid=i","cat":327595},{"id":237132,"n":"L'escargot chocolat Lanvin Trio Lait Blanc Noir - 362g","p":14.59,"u":"40,30 €/KG","img":"https://fd11-photos.leclercdrive.fr/image.ashx?id=2966146&use=l&cat=p&typeid=i","cat":327595},{"id":237133,"n":"L'escargot Lanvin Chocolat Blanc - 362g","p":12.26,"u":"33,87 €/KG","img":"https://fd11-photos.leclercdrive.fr/image.ashx?id=2897402&use=l&cat=p&typeid=i","cat":327595},{"id":237134,"n":"L'escargot chocolat Lanvin Duo Lait noir - 362G","p":14.59,"u":"40,30 €/KG","img":"https://fd11-photos.leclercdrive.fr/image.ashx?id=2902843&use=l&cat=p&typeid=i","cat":327595},{"id":237136,"n":"L'escargot chocolat Lanvin Chocolat au lait - 362g","p":12.26,"u":"33,87 €/KG","img":"https://fd11-photos.leclercdrive.fr/image.ashx?id=2987005&use=l&cat=p&typeid=i","cat":327595},{"id":237137,"n":"Bouchées Les Recettes de L'Atelier - Noir - 401g","p":14.75,"pp":11.06,"u":"27,58 €/KG","img":"https://fd11-photos.leclercdrive.fr/image.ashx?id=2960102&use=l&cat=p&typeid=i","cat":327595},{"id":237140,"n":"L'escargot trio Lanvin Lait Amande Caramel - 362g","p":14.59,"u":"40,30 €/KG","img":"https://fd11-photos.leclercdrive.fr/image.ashx?id=2897405&use=l&cat=p&typeid=i","cat":327595},{"id":237143,"n":"Barre nougat Chabert & Guillot Blanc - Provence IGP - 100g","p":3.56,"u":"35,60 €/KG","img":"https://fd11-photos.leclercdrive.fr/image.ashx?id=2796656&use=l&cat=p&typeid=i","cat":327605},{"id":237145,"n":"Papillotes Pâtes de fruit chocolaterie du Forez - 420g","p":6.38,"u":"151,90 €/KG","img":"https://fd11-photos.leclercdrive.fr/image.ashx?id=2797825&use=l&cat=p&typeid=i","cat":327597},{"id":237146,"n":"Papillotes Pâtes de fruit Chocolaterie du Forez - 840g","p":13.98,"u":"166,43 €/KG","img":"https://fd11-photos.leclercdrive.fr/image.ashx?id=2797828&use=l&cat=p&typeid=i","cat":327597},{"id":237148,"n":"Papillotes Révillon Pétard Lait blanc - 300g","p":9.79,"u":"32,63 €/KG","img":"https://fd11-photos.leclercdrive.fr/image.ashx?id=2798036&use=l&cat=p&typeid=i","cat":327597},{"id":237156,"n":"Boîte chocolat Révillon Grand assortiment lait - 407g","p":17.63,"u":"43,32 €/KG","img":"https://fd11-photos.leclercdrive.fr/image.ashx?id=2900788&use=l&cat=p&typeid=i","cat":327595},{"id":237157,"n":"Boîte chocolat Révillon Grand Assortiment Noir 70% Lait 404g","p":17.63,"u":"43,64 €/KG","img":"https://fd11-photos.leclercdrive.fr/image.ashx?id=2900794&use=l&cat=p&typeid=i","cat":327595},{"id":237158,"n":"Boîte chocolat Révillon Noir 70% Lait Blanc - 409g","p":16.99,"u":"41,54 €/KG","img":"https://fd11-photos.leclercdrive.fr/image.ashx?id=2900797&use=l&cat=p&typeid=i","cat":327595},{"id":237159,"n":"Boîte chocolat Révillon Grand Assortiment Noir 70% - 409g","p":17.63,"u":"43,11 €/KG","img":"https://fd11-photos.leclercdrive.fr/image.ashx?id=2900791&use=l&cat=p&typeid=i","cat":327595},{"id":237160,"n":"Boîte chocolat Révillon Alcool Noir 70% Lait Blanc - 420g","p":17.63,"u":"41,98 €/KG","img":"https://fd11-photos.leclercdrive.fr/image.ashx?id=2900800&use=l&cat=p&typeid=i","cat":327595},{"id":237168,"n":"Minis Bonhommes Riegelein Chocolat lait 33% Cacao - 100g","p":2.73,"u":"27,30 €/KG","img":"https://fd11-photos.leclercdrive.fr/image.ashx?id=2796938&use=l&cat=p&typeid=i","cat":327592},{"id":237170,"n":"Minis Oursons Riegelein Chocolat lait 33% Cacao - 100g","p":2.71,"u":"27,10 €/KG","img":"https://fd11-photos.leclercdrive.fr/image.ashx?id=2849217&use=l&cat=p&typeid=i","cat":327592},{"id":237173,"n":"Chalet garni de noël Riegelein Moulage chocolat au lait - 174g","p":5.99,"u":"34,43 €/KG","img":"https://fd11-photos.leclercdrive.fr/image.ashx?id=2796950&use=l&cat=p&typeid=i","cat":327592},{"id":237174,"n":"Moulage chocolat Riegelein Oursons panda - Lait - 100g","p":2.65,"u":"26,50 €/KG","img":"https://fd11-photos.leclercdrive.fr/image.ashx?id=2796953&use=l&cat=p&typeid=i","cat":327592},{"id":237177,"n":"Sachet cornet Napo Eichetti Confiserie de cacao - 200g","p":2.15,"u":"10,75 €/KG","img":"https://fd11-photos.leclercdrive.fr/image.ashx?id=2796920&use=l&cat=p&typeid=i","cat":327592},{"id":237839,"n":"Cartouches filtrantes Brita Maxtra pro Pack de 6","p":39.19,"img":"https://fd11-photos.leclercdrive.fr/image.ashx?id=2950555&use=l&cat=p&typeid=i","cat":334135},{"id":237851,"n":"Mini Flam's Coté table x12 - 360g","p":5.99,"u":"16,64 €/KG","img":"https://fd11-photos.leclercdrive.fr/image.ashx?id=2801282&use=l&cat=p&typeid=i","cat":319774},{"id":237896,"n":"Moulage chocolat Kinder Hibou Rouge - 138g","p":4.74,"u":"34,35 €/KG","img":"https://fd11-photos.leclercdrive.fr/image.ashx?id=2799038&use=l&cat=p&typeid=i","cat":327592},{"id":237900,"n":"Chaussette Kinder&Co Bleue Assortiment chocolat - 212g","p":9.97,"u":"47,03 €/KG","img":"https://fd11-photos.leclercdrive.fr/image.ashx?id=2799050&use=l&cat=p&typeid=i","cat":327592},{"id":237901,"n":"Chaussette Kinder&Co Rouge Assortiment chocolat - 212g","p":9.97,"u":"47,03 €/KG","img":"https://fd11-photos.leclercdrive.fr/image.ashx?id=2803939&use=l&cat=p&typeid=i","cat":327592},{"id":237911,"n":"Chocolats avec Peluche Fizzy Ginger Friends fille - 100g","p":7.95,"u":"6,63 €/KG","img":"https://fd11-photos.leclercdrive.fr/image.ashx?id=2799080&use=l&cat=p&typeid=i","cat":284958},{"id":237931,"n":"Assortiment de chocolats belges Hamlet - 200g","p":6.89,"pp":4.55,"u":"22,75 €/KG","img":"https://fd11-photos.leclercdrive.fr/image.ashx?id=2797897&use=l&cat=p&typeid=i","cat":327595},{"id":237933,"n":"Chocolat arbre de Noël Hamlet 200g","p":6.89,"pp":4.55,"u":"22,75 €/KG","img":"https://fd11-photos.leclercdrive.fr/image.ashx?id=2800983&use=l&cat=p&typeid=i","cat":327595},{"id":237940,"n":"Pâtes Barilla Fusilloni  Al Bronzo - 500g","p":1.92,"u":"3,84 €/KG","img":"https://fd11-photos.leclercdrive.fr/image.ashx?id=2797906&use=l&cat=p&typeid=i","cat":284427},{"id":237950,"n":"Pâtes Barilla Linguine  Al Bronzo - 500g","p":1.92,"u":"3,84 €/KG","img":"https://fd11-photos.leclercdrive.fr/image.ashx?id=2798683&use=l&cat=p&typeid=i","cat":284427},{"id":238073,"n":"Soda Coca-Cola Sans Sucres Bouteille - Pack 6x50CL","p":5.54,"u":"1,85 €/L","img":"https://fd11-photos.leclercdrive.fr/image.ashx?id=2860532&use=l&cat=p&typeid=i","cat":284530},{"id":238264,"n":"Chocolats Caffarel Noisettes - 200g","p":10.95,"pp":7.23,"u":"36,15 €/KG","img":"https://fd11-photos.leclercdrive.fr/image.ashx?id=2872204&use=l&cat=p&typeid=i","cat":327595},{"id":238313,"n":"Nouilles Tables du Monde Curry - 3x65g","p":1.39,"u":"7,13 €/KG","img":"https://fd11-photos.leclercdrive.fr/image.ashx?id=2799850&use=l&cat=p&typeid=i","cat":288992},{"id":238377,"n":"Mousse à raser Wilkinson 200ml","p":3.06,"u":"15,30 €/L","img":"https://fd11-photos.leclercdrive.fr/image.ashx?id=2801252&use=l&cat=p&typeid=i","cat":284617},{"id":238378,"n":"Gel à raser Wilkinson 200ml","p":3.81,"u":"19,05 €/L","img":"https://fd11-photos.leclercdrive.fr/image.ashx?id=2801255&use=l&cat=p&typeid=i","cat":284617},{"id":238379,"n":"Mousse à raser mini Wilkinson 75ml","p":2.5,"u":"33,33 €/L","img":"https://fd11-photos.leclercdrive.fr/image.ashx?id=2895008&use=l&cat=p&typeid=i","cat":284617},{"id":238410,"n":"Pancakes bio Yooji pour bébé Carotte et Maïs 120g","p":2.56,"u":"21,33 €/KG","img":"https://fd11-photos.leclercdrive.fr/image.ashx?id=2800950&use=l&cat=p&typeid=i","cat":290631},{"id":238411,"n":"Pancakes bio Yooji pour bébé Petit pois epinard 120g","p":3.83,"u":"31,92 €/KG","img":"https://fd11-photos.leclercdrive.fr/image.ashx?id=2800953&use=l&cat=p&typeid=i","cat":290631},{"id":238415,"n":"Pancakes bio Yooji pour bébé Banane 120g","p":2.93,"u":"24,42 €/KG","img":"https://fd11-photos.leclercdrive.fr/image.ashx?id=2800956&use=l&cat=p&typeid=i","cat":312394},{"id":238425,"n":"Chewing-gum Freedent Refreshers  Mangue Ananas 67g","p":3.28,"u":"48,96 €/KG","img":"https://fd11-photos.leclercdrive.fr/image.ashx?id=2897294&use=l&cat=p&typeid=i","cat":304251},{"id":238426,"n":"Chewing-gum Refreshers  Fraise citron, 67g","p":3.28,"u":"48,96 €/KG","img":"https://fd11-photos.leclercdrive.fr/image.ashx?id=2877019&use=l&cat=p&typeid=i","cat":304251},{"id":238534,"n":"Boîte assortiment réglisse Noël Haribo - 600g","p":5.25,"u":"8,75 €/KG","img":"https://fd11-photos.leclercdrive.fr/image.ashx?id=2906100&use=l&cat=p&typeid=i","cat":304250},{"id":238536,"n":"Choco mini cacahuète Noël Haribo - 280g","p":4.91,"pp":3.44,"u":"12,29 €/KG","img":"https://fd11-photos.leclercdrive.fr/image.ashx?id=2817416&use=l&cat=p&typeid=i","cat":304250},{"id":238538,"n":"Mini chamallows choco Noël Haribo - 280g","p":4.95,"pp":3.46,"u":"12,36 €/KG","img":"https://fd11-photos.leclercdrive.fr/image.ashx?id=2801860&use=l&cat=p&typeid=i","cat":304250},{"id":238567,"n":"Masque cheveux Fructis Garnier Longueur & glow Ananas - 320ml","p":6.27,"u":"19,59 €/L","img":"https://fd11-photos.leclercdrive.fr/image.ashx?id=2802129&use=l&cat=p&typeid=i","cat":284608},{"id":238713,"n":"Chocolat Noel Libeert  - 90g","p":4.86,"u":"54,00 €/KG","img":"https://fd11-photos.leclercdrive.fr/image.ashx?id=2802659&use=l&cat=p&typeid=i","cat":327592},{"id":238730,"n":"Sarment chocolat noir orange Mademoiselle de Margaux 150g","p":6.67,"u":"44,47 €/KG","img":"https://fd11-photos.leclercdrive.fr/image.ashx?id=2802572&use=l&cat=p&typeid=i","cat":327601},{"id":238731,"n":"Sarment chocolat noir & menthe Mademoiselle de Margaux 150g","p":6.67,"u":"44,47 €/KG","img":"https://fd11-photos.leclercdrive.fr/image.ashx?id=2802569&use=l&cat=p&typeid=i","cat":327601},{"id":238734,"n":"Sarment chocolat  lait  caramel Mademoiselle de Margaux - 150g","p":6.67,"u":"44,47 €/KG","img":"https://fd11-photos.leclercdrive.fr/image.ashx?id=2802560&use=l&cat=p&typeid=i","cat":327601},{"id":238785,"n":"Jambon Le tranché fin  Dégustation 4 tranches 120g","p":2.55,"u":"21,25 €/KG","img":"https://fd11-photos.leclercdrive.fr/image.ashx?id=2889298&use=l&cat=p&typeid=i","cat":316009},{"id":238899,"n":"Yaourt protéiné Skyr Yoplait Vanille 0%Mg - 450g","p":2.34,"u":"5,20 €/KG","img":"https://fd11-photos.leclercdrive.fr/image.ashx?id=2884447&use=l&cat=p&typeid=i","cat":315000},{"id":239039,"n":"Noix de Cajou Daco Bello Maxi format 375g","p":5.79,"u":"15,44 €/KG","img":"https://fd11-photos.leclercdrive.fr/image.ashx?id=2806991&use=l&cat=p&typeid=i","cat":284448},{"id":239059,"n":"Foie gras canard Labeyrie Entier - 190g","p":28.49,"u":"149,95 €/KG","img":"https://fd11-photos.leclercdrive.fr/image.ashx?id=2805147&use=l&cat=p&typeid=i","cat":316008},{"id":239076,"n":"Foie gras de canard Larnaudie Entier - 160g","p":23.5,"u":"146,88 €/KG","img":"https://fd11-photos.leclercdrive.fr/image.ashx?id=2918637&use=l&cat=p&typeid=i","cat":316008},{"id":239081,"n":"Foie gras de canard IGP Maison Rey - 180 g","p":16.47,"u":"91,50 €/KG","img":"https://fd11-photos.leclercdrive.fr/image.ashx?id=2833888&use=l&cat=p&typeid=i","cat":316008},{"id":239105,"n":"Pâte à tartiner noisettes Lucien Georgelin - 400g","p":5.15,"u":"12,88 €/KG","img":"https://fd11-photos.leclercdrive.fr/image.ashx?id=2805390&use=l&cat=p&typeid=i","cat":284481},{"id":239205,"n":"Coloration Palette N°800 Châtain foncé x1","p":3.71,"img":"https://fd11-photos.leclercdrive.fr/image.ashx?id=2817476&use=l&cat=p&typeid=i","cat":288899},{"id":239206,"n":"Coloration Palette N°900 Noir - x1","p":3.71,"img":"https://fd11-photos.leclercdrive.fr/image.ashx?id=2817479&use=l&cat=p&typeid=i","cat":288899},{"id":239207,"n":"Coloration Palette N°909 Noir bleuté - x1","p":4.23,"img":"https://fd11-photos.leclercdrive.fr/image.ashx?id=2911294&use=l&cat=p&typeid=i","cat":288899},{"id":239217,"n":"Lingettes Décolor Stop  Anti-décoloration x40","p":5.39,"u":"0,13 €/P","img":"https://fd11-photos.leclercdrive.fr/image.ashx?id=2976785&use=l&cat=p&typeid=i","cat":290450},{"id":239218,"n":"Lingettes Décolor Stop  Anti-décoloration x52","p":5.69,"u":"0,11 €/P","img":"https://fd11-photos.leclercdrive.fr/image.ashx?id=2805264&use=l&cat=p&typeid=i","cat":290450},{"id":239220,"n":"Bain de Bouche Listerine Haleine Fraiche 500ml","p":3.88,"u":"7,76 €/L","img":"https://fd11-photos.leclercdrive.fr/image.ashx?id=2806309&use=l&cat=p&typeid=i","cat":284613},{"id":239221,"n":"Bain de Bouche Listerine Total Care 10 en 1-500ml","p":4.89,"u":"9,78 €/L","img":"https://fd11-photos.leclercdrive.fr/image.ashx?id=2806312&use=l&cat=p&typeid=i","cat":284613},{"id":239225,"n":"Bain de Bouche Listerine Total Care - Sans alcool 500ml","p":4.09,"u":"8,18 €/L","img":"https://fd11-photos.leclercdrive.fr/image.ashx?id=2806321&use=l&cat=p&typeid=i","cat":284613},{"id":239226,"n":"Adoucissant recharge Soupline à diluer Grand Air - 600ml","p":2.18,"u":"3,63 €/L","img":"https://fd11-photos.leclercdrive.fr/image.ashx?id=2957314&use=l&cat=p&typeid=i","cat":284650},{"id":239228,"n":"Adoucissant recharge Soupline à diluer Moment Magique-600ml","p":2.65,"u":"4,42 €/L","img":"https://fd11-photos.leclercdrive.fr/image.ashx?id=2863027&use=l&cat=p&typeid=i","cat":284650},{"id":239233,"n":"Dentifrice Colgate Soin complet - 75ml","p":2.21,"u":"29,47 €/L","img":"https://fd11-photos.leclercdrive.fr/image.ashx?id=2836196&use=l&cat=p&typeid=i","cat":284612},{"id":239281,"n":"Essuie-Tout Sopalin  Edition limitée  x4= 8 rouleaux","p":4.0,"u":"1,00 €/P","img":"https://fd11-photos.leclercdrive.fr/image.ashx?id=2964075&use=l&cat=p&typeid=i","cat":284635},{"id":239327,"n":"Foie gras de canard entier à l'Armagnac - Montfort - 130g","p":11.46,"u":"88,15 €/KG","img":"https://fd11-photos.leclercdrive.fr/image.ashx?id=2806129&use=l&cat=p&typeid=i","cat":305148},{"id":239328,"n":"Foie gras de canard entier à l'ancienne - Montfort - 130g","p":11.01,"u":"84,69 €/KG","img":"https://fd11-photos.leclercdrive.fr/image.ashx?id=2806126&use=l&cat=p&typeid=i","cat":305148},{"id":239329,"n":"Foie gras de canard entier Salé poivré - Montfort - 130g","p":10.73,"u":"82,54 €/KG","img":"https://fd11-photos.leclercdrive.fr/image.ashx?id=2887638&use=l&cat=p&typeid=i","cat":305148},{"id":239371,"n":"Capsules café L'Or Espresso Supremo N°10 x50","p":14.2,"u":"54,62 €/KG","img":"https://fd11-photos.leclercdrive.fr/image.ashx?id=3000480&use=l&cat=p&typeid=i","cat":284749},{"id":239398,"n":"Parfait de chapon Maître Coq Poireaux lardons - 1.2kg","p":29.52,"u":"24,60 €/KG","img":"https://fd11-photos.leclercdrive.fr/image.ashx?id=2806967&use=l&cat=p&typeid=i","cat":327289},{"id":239399,"n":"Parfait de chapon Maître Coq Aux morilles - 1.2kg","p":29.44,"u":"24,53 €/KG","img":"https://fd11-photos.leclercdrive.fr/image.ashx?id=2806970&use=l&cat=p&typeid=i","cat":327289},{"id":239401,"n":"Parfait de chapon Maître Coq Figues marrons - 1.2kg","p":28.58,"u":"23,82 €/KG","img":"https://fd11-photos.leclercdrive.fr/image.ashx?id=2806973&use=l&cat=p&typeid=i","cat":327289},{"id":239414,"n":"Paupiette porc Maître Jacques Pommes marrons -  500g","p":7.44,"u":"14,88 €/KG","img":"https://fd11-photos.leclercdrive.fr/image.ashx?id=2807024&use=l&cat=p&typeid=i","cat":327289},{"id":239478,"n":"Burger Géant Jacquet Nature x4 - 330g","p":1.1,"u":"3,33 €/KG","img":"https://fd11-photos.leclercdrive.fr/image.ashx?id=3010981&use=l&cat=p&typeid=i","cat":325067},{"id":239678,"n":"Purée façon écrasé Risotto  Yooji 8 mois - 400g","p":4.27,"u":"10,68 €/KG","img":"https://fd11-photos.leclercdrive.fr/image.ashx?id=2811482&use=l&cat=p&typeid=i","cat":312236},{"id":239867,"n":"Soupe Légumes du Soleil Knorr - 600ml","p":2.7,"u":"4,50 €/L","img":"https://fd11-photos.leclercdrive.fr/image.ashx?id=2953079&use=l&cat=p&typeid=i","cat":284462},{"id":239871,"n":"Soupe Douceur à l'Italienne Knorr - 600ml","p":2.85,"u":"4,75 €/L","img":"https://fd11-photos.leclercdrive.fr/image.ashx?id=2950906&use=l&cat=p&typeid=i","cat":284462},{"id":239879,"n":"Soupe Liebig Legumes lait de coco - 1L","p":4.01,"u":"4,01 €/L","img":"https://fd11-photos.leclercdrive.fr/image.ashx?id=2810639&use=l&cat=p&typeid=i","cat":284462},{"id":239881,"n":"Soupe Douceur de 8 légumes Knorr - 1L","p":3.22,"u":"3,22 €/L","img":"https://fd11-photos.leclercdrive.fr/image.ashx?id=2944509&use=l&cat=p&typeid=i","cat":284462},{"id":239883,"n":"Velouté Eco+ Poireaux pomme de terre","p":0.87,"u":"0,87 €/L","img":"https://fd11-photos.leclercdrive.fr/image.ashx?id=2808724&use=l&cat=p&typeid=i","cat":284462},{"id":239888,"n":"Bouillon Maggi Tomate vermicelle - 70g","p":0.59,"u":"8,43 €/KG","img":"https://fd11-photos.leclercdrive.fr/image.ashx?id=2811713&use=l&cat=p&typeid=i","cat":288379},{"id":239889,"n":"Soupe Douceur d'Automne Knorr - 2x30cl","p":2.7,"u":"4,50 €/L","img":"https://fd11-photos.leclercdrive.fr/image.ashx?id=2953076&use=l&cat=p&typeid=i","cat":284462},{"id":239891,"n":"Poule aux vermicelles Maggi 65g","p":0.63,"u":"9,69 €/KG","img":"https://fd11-photos.leclercdrive.fr/image.ashx?id=2811716&use=l&cat=p&typeid=i","cat":288379},{"id":239902,"n":"Saumon en croûte Côté Table 700g","p":7.49,"u":"10,70 €/KG","img":"https://fd11-photos.leclercdrive.fr/image.ashx?id=2808733&use=l&cat=p&typeid=i","cat":319776},{"id":239939,"n":"Bols ratatouille Bledina  poulet &huile d'olive - 400g","p":2.73,"u":"6,83 €/KG","img":"https://fd11-photos.leclercdrive.fr/image.ashx?id=2975122&use=l&cat=p&typeid=i","cat":312236},{"id":239942,"n":"Bols parmentier Bledina Carottes boeuf - 2x200g","p":2.84,"u":"7,10 €/KG","img":"https://fd11-photos.leclercdrive.fr/image.ashx?id=2975125&use=l&cat=p&typeid=i","cat":312235},{"id":239944,"n":"Bols écrasé Bledina Petits pois riz cabillaud 400g","p":2.84,"u":"7,10 €/KG","img":"https://fd11-photos.leclercdrive.fr/image.ashx?id=2975128&use=l&cat=p&typeid=i","cat":312236},{"id":239945,"n":"Gourdes Bledina Fruits multivariété - 720g","p":7.27,"u":"10,10 €/KG","img":"https://fd11-photos.leclercdrive.fr/image.ashx?id=2810654&use=l&cat=p&typeid=i","cat":312393},{"id":240234,"n":"Bûche glacée Pilpa Duo de Vanilles - 535g","p":5.27,"u":"9,85 €/KG","img":"https://fd11-photos.leclercdrive.fr/image.ashx?id=2812765&use=l&cat=p&typeid=i","cat":284266},{"id":240338,"n":"Laque Elnett Fixation normale  200ml","p":5.85,"u":"29,25 €/L","img":"https://fd11-photos.leclercdrive.fr/image.ashx?id=2814064&use=l&cat=p&typeid=i","cat":284609},{"id":240425,"n":"Soda à l'orange Orangina 1,5L","p":1.87,"u":"1,25 €/L","img":"https://fd11-photos.leclercdrive.fr/image.ashx?id=2946499&use=l&cat=p&typeid=i","cat":284532},{"id":240426,"n":"Soda à l'orange Orangina 2x1,5L","p":3.94,"u":"1,31 €/L","img":"https://fd11-photos.leclercdrive.fr/image.ashx?id=2812690&use=l&cat=p&typeid=i","cat":284532},{"id":240427,"n":"Soda à l'orange Orangina 12x33cl","p":7.44,"u":"1,88 €/L","img":"https://fd11-photos.leclercdrive.fr/image.ashx?id=2946505&use=l&cat=p&typeid=i","cat":284532},{"id":240428,"n":"Soda à l'orange Orangina 6x33cl","p":3.57,"u":"1,80 €/L","img":"https://fd11-photos.leclercdrive.fr/image.ashx?id=2946502&use=l&cat=p&typeid=i","cat":284532},{"id":240842,"n":"Skyr nature Délisse 4x100g","p":1.72,"u":"4,30 €/KG","img":"https://fd11-photos.leclercdrive.fr/image.ashx?id=2992588&use=l&cat=p&typeid=i","cat":315000},{"id":240852,"n":"Cèpes morceaux L'Origine du Goût 300g","p":4.05,"u":"13,50 €/KG","img":"https://fd11-photos.leclercdrive.fr/image.ashx?id=2814917&use=l&cat=p&typeid=i","cat":319805},{"id":240873,"n":"Mini pots de glace Trium Cookie Dough x4 - 288g","p":3.99,"u":"13,85 €/KG","img":"https://fd11-photos.leclercdrive.fr/image.ashx?id=2814893&use=l&cat=p&typeid=i","cat":284725},{"id":240919,"n":"Morilles sauvages entières L'Origine du Goût 150g","p":5.99,"u":"39,93 €/KG","img":"https://fd11-photos.leclercdrive.fr/image.ashx?id=2814968&use=l&cat=p&typeid=i","cat":319805},{"id":240920,"n":"Saumon fumé Delpeyrat Noorvège 4 tranches - 120g","p":4.7,"u":"39,17 €/KG","img":"https://fd11-photos.leclercdrive.fr/image.ashx?id=2901713&use=l&cat=p&typeid=i","cat":285188},{"id":241497,"n":"Foie gras de canard Pierre de Chaumeyrac 150g","p":13.9,"u":"92,67 €/KG","img":"https://fd11-photos.leclercdrive.fr/image.ashx?id=2817226&use=l&cat=p&typeid=i","cat":316008},{"id":241498,"n":"Foie gras de canard entier Pierre de Chaumeyrac 200g","p":16.99,"u":"84,95 €/KG","img":"https://fd11-photos.leclercdrive.fr/image.ashx?id=2817229&use=l&cat=p&typeid=i","cat":316008},{"id":241500,"n":"Mousse foie gras de canard Eco+ 2x40g","p":3.35,"u":"41,88 €/KG","img":"https://fd11-photos.leclercdrive.fr/image.ashx?id=2817223&use=l&cat=p&typeid=i","cat":316008},{"id":241513,"n":"Bloc foie gras de canard  Pierre de Chaumeyrac 200g","p":11.59,"u":"57,95 €/KG","img":"https://fd11-photos.leclercdrive.fr/image.ashx?id=2817238&use=l&cat=p&typeid=i","cat":316008},{"id":241922,"n":"Coffret Biscuits Mère Poulard Mythique - 750g","p":15.3,"u":"20,40 €/KG","img":"https://fd11-photos.leclercdrive.fr/image.ashx?id=2827920&use=l&cat=p&typeid=i","cat":284490},{"id":242218,"n":"Lingettes Mixa bébé au lait x80","p":2.84,"u":"0,04 €/P","img":"https://fd11-photos.leclercdrive.fr/image.ashx?id=2828079&use=l&cat=p&typeid=i","cat":284738},{"id":242226,"n":"Déodorant Mixa Anti-transpirant 48h","p":2.69,"u":"53,80 €/L","img":"https://fd11-photos.leclercdrive.fr/image.ashx?id=2869116&use=l&cat=p&typeid=i","cat":284595},{"id":242258,"n":"Laque Elnett 300ml","p":7.45,"u":"24,83 €/L","img":"https://fd11-photos.leclercdrive.fr/image.ashx?id=2828019&use=l&cat=p&typeid=i","cat":284609},{"id":242259,"n":"Laque Elnett fixation forte 300ml","p":7.64,"u":"25,47 €/L","img":"https://fd11-photos.leclercdrive.fr/image.ashx?id=2828016&use=l&cat=p&typeid=i","cat":284609},{"id":242261,"n":"Laque Elnett Fixation normale 400ml","p":9.27,"u":"23,18 €/L","img":"https://fd11-photos.leclercdrive.fr/image.ashx?id=2828025&use=l&cat=p&typeid=i","cat":284609},{"id":242262,"n":"Laque Elnett Fixation forte 400ml","p":9.6,"u":"24,00 €/L","img":"https://fd11-photos.leclercdrive.fr/image.ashx?id=2828022&use=l&cat=p&typeid=i","cat":284609},{"id":242439,"n":"Foie gras poivre malabar L'Origine du Goût - 150g","p":14.5,"u":"96,67 €/KG","img":"https://fd11-photos.leclercdrive.fr/image.ashx?id=2834845&use=l&cat=p&typeid=i","cat":305148},{"id":242606,"n":"Foie gras Jean Larnaudie Entier du Sud Ouest - 200g","p":29.01,"u":"145,05 €/KG","img":"https://fd11-photos.leclercdrive.fr/image.ashx?id=2915844&use=l&cat=p&typeid=i","cat":316008},{"id":242706,"n":"Crème dessert Danette Praliné - 4x125g","p":1.62,"u":"3,24 €/KG","img":"https://fd11-photos.leclercdrive.fr/image.ashx?id=2918556&use=l&cat=p&typeid=i","cat":285041},{"id":242707,"n":"Crème dessert Danette Petit-beurre chocolat 4x125g","p":1.64,"u":"3,28 €/KG","img":"https://fd11-photos.leclercdrive.fr/image.ashx?id=2928414&use=l&cat=p&typeid=i","cat":285041},{"id":242712,"n":"Skyr Danone Cerise - 2x140g","p":2.28,"u":"8,14 €/KG","img":"https://fd11-photos.leclercdrive.fr/image.ashx?id=2826570&use=l&cat=p&typeid=i","cat":315000},{"id":242715,"n":"Kéfir à boire Activia Mangue - 280g","p":1.71,"u":"6,11 €/KG","img":"https://fd11-photos.leclercdrive.fr/image.ashx?id=2983015&use=l&cat=p&typeid=i","cat":284415},{"id":242719,"n":"Yaourt protéiné Hipro Fraise - 2x160g","p":2.27,"u":"7,09 €/KG","img":"https://fd11-photos.leclercdrive.fr/image.ashx?id=2945418&use=l&cat=p&typeid=i","cat":315000},{"id":242805,"n":"Granions pilulier magnésium Bisglycinate - 59g - x60","p":11.99,"u":"203,22 €/KG","img":"https://fd11-photos.leclercdrive.fr/image.ashx?id=2824040&use=l&cat=p&typeid=i","cat":301264},{"id":242808,"n":"Complément alimentaire Pro Keracys Cheveux 3x90 comprimés","p":21.89,"img":"https://fd11-photos.leclercdrive.fr/image.ashx?id=3008881&use=l&cat=p&typeid=i","cat":301266},{"id":242809,"n":"Complément alimentaire Granions Chondrostéo Articulations 280g","p":17.89,"u":"63,89 €/KG","img":"https://fd11-photos.leclercdrive.fr/image.ashx?id=2841502&use=l&cat=p&typeid=i","cat":301268},{"id":243161,"n":"Gel minceur Eafit 360 - Amincissant - 200ml","p":24.42,"u":"122,10 €/L","img":"https://fd11-photos.leclercdrive.fr/image.ashx?id=2841828&use=l&cat=p&typeid=i","cat":291161},{"id":243168,"n":"Lait de croissance Optipro 3 En poudre - 860g","p":10.38,"u":"12,07 €/KG","img":"https://fd11-photos.leclercdrive.fr/image.ashx?id=2855780&use=l&cat=p&typeid=i","cat":290219},{"id":243334,"n":"Mini blinis Delpeyrat x20 - 168g","p":2.64,"u":"15,71 €/KG","img":"https://fd11-photos.leclercdrive.fr/image.ashx?id=2896150&use=l&cat=p&typeid=i","cat":285191},{"id":243688,"n":"Concentré de citron Frucci 75cl","p":1.54,"u":"2,05 €/L","img":"https://fd11-photos.leclercdrive.fr/image.ashx?id=2865308&use=l&cat=p&typeid=i","cat":295020},{"id":243689,"n":"Boisson energisante X-Tense Energisante pina coco - 50cl","p":0.98,"u":"1,96 €/L","img":"https://fd11-photos.leclercdrive.fr/image.ashx?id=2956798&use=l&cat=p&typeid=i","cat":284533},{"id":243704,"n":"Complément alimentaire Granions Probiotiques 45 milliards d'ufc","p":24.08,"img":"https://fd11-photos.leclercdrive.fr/image.ashx?id=2851198&use=l&cat=p&typeid=i","cat":301268},{"id":243706,"n":"Boisson energisante X-tense  Tropical - 50cl","p":0.98,"u":"1,96 €/L","img":"https://fd11-photos.leclercdrive.fr/image.ashx?id=2956795&use=l&cat=p&typeid=i","cat":284533},{"id":243948,"n":"Complément alimentaire Granions Morosil 400mg - x60 comprimés","p":19.99,"u":"356,96 €/KG","img":"https://fd11-photos.leclercdrive.fr/image.ashx?id=2834623&use=l&cat=p&typeid=i","cat":301264},{"id":243963,"n":"Lessive liquide Winni's Savon d'Alep & Verveine 1125ml","p":6.41,"u":"5,70 €/L","img":"https://fd11-photos.leclercdrive.fr/image.ashx?id=2834539&use=l&cat=p&typeid=i","cat":284640},{"id":243971,"n":"Liquide vaisselle Winni's Citron vert - Ecolabel - 500ml","p":2.1,"u":"4,20 €/L","img":"https://fd11-photos.leclercdrive.fr/image.ashx?id=2834557&use=l&cat=p&typeid=i","cat":284655},{"id":243977,"n":"Vinaigre de nettoyage Clair 5L","p":5.01,"u":"1,00 €/L","img":"https://fd11-photos.leclercdrive.fr/image.ashx?id=2834190&use=l&cat=p&typeid=i","cat":325362},{"id":244204,"n":"Poêlée Champêtre Ec0+ 1kg","p":2.49,"img":"https://fd11-photos.leclercdrive.fr/image.ashx?id=2835045&use=l&cat=p&typeid=i","cat":319823},{"id":244205,"n":"Poêlée de légumes 1kg","p":2.49,"u":"2,49 €/KG","img":"https://fd11-photos.leclercdrive.fr/image.ashx?id=2835048&use=l&cat=p&typeid=i","cat":319823},{"id":244218,"n":"Croquettes Friskies chat adulte Thon Légumes - 3kg","p":8.31,"u":"2,77 €/KG","img":"https://fd11-photos.leclercdrive.fr/image.ashx?id=2835148&use=l&cat=p&typeid=i","cat":284680},{"id":244229,"n":"Croquettes Friskies chat adulte Lapin Poulet Légumes - 1.5kg","p":4.36,"u":"2,91 €/KG","img":"https://fd11-photos.leclercdrive.fr/image.ashx?id=2835160&use=l&cat=p&typeid=i","cat":284680},{"id":244230,"n":"Croquettes Friskies chat adulte Poulet Légumes - 3kg","p":7.29,"u":"2,43 €/KG","img":"https://fd11-photos.leclercdrive.fr/image.ashx?id=2835151&use=l&cat=p&typeid=i","cat":284680},{"id":244234,"n":"Croquettes Friskies chat adulte Saumon Légumes - 1.5kg","p":3.86,"u":"2,57 €/KG","img":"https://fd11-photos.leclercdrive.fr/image.ashx?id=2860586&use=l&cat=p&typeid=i","cat":284680},{"id":244235,"n":"Croquettes Friskies chat adulte  Boeuf Poulet Légumes - 1.5kg","p":3.86,"u":"2,57 €/KG","img":"https://fd11-photos.leclercdrive.fr/image.ashx?id=2835154&use=l&cat=p&typeid=i","cat":284680},{"id":244351,"n":"Shampooing Elsève Color vive 250ml","p":2.35,"u":"9,40 €/L","img":"https://fd11-photos.leclercdrive.fr/image.ashx?id=2989318&use=l&cat=p&typeid=i","cat":284606},{"id":244354,"n":"Shampooing Garnier Ultra doux  Miel - 250ml","p":2.06,"u":"8,24 €/L","img":"https://fd11-photos.leclercdrive.fr/image.ashx?id=2836502&use=l&cat=p&typeid=i","cat":284606},{"id":244356,"n":"Shampooing Garnier Ultra doux  Avocat 250ml","p":2.05,"u":"8,20 €/L","img":"https://fd11-photos.leclercdrive.fr/image.ashx?id=2836499&use=l&cat=p&typeid=i","cat":284606},{"id":244359,"n":"Shampooing Elsève Dream length  250ml","p":3.48,"u":"13,92 €/L","img":"https://fd11-photos.leclercdrive.fr/image.ashx?id=2863614&use=l&cat=p&typeid=i","cat":284606},{"id":244360,"n":"Shampooing Elsève Hyaluronique  250ml","p":3.48,"u":"13,92 €/L","img":"https://fd11-photos.leclercdrive.fr/image.ashx?id=2863617&use=l&cat=p&typeid=i","cat":284606},{"id":245061,"n":"Pain pour panini Epi d'Or Précuit - x4  300g","p":1.48,"u":"4,93 €/KG","img":"https://fd11-photos.leclercdrive.fr/image.ashx?id=2837144&use=l&cat=p&typeid=i","cat":284985},{"id":245075,"n":"Nouilles instantanées Maggi  sauce Teriyaki - 128g","p":1.85,"u":"14,45 €/KG","img":"https://fd11-photos.leclercdrive.fr/image.ashx?id=2837625&use=l&cat=p&typeid=i","cat":288992},{"id":245085,"n":"Sauce aigre douce Maggi  pour poulet - 355g","p":3.56,"u":"10,03 €/KG","img":"https://fd11-photos.leclercdrive.fr/image.ashx?id=2947231&use=l&cat=p&typeid=i","cat":288992},{"id":245463,"n":"Soupe douceur d'automne Knorr À la crème fraîche - 2x1L","p":4.89,"pp":3.42,"u":"1,71 €/L","img":"https://fd11-photos.leclercdrive.fr/image.ashx?id=2975939&use=l&cat=p&typeid=i","cat":284462},{"id":245576,"n":"Sauce Pesto vert Panzani au basilic - 2x90g","p":2.74,"u":"15,22 €/KG","img":"https://fd11-photos.leclercdrive.fr/image.ashx?id=2873841&use=l&cat=p&typeid=i","cat":299047},{"id":245579,"n":"Sauce Pesto vert crémeux  Panzani - 190g","p":2.16,"u":"11,37 €/KG","img":"https://fd11-photos.leclercdrive.fr/image.ashx?id=2873838&use=l&cat=p&typeid=i","cat":299047},{"id":245582,"n":"Sauce Pesto Panzani poivrons ricotta - 190g","p":2.08,"u":"10,95 €/KG","img":"https://fd11-photos.leclercdrive.fr/image.ashx?id=2873835&use=l&cat=p&typeid=i","cat":299047},{"id":245681,"n":"Tranches Emmental Baguette Président - 8 tranches - 120g","p":1.95,"u":"16,25 €/KG","img":"https://fd11-photos.leclercdrive.fr/image.ashx?id=2840518&use=l&cat=p&typeid=i","cat":314028},{"id":245682,"n":"Tranches Gouda Baguette Président - 8 tranches - 120g","p":1.95,"u":"16,25 €/KG","img":"https://fd11-photos.leclercdrive.fr/image.ashx?id=2840521&use=l&cat=p&typeid=i","cat":314028},{"id":245809,"n":"Cauliflower toasties Strong  Roots Chou-fleur 375g","p":3.93,"u":"10,48 €/KG","img":"https://fd11-photos.leclercdrive.fr/image.ashx?id=2899641&use=l&cat=p&typeid=i","cat":319802},{"id":245810,"n":"Kale & Quinoa crush Strong  Roots 300g","p":3.97,"u":"13,23 €/KG","img":"https://fd11-photos.leclercdrive.fr/image.ashx?id=2848355&use=l&cat=p&typeid=i","cat":319802},{"id":245929,"n":"Tablette chocolat KitKat Caramel salé - 99g","p":2.35,"u":"23,74 €/KG","img":"https://fd11-photos.leclercdrive.fr/image.ashx?id=2990868&use=l&cat=p&typeid=i","cat":284497},{"id":245930,"n":"Tablette KitKat  Double chocolat - 99g","p":2.34,"u":"23,64 €/KG","img":"https://fd11-photos.leclercdrive.fr/image.ashx?id=2990865&use=l&cat=p&typeid=i","cat":284497},{"id":245931,"n":"Tablette chocolat KitKat  Noisette - 99g","p":2.34,"u":"23,64 €/KG","img":"https://fd11-photos.leclercdrive.fr/image.ashx?id=2871046&use=l&cat=p&typeid=i","cat":284497},{"id":246261,"n":"Shampooing Elseve Hyaluronique - 400ml","p":6.09,"u":"15,23 €/L","img":"https://fd11-photos.leclercdrive.fr/image.ashx?id=2844181&use=l&cat=p&typeid=i","cat":284606},{"id":246262,"n":"Shampooing Elseve Dream long - 400ml","p":4.4,"u":"11,00 €/L","img":"https://fd11-photos.leclercdrive.fr/image.ashx?id=2844187&use=l&cat=p&typeid=i","cat":284606},{"id":246263,"n":"Sérum Elseve Anti-chute - 102ml","p":10.96,"u":"107,45 €/L","img":"https://fd11-photos.leclercdrive.fr/image.ashx?id=2844190&use=l&cat=p&typeid=i","cat":284608},{"id":246269,"n":"Après-shampooing Elseve Démêlant anti-chute - 150ml","p":7.01,"u":"46,73 €/L","img":"https://fd11-photos.leclercdrive.fr/image.ashx?id=2844193&use=l&cat=p&typeid=i","cat":284607},{"id":246270,"n":"Shampooing Elseve Anti-chute - 200ml","p":5.59,"u":"27,95 €/L","img":"https://fd11-photos.leclercdrive.fr/image.ashx?id=2844196&use=l&cat=p&typeid=i","cat":284606},{"id":246272,"n":"Shampooing Elseve Hyaluronique Pure - 250ml","p":4.18,"u":"16,72 €/L","img":"https://fd11-photos.leclercdrive.fr/image.ashx?id=2981593&use=l&cat=p&typeid=i","cat":284606},{"id":246466,"n":"Soupe Knorr Pot au feu -14x55g","p":1.39,"u":"1,81 €/KG","img":"https://fd11-photos.leclercdrive.fr/image.ashx?id=2845656&use=l&cat=p&typeid=i","cat":293527},{"id":246468,"n":"Kub or Maggi  Herbes de provence x32 - 128g","p":1.56,"u":"12,19 €/KG","img":"https://fd11-photos.leclercdrive.fr/image.ashx?id=2992320&use=l&cat=p&typeid=i","cat":298297},{"id":246480,"n":"Dentifrice Colgate Total 24h Active Soin émail - 2x75ml","p":4.72,"u":"31,47 €/L","img":"https://fd11-photos.leclercdrive.fr/image.ashx?id=2845671&use=l&cat=p&typeid=i","cat":284612},{"id":246547,"n":"Crème nettoyante Neutrogena Points noirs 2% - 150ml","p":3.64,"u":"24,27 €/L","img":"https://fd11-photos.leclercdrive.fr/image.ashx?id=2846045&use=l&cat=p&typeid=i","cat":284603},{"id":246548,"n":"Gel exfoliant Neutrogena Pamplemousse 0.5% - 150ml","p":5.19,"u":"34,60 €/L","img":"https://fd11-photos.leclercdrive.fr/image.ashx?id=2846048&use=l&cat=p&typeid=i","cat":325346},{"id":246549,"n":"Gel nettoyant Neutrogena Pamplemousse 0.5% - 200ml","p":4.95,"u":"24,75 €/L","img":"https://fd11-photos.leclercdrive.fr/image.ashx?id=2846051&use=l&cat=p&typeid=i","cat":284603},{"id":246550,"n":"Mousse aérienne nettoyante Nuxe Very Rose - 150ml","p":12.49,"u":"83,27 €/L","img":"https://fd11-photos.leclercdrive.fr/image.ashx?id=2847171&use=l&cat=p&typeid=i","cat":301587},{"id":246558,"n":"Gel de massage Chondrosteo+ 100ml","p":7.49,"u":"74,90 €/L","img":"https://fd11-photos.leclercdrive.fr/image.ashx?id=2845446&use=l&cat=p&typeid=i","cat":291163},{"id":246911,"n":"Haricots rouges Notre Jardin 600g","p":1.82,"u":"3,03 €/KG","img":"https://fd11-photos.leclercdrive.fr/image.ashx?id=2873171&use=l&cat=p&typeid=i","cat":319805},{"id":246918,"n":"Lentilles vertes Notre Jardin 600g","p":1.99,"u":"3,32 €/KG","img":"https://fd11-photos.leclercdrive.fr/image.ashx?id=2873177&use=l&cat=p&typeid=i","cat":319805},{"id":246920,"n":"Pois chiches Notre Jardin 600g","p":1.7,"u":"2,83 €/KG","img":"https://fd11-photos.leclercdrive.fr/image.ashx?id=2873180&use=l&cat=p&typeid=i","cat":319805},{"id":246921,"n":"Fèves de soja Notre Jardin 450g","p":2.39,"u":"5,31 €/KG","img":"https://fd11-photos.leclercdrive.fr/image.ashx?id=2873183&use=l&cat=p&typeid=i","cat":319805},{"id":247058,"n":"Les Mini Galettes Saint Michel Emmental - 100g","p":1.85,"u":"18,50 €/KG","img":"https://fd11-photos.leclercdrive.fr/image.ashx?id=2936278&use=l&cat=p&typeid=i","cat":297000},{"id":247059,"n":"Les minis galettes Saint Michel Comté - 100g","p":1.43,"u":"14,30 €/KG","img":"https://fd11-photos.leclercdrive.fr/image.ashx?id=2936281&use=l&cat=p&typeid=i","cat":297000},{"id":247060,"n":"Les Minis Galettes Saint Michel Tomates herbes de provence 100g","p":1.85,"u":"18,50 €/KG","img":"https://fd11-photos.leclercdrive.fr/image.ashx?id=2936284&use=l&cat=p&typeid=i","cat":297000},{"id":247061,"n":"Les minis pesto Saint Michel madeleines moelleuses  100g","p":1.9,"u":"19,00 €/KG","img":"https://fd11-photos.leclercdrive.fr/image.ashx?id=2936302&use=l&cat=p&typeid=i","cat":297000},{"id":247088,"n":"Velouté de tomates Jardin Bio Lentilles corail bio - 2X33cl","p":2.61,"u":"3,95 €/L","img":"https://fd11-photos.leclercdrive.fr/image.ashx?id=2849950&use=l&cat=p&typeid=i","cat":284462},{"id":247089,"n":"Mouliné de lentilles Jardin Bio bio 1L","p":3.19,"u":"3,19 €/L","img":"https://fd11-photos.leclercdrive.fr/image.ashx?id=2849947&use=l&cat=p&typeid=i","cat":284462},{"id":247143,"n":"Mini madeleines Saint Michel Provencale - 100g","p":1.9,"u":"19,00 €/KG","img":"https://fd11-photos.leclercdrive.fr/image.ashx?id=2936305&use=l&cat=p&typeid=i","cat":297000},{"id":247261,"n":"Shampooing Elsève Colorvive - 300ml","p":4.18,"u":"13,93 €/L","img":"https://fd11-photos.leclercdrive.fr/image.ashx?id=2850614&use=l&cat=p&typeid=i","cat":284606},{"id":247262,"n":"Shampooing Elsève Hyaluronique - 250ml","p":4.18,"u":"16,72 €/L","img":"https://fd11-photos.leclercdrive.fr/image.ashx?id=2869095&use=l&cat=p&typeid=i","cat":284606},{"id":247263,"n":"Shampooing Elsève Total repair 5 - 300ml","p":4.18,"u":"13,93 €/L","img":"https://fd11-photos.leclercdrive.fr/image.ashx?id=2850617&use=l&cat=p&typeid=i","cat":284606},{"id":247264,"n":"Shampooing Elseve Huile extraordinaire - 250ml","p":4.18,"u":"16,72 €/L","img":"https://fd11-photos.leclercdrive.fr/image.ashx?id=2868690&use=l&cat=p&typeid=i","cat":284606},{"id":247265,"n":"Shampooing Elseve Dream long - 250ml","p":4.18,"u":"16,72 €/L","img":"https://fd11-photos.leclercdrive.fr/image.ashx?id=2850623&use=l&cat=p&typeid=i","cat":284606},{"id":247269,"n":"Shampooing Elseve Nutri gloss - 300ml","p":4.18,"u":"13,93 €/L","img":"https://fd11-photos.leclercdrive.fr/image.ashx?id=2869089&use=l&cat=p&typeid=i","cat":284606},{"id":247270,"n":"Shampooing Elseve Multi-vitaminé - 300ml","p":4.18,"u":"13,93 €/L","img":"https://fd11-photos.leclercdrive.fr/image.ashx?id=2850629&use=l&cat=p&typeid=i","cat":284606},{"id":247271,"n":"Après-shampooing Elseve Color vive - 250ml","p":4.18,"u":"16,72 €/L","img":"https://fd11-photos.leclercdrive.fr/image.ashx?id=2850632&use=l&cat=p&typeid=i","cat":284607},{"id":247273,"n":"Démélant Elseve Hyaluronique Booster hydratation 72h - 200ml","p":4.18,"u":"20,90 €/L","img":"https://fd11-photos.leclercdrive.fr/image.ashx?id=2869092&use=l&cat=p&typeid=i","cat":284607},{"id":247274,"n":"Après-Shampooing Elseve Dream Long - 200ml","p":4.18,"u":"20,90 €/L","img":"https://fd11-photos.leclercdrive.fr/image.ashx?id=2850638&use=l&cat=p&typeid=i","cat":284607},{"id":247275,"n":"Après-shampooing Elseve Nutri gloss - 250ml","p":4.18,"u":"16,72 €/L","img":"https://fd11-photos.leclercdrive.fr/image.ashx?id=2850641&use=l&cat=p&typeid=i","cat":284607},{"id":247865,"n":"Shampooing Elsève Color vive  500ml","p":5.12,"u":"10,24 €/L","img":"https://fd11-photos.leclercdrive.fr/image.ashx?id=2853964&use=l&cat=p&typeid=i","cat":284606},{"id":247866,"n":"Shampooing Elsève Full resist  250ml","p":3.69,"u":"14,76 €/L","img":"https://fd11-photos.leclercdrive.fr/image.ashx?id=2853967&use=l&cat=p&typeid=i","cat":284606},{"id":247867,"n":"Shampooing Elsève Huile  extraordinaire Coco - 250ml","p":4.09,"u":"16,36 €/L","img":"https://fd11-photos.leclercdrive.fr/image.ashx?id=2853970&use=l&cat=p&typeid=i","cat":284606},{"id":247869,"n":"Shampooing Elsève Huile  extraordinaire amla -250ml","p":3.69,"u":"14,76 €/L","img":"https://fd11-photos.leclercdrive.fr/image.ashx?id=2853973&use=l&cat=p&typeid=i","cat":284606},{"id":247871,"n":"Shampooing Elsève  Liss intense -300ml","p":3.92,"u":"13,07 €/L","img":"https://fd11-photos.leclercdrive.fr/image.ashx?id=2853976&use=l&cat=p&typeid=i","cat":284606},{"id":247874,"n":"Savon liquide Le Naturel  Extra pur de Marseille -500ml","p":2.64,"u":"5,28 €/L","img":"https://fd11-photos.leclercdrive.fr/image.ashx?id=2869119&use=l&cat=p&typeid=i","cat":284597},{"id":247878,"n":"Savon liquide Le Natural  Recharge Savon de Marseille -1l","p":4.56,"u":"4,56 €/L","img":"https://fd11-photos.leclercdrive.fr/image.ashx?id=2869122&use=l&cat=p&typeid=i","cat":284597},{"id":247879,"n":"Adoucissant Soupline Concentré Grand air - 1.9L","p":8.82,"u":"4,64 €/L","img":"https://fd11-photos.leclercdrive.fr/image.ashx?id=2966800&use=l&cat=p&typeid=i","cat":284650},{"id":247882,"n":"Shampooing Elsève  Antipelliculaire - 300ml","p":3.78,"u":"12,60 €/L","img":"https://fd11-photos.leclercdrive.fr/image.ashx?id=2853982&use=l&cat=p&typeid=i","cat":284606},{"id":248328,"n":"Recharge Crème de douche  Le Petit Marseillais Lait 500ml","p":2.7,"u":"5,40 €/L","img":"https://fd11-photos.leclercdrive.fr/image.ashx?id=2855957&use=l&cat=p&typeid=i","cat":284594},{"id":248329,"n":"Recharge Crème de douche Fleur d'oranger - 500ml","p":2.78,"u":"5,56 €/L","img":"https://fd11-photos.leclercdrive.fr/image.ashx?id=2855960&use=l&cat=p&typeid=i","cat":284594},{"id":248330,"n":"Recharge Crème de douche Lait d'amande - 500ml","p":2.92,"u":"5,84 €/L","img":"https://fd11-photos.leclercdrive.fr/image.ashx?id=2855963&use=l&cat=p&typeid=i","cat":284594},{"id":248340,"n":"Recharge Crème de douche Le Petit Marseillais Vanille 500ml","p":2.71,"u":"5,42 €/L","img":"https://fd11-photos.leclercdrive.fr/image.ashx?id=2855966&use=l&cat=p&typeid=i","cat":284594},{"id":248542,"n":"Mangue 1p","p":1.29,"img":"https://fd11-photos.leclercdrive.fr/image.ashx?id=1636371&use=l&cat=p&typeid=i","cat":284356},{"id":248544,"n":"Ananas Extra Sweet 1p","p":1.99,"img":"https://fd11-photos.leclercdrive.fr/image.ashx?id=2856700&use=l&cat=p&typeid=i","cat":284356},{"id":248546,"n":"Feuille de chêne blonde 1p","p":1.39,"img":"https://fd11-photos.leclercdrive.fr/image.ashx?id=1633646&use=l&cat=p&typeid=i","cat":284352},{"id":248589,"n":"Chou-fleur blanc 1p","p":1.09,"img":"https://fd11-photos.leclercdrive.fr/image.ashx?id=1631991&use=l&cat=p&typeid=i","cat":284352},{"id":248827,"n":"Pains au lait Epi d'or x15 - 525g","p":1.78,"u":"3,39 €/KG","img":"https://fd11-photos.leclercdrive.fr/image.ashx?id=2893337&use=l&cat=p&typeid=i","cat":296366},{"id":249019,"n":"Lessive liquide Xéor Savon de Marseille - 2.2L","p":3.89,"u":"1,77 €/L","img":"https://fd11-photos.leclercdrive.fr/image.ashx?id=2901500&use=l&cat=p&typeid=i","cat":284640},{"id":249021,"n":"Lessive liquide Xéor Savon de Marseille - 1.2L","p":2.12,"u":"1,77 €/L","img":"https://fd11-photos.leclercdrive.fr/image.ashx?id=2901503&use=l&cat=p&typeid=i","cat":284640},{"id":249595,"n":"Glace Carte d'Or Vanille pécan caramel - 470g","p":2.6,"pp":1.82,"u":"3,87 €/KG","img":"https://fd11-photos.leclercdrive.fr/image.ashx?id=2861216&use=l&cat=p&typeid=i","cat":284263},{"id":249596,"n":"Glace Carte d'Or Cookie & Chocolat - 457g","p":3.3,"pp":2.31,"u":"5,05 €/KG","img":"https://fd11-photos.leclercdrive.fr/image.ashx?id=2861213&use=l&cat=p&typeid=i","cat":284263},{"id":249597,"n":"Glace Carte d'Or  Fraise et meringue 463g","p":2.6,"pp":1.82,"u":"3,93 €/KG","img":"https://fd11-photos.leclercdrive.fr/image.ashx?id=2861222&use=l&cat=p&typeid=i","cat":284263},{"id":249598,"n":"Glace Carte d'Or Façon smoothie Exotique - 466g","p":3.9,"pp":2.73,"u":"5,86 €/KG","img":"https://fd11-photos.leclercdrive.fr/image.ashx?id=2861210&use=l&cat=p&typeid=i","cat":284263},{"id":249599,"n":"Glace Carte d'Or Façon yaourt  Fruits des bois - 480g","p":3.9,"pp":2.73,"u":"5,69 €/KG","img":"https://fd11-photos.leclercdrive.fr/image.ashx?id=2861219&use=l&cat=p&typeid=i","cat":284263},{"id":249956,"n":"Perles de linge Soupline  Grand air - 460g","p":13.95,"img":"https://fd11-photos.leclercdrive.fr/image.ashx?id=2861833&use=l&cat=p&typeid=i","cat":284650},{"id":249967,"n":"Pain sandwich au beurre Harry's x8 - 360g","p":2.63,"u":"7,31 €/KG","img":"https://fd11-photos.leclercdrive.fr/image.ashx?id=2861506&use=l&cat=p&typeid=i","cat":284477},{"id":249968,"n":"Pain sandwich nature Harry's  x8 - 360g","p":2.32,"u":"6,44 €/KG","img":"https://fd11-photos.leclercdrive.fr/image.ashx?id=2861503&use=l&cat=p&typeid=i","cat":284477},{"id":249993,"n":"Adoucissant Soupline Concentré Grand air - 880ml","p":3.99,"u":"4,53 €/L","img":"https://fd11-photos.leclercdrive.fr/image.ashx?id=2863920&use=l&cat=p&typeid=i","cat":284650},{"id":249994,"n":"Adoucissant Soupline  Hypoallergenique - 880ml","p":5.2,"u":"5,91 €/L","img":"https://fd11-photos.leclercdrive.fr/image.ashx?id=2863923&use=l&cat=p&typeid=i","cat":284650},{"id":249999,"n":"Mouliné de légumes Liebig - 25% de sel - 2x30cl","p":2.24,"u":"3,73 €/L","img":"https://fd11-photos.leclercdrive.fr/image.ashx?id=2863218&use=l&cat=p&typeid=i","cat":284462},{"id":250026,"n":"Sauce samourai Rustica 260g","p":1.39,"u":"5,35 €/KG","img":"https://fd11-photos.leclercdrive.fr/image.ashx?id=2955074&use=l&cat=p&typeid=i","cat":318431},{"id":250415,"n":"Lait corps hydratant Nivea Fermeté Q10 + vitamine C 250ml","p":3.54,"u":"14,16 €/L","img":"https://fd11-photos.leclercdrive.fr/image.ashx?id=3008978&use=l&cat=p&typeid=i","cat":325349},{"id":250416,"n":"Crème visage nuit Nivea Q10 Power anti-rides 50ml","p":11.27,"u":"225,40 €/L","img":"https://fd11-photos.leclercdrive.fr/image.ashx?id=3014593&use=l&cat=p&typeid=i","cat":325345},{"id":250417,"n":"Crème visage jour Nivea Q10 anti-rides SPF30 50ml","p":12.35,"u":"247,00 €/L","img":"https://fd11-photos.leclercdrive.fr/image.ashx?id=3000339&use=l&cat=p&typeid=i","cat":325345},{"id":250419,"n":"Crème visage jour Nivea Q10 anti-rides SPF15 50ml","p":10.98,"u":"219,60 €/L","img":"https://fd11-photos.leclercdrive.fr/image.ashx?id=2985480&use=l&cat=p&typeid=i","cat":325345},{"id":250420,"n":"Crème visage Nivea Q10 Energy jour SPF15 50ml","p":12.05,"u":"241,00 €/L","img":"https://fd11-photos.leclercdrive.fr/image.ashx?id=3014862&use=l&cat=p&typeid=i","cat":325345},{"id":250421,"n":"Sérum visage Nivea Luminous anti-tâches 30ml","p":15.67,"u":"522,33 €/L","img":"https://fd11-photos.leclercdrive.fr/image.ashx?id=3000821&use=l&cat=p&typeid=i","cat":325345},{"id":250425,"n":"Crème soin jour visage Nivea Anti-tâches SPF50 - 40ml","p":14.69,"u":"367,25 €/L","img":"https://fd11-photos.leclercdrive.fr/image.ashx?id=2985501&use=l&cat=p&typeid=i","cat":325345},{"id":250427,"n":"Crème nuit visage Nivea Q10 Energie - 50ml","p":13.32,"u":"266,40 €/L","img":"https://fd11-photos.leclercdrive.fr/image.ashx?id=2981274&use=l&cat=p&typeid=i","cat":325345},{"id":250428,"n":"Sérum visage Q10 Double action - 30ml","p":13.74,"u":"458,00 €/L","img":"https://fd11-photos.leclercdrive.fr/image.ashx?id=3014620&use=l&cat=p&typeid=i","cat":325345},{"id":250429,"n":"Crème contour yeux Nivea Q10 Power anti-rides - 15ml","p":12.12,"u":"808,00 €/L","img":"https://fd11-photos.leclercdrive.fr/image.ashx?id=3000336&use=l&cat=p&typeid=i","cat":325345},{"id":250431,"n":"Adoucissant Soupline concentré  Hypoallergénique - 1900 ml","p":9.84,"u":"5,18 €/L","img":"https://fd11-photos.leclercdrive.fr/image.ashx?id=2864230&use=l&cat=p&typeid=i","cat":284650},{"id":250432,"n":"Adoucissant Soupline Concentré  Lavande relaxante  1,9 L","p":8.68,"u":"4,57 €/L","img":"https://fd11-photos.leclercdrive.fr/image.ashx?id=2864227&use=l&cat=p&typeid=i","cat":284650},{"id":250433,"n":"Adoucissant  Soupline concentré Coco Envoûtant - 835ml","p":4.88,"u":"5,84 €/L","img":"https://fd11-photos.leclercdrive.fr/image.ashx?id=2864224&use=l&cat=p&typeid=i","cat":284650},{"id":250442,"n":"Adoucissant concentré Soupline  Coco Envoûtant - 1800ml","p":8.5,"u":"4,72 €/L","img":"https://fd11-photos.leclercdrive.fr/image.ashx?id=2864233&use=l&cat=p&typeid=i","cat":284650},{"id":251996,"n":"Perles de linge Soupline Adoucissant - Vanille - 230g","p":6.37,"u":"27,70 €/KG","img":"https://fd11-photos.leclercdrive.fr/image.ashx?id=2868608&use=l&cat=p&typeid=i","cat":284650},{"id":252008,"n":"Sérum visage Revitalift Laser Correcteur anti-âge -30ml","p":14.36,"u":"478,67 €/L","img":"https://fd11-photos.leclercdrive.fr/image.ashx?id=2874024&use=l&cat=p&typeid=i","cat":325345},{"id":252009,"n":"Lessive liquide Skip Active clean - x40 - 1.68L","p":11.47,"u":"6,83 €/L","img":"https://fd11-photos.leclercdrive.fr/image.ashx?id=2908393&use=l&cat=p&typeid=i","cat":284640},{"id":252109,"n":"Duo sérum anti-âge L'Oréal Age perfect - 30ml","p":24.5,"pp":16.17,"u":"539,00 €/L","img":"https://fd11-photos.leclercdrive.fr/image.ashx?id=2874003&use=l&cat=p&typeid=i","cat":325345},{"id":252120,"n":"Crème hydratante L'Oréal Bright Reveal - SPF50 - 50ml","p":15.44,"u":"308,80 €/L","img":"https://fd11-photos.leclercdrive.fr/image.ashx?id=2874015&use=l&cat=p&typeid=i","cat":284622},{"id":252128,"n":"Spray nettoyant multi-usage CIF Infinite+Clean Protection 280ml","p":3.82,"u":"13,64 €/MT","img":"https://fd11-photos.leclercdrive.fr/image.ashx?id=2948543&use=l&cat=p&typeid=i","cat":325357},{"id":252129,"n":"Spray nettoyant multi-usage Cif  Infinite+Clean Brillance-280ml","p":4.12,"u":"14,71 €/L","img":"https://fd11-photos.leclercdrive.fr/image.ashx?id=2872234&use=l&cat=p&typeid=i","cat":325357},{"id":252133,"n":"Spray nettoyant multi-usage CIF Infinite+Clean 280ml","p":3.92,"u":"14,00 €/L","img":"https://fd11-photos.leclercdrive.fr/image.ashx?id=2948546&use=l&cat=p&typeid=i","cat":325357},{"id":252134,"n":"Recharge Spray nettoyant CIF Infinite+Clean Protection 590ml","p":4.99,"u":"8,46 €/L","img":"https://fd11-photos.leclercdrive.fr/image.ashx?id=2948549&use=l&cat=p&typeid=i","cat":325357},{"id":252136,"n":"Recharge Spray nettoyant CIF Infinite+Clean Brillance 590ml","p":5.0,"u":"8,47 €/L","img":"https://fd11-photos.leclercdrive.fr/image.ashx?id=2940675&use=l&cat=p&typeid=i","cat":325357},{"id":252137,"n":"Recharge Spray nettoyant CIF Infinite+Clean 590ml","p":4.71,"u":"7,98 €/L","img":"https://fd11-photos.leclercdrive.fr/image.ashx?id=2974066&use=l&cat=p&typeid=i","cat":325357},{"id":252302,"n":"Coeurs fondants caramel  Côté Table x2 - 180g","p":2.74,"u":"15,22 €/KG","img":"https://fd11-photos.leclercdrive.fr/image.ashx?id=2869305&use=l&cat=p&typeid=i","cat":284267},{"id":252786,"n":"Skyr protéiné Yoplait 0%MG Pêche Mangue - 4x100g","p":2.27,"u":"5,68 €/KG","img":"https://fd11-photos.leclercdrive.fr/image.ashx?id=2884498&use=l&cat=p&typeid=i","cat":315000},{"id":252811,"n":"Lait corps Nivea Nourrissant Peaux sèches 250ml","p":4.12,"u":"20,60 €/L","img":"https://fd11-photos.leclercdrive.fr/image.ashx?id=3005233&use=l&cat=p&typeid=i","cat":325349},{"id":252813,"n":"Lait corps Nivea Douceur - 400ml","p":5.22,"u":"13,05 €/L","img":"https://fd11-photos.leclercdrive.fr/image.ashx?id=3014623&use=l&cat=p&typeid=i","cat":325349},{"id":252814,"n":"Crème visage corps mains Nivea Repair & care - 400ml","p":5.19,"pp":3.43,"u":"8,58 €/L","img":"https://fd11-photos.leclercdrive.fr/image.ashx?id=2872078&use=l&cat=p&typeid=i","cat":325350},{"id":253339,"n":"Croque Monsieur Herta Chèvre jambon - 310g","p":2.59,"u":"8,35 €/KG","img":"https://fd11-photos.leclercdrive.fr/image.ashx?id=2877745&use=l&cat=p&typeid=i","cat":333671},{"id":253342,"n":"Croque-Monsieur Herta  Maxi Montagnard x2 - 310g","p":2.59,"u":"8,35 €/KG","img":"https://fd11-photos.leclercdrive.fr/image.ashx?id=2877748&use=l&cat=p&typeid=i","cat":333671},{"id":253344,"n":"Gnocchi à poeler Lustucru 1 sachet offert - 900g","p":3.18,"u":"3,53 €/KG","img":"https://fd11-photos.leclercdrive.fr/image.ashx?id=2873919&use=l&cat=p&typeid=i","cat":333682},{"id":253571,"n":"Bols Mots d'Enfants - 2x200g  Tomates, pâtes et boeuf dès 8M","p":2.39,"u":"5,98 €/KG","img":"https://fd11-photos.leclercdrive.fr/image.ashx?id=2892358&use=l&cat=p&typeid=i","cat":312236},{"id":253575,"n":"Bols Mots d'Enfants - 2x200g  Parmentier de cabillaud dès 8M","p":2.09,"u":"5,23 €/KG","img":"https://fd11-photos.leclercdrive.fr/image.ashx?id=2892361&use=l&cat=p&typeid=i","cat":312236},{"id":253581,"n":"Bols Mots d'Enfants - 2x200g  Purée de légumes dès 8M","p":1.69,"u":"4,23 €/KG","img":"https://fd11-photos.leclercdrive.fr/image.ashx?id=2892364&use=l&cat=p&typeid=i","cat":312236},{"id":253677,"n":"Bols Mots d'Enfants - 2x200g  Pâtes, épinards et crème dès 8M","p":2.29,"u":"5,73 €/KG","img":"https://fd11-photos.leclercdrive.fr/image.ashx?id=2892367&use=l&cat=p&typeid=i","cat":312236},{"id":253678,"n":"Assiette Mots d'Enfants - 230g Spaghetti bolognaise dès 12M","p":1.39,"u":"6,04 €/KG","img":"https://fd11-photos.leclercdrive.fr/image.ashx?id=2898050&use=l&cat=p&typeid=i","cat":312237},{"id":253679,"n":"Assiette Mots d'Enfants - 230g Hachis parmentier dès 12M","p":1.39,"u":"6,04 €/KG","img":"https://fd11-photos.leclercdrive.fr/image.ashx?id=2892370&use=l&cat=p&typeid=i","cat":312237},{"id":253682,"n":"Assiette Mots d'Enfants - 230g Légumes et macaroni dès 12M","p":1.39,"u":"6,04 €/KG","img":"https://fd11-photos.leclercdrive.fr/image.ashx?id=2892373&use=l&cat=p&typeid=i","cat":312237},{"id":253683,"n":"Assiette Mots d'Enfants - 250g Pommes de terre, poulet dès 15M","p":1.59,"u":"6,36 €/KG","img":"https://fd11-photos.leclercdrive.fr/image.ashx?id=2898053&use=l&cat=p&typeid=i","cat":312238},{"id":253684,"n":"Assiette Mots d'Enfants - 250g Pâtes, tomate et jambon dès 15M","p":1.59,"u":"6,36 €/KG","img":"https://fd11-photos.leclercdrive.fr/image.ashx?id=2892376&use=l&cat=p&typeid=i","cat":312238},{"id":253687,"n":"Assiette Mots d'Enfants - 250g Légumes et patate douce dès 15M","p":1.59,"u":"6,36 €/KG","img":"https://fd11-photos.leclercdrive.fr/image.ashx?id=2892388&use=l&cat=p&typeid=i","cat":312238},{"id":253689,"n":"Assiette Mots d'Enfants - 250g Pdt, fondue de poireaux dès 15M","p":1.59,"u":"6,36 €/KG","img":"https://fd11-photos.leclercdrive.fr/image.ashx?id=2892379&use=l&cat=p&typeid=i","cat":312238},{"id":253691,"n":"Assiette Mots d'Enfants - 250g Pâtes boeuf bourguignon dès 18M","p":1.69,"u":"6,76 €/KG","img":"https://fd11-photos.leclercdrive.fr/image.ashx?id=2892382&use=l&cat=p&typeid=i","cat":312238},{"id":253694,"n":"Assiette Mots d'Enfants - 250g Blanquette de volaille dès 18M","p":1.69,"u":"6,76 €/KG","img":"https://fd11-photos.leclercdrive.fr/image.ashx?id=2898056&use=l&cat=p&typeid=i","cat":312238},{"id":253698,"n":"Assiette Mots d'Enfants - 250g Carottes pâtes épinards dès 18M","p":1.69,"u":"6,76 €/KG","img":"https://fd11-photos.leclercdrive.fr/image.ashx?id=2898059&use=l&cat=p&typeid=i","cat":312238},{"id":253699,"n":"Assiette Mots d'Enfants - 250g Ratatouille et boulgour dès 18M","p":1.69,"u":"6,76 €/KG","img":"https://fd11-photos.leclercdrive.fr/image.ashx?id=2892385&use=l&cat=p&typeid=i","cat":312238},{"id":253992,"n":"Gel douche L'Oréal Menexpert Hyaluronic power - 300ml","p":3.77,"u":"12,57 €/L","img":"https://fd11-photos.leclercdrive.fr/image.ashx?id=2874554&use=l&cat=p&typeid=i","cat":284619},{"id":254050,"n":"Bière Desperados Sunlight citron citron vert 3x33cl","p":3.94,"u":"3,98 €/L","img":"https://fd11-photos.leclercdrive.fr/image.ashx?id=2977987&use=l&cat=p&typeid=i","cat":334878},{"id":254336,"n":"Truite fumée Landvika 4 tranches - 100g","p":3.95,"u":"39,50 €/KG","img":"https://fd11-photos.leclercdrive.fr/image.ashx?id=2876593&use=l&cat=p&typeid=i","cat":285188},{"id":254801,"n":"Vaisselle mains L'Arbre Vert Agrumes - 1.4L","p":3.76,"u":"2,69 €/L","img":"https://fd11-photos.leclercdrive.fr/image.ashx?id=2876662&use=l&cat=p&typeid=i","cat":284655},{"id":254824,"n":"IGP Pays d'Oc rosé Bleu de Mer - 75cl","p":3.66,"u":"4,88 €/L","img":"https://fd11-photos.leclercdrive.fr/image.ashx?id=2876863&use=l&cat=p&typeid=i","cat":289558},{"id":254884,"n":"Crème glacée L'Angélys Violette 450g","p":5.22,"u":"11,60 €/KG","img":"https://fd11-photos.leclercdrive.fr/image.ashx?id=2963586&use=l&cat=p&typeid=i","cat":284263},{"id":254893,"n":"Pot crème glacée L'Angélys Stracciatella chocolat 2x70g","p":3.73,"u":"26,64 €/KG","img":"https://fd11-photos.leclercdrive.fr/image.ashx?id=2876917&use=l&cat=p&typeid=i","cat":284263},{"id":254943,"n":"Bâtonnets Häagen-Dazs Salted Caramel x3 - 204g","p":3.77,"u":"18,48 €/KG","img":"https://fd11-photos.leclercdrive.fr/image.ashx?id=2876608&use=l&cat=p&typeid=i","cat":284265},{"id":254944,"n":"Bâtonnets Häagen-Dazs  Cookies & Cream x3 - 192g","p":3.87,"u":"20,16 €/KG","img":"https://fd11-photos.leclercdrive.fr/image.ashx?id=2876602&use=l&cat=p&typeid=i","cat":284265},{"id":254949,"n":"Bâtonnets Häagen-Dazs Smooth Vanilla x3 - 192g","p":3.57,"u":"18,59 €/KG","img":"https://fd11-photos.leclercdrive.fr/image.ashx?id=2876605&use=l&cat=p&typeid=i","cat":284265},{"id":255191,"n":"Préservatif Durex Nude - XL - x10","p":8.82,"img":"https://fd11-photos.leclercdrive.fr/image.ashx?id=2901677&use=l&cat=p&typeid=i","cat":284631},{"id":255195,"n":"Préservatifs Durex Feeling - XL - x12","p":6.86,"img":"https://fd11-photos.leclercdrive.fr/image.ashx?id=2878789&use=l&cat=p&typeid=i","cat":284631},{"id":255197,"n":"Préservatifs Durex Classic jeans - x12","p":5.18,"img":"https://fd11-photos.leclercdrive.fr/image.ashx?id=2878792&use=l&cat=p&typeid=i","cat":284631},{"id":255199,"n":"Préservatifs Durex Classic Jeans - XL - x12","p":5.87,"img":"https://fd11-photos.leclercdrive.fr/image.ashx?id=2964983&use=l&cat=p&typeid=i","cat":284631},{"id":255202,"n":"Préservatifs Durex Extra protect - x12","p":4.8,"img":"https://fd11-photos.leclercdrive.fr/image.ashx?id=2878801&use=l&cat=p&typeid=i","cat":284631},{"id":255356,"n":"Laque Syoss Volume - 300ml","p":3.15,"u":"10,50 €/L","img":"https://fd11-photos.leclercdrive.fr/image.ashx?id=2878834&use=l&cat=p&typeid=i","cat":284609},{"id":255371,"n":"Spray solaire corps Avène Soins solaires SPF30 - 200ml","p":15.49,"u":"77,45 €/L","img":"https://fd11-photos.leclercdrive.fr/image.ashx?id=2886837&use=l&cat=p&typeid=i","cat":290396},{"id":255374,"n":"Spray solaire Avène SPF50+ - 200ml","p":15.49,"u":"77,45 €/L","img":"https://fd11-photos.leclercdrive.fr/image.ashx?id=2878984&use=l&cat=p&typeid=i","cat":290396},{"id":255378,"n":"Lait solaire enfant Avène SPF50+ - 250ml","p":16.49,"u":"65,96 €/L","img":"https://fd11-photos.leclercdrive.fr/image.ashx?id=2878990&use=l&cat=p&typeid=i","cat":290397},{"id":255507,"n":"Vernis à ongles Maybelline Transparent effet cristal - x1","p":6.75,"img":"https://fd11-photos.leclercdrive.fr/image.ashx?id=2967884&use=l&cat=p&typeid=i","cat":325347},{"id":255515,"n":"Café en grains Grand-mère Puissant - 1kg","p":17.1,"u":"17,10 €/KG","img":"https://fd11-photos.leclercdrive.fr/image.ashx?id=2880585&use=l&cat=p&typeid=i","cat":293237},{"id":255516,"n":"Café en grains Grand-mère Equilibré - 1kg","p":17.14,"u":"17,14 €/KG","img":"https://fd11-photos.leclercdrive.fr/image.ashx?id=2880588&use=l&cat=p&typeid=i","cat":293237},{"id":255541,"n":"Saucisson Mini Justin Bridou Bâton de Berger Emmental - 80g","p":2.29,"u":"28,63 €/KG","img":"https://fd11-photos.leclercdrive.fr/image.ashx?id=2880384&use=l&cat=p&typeid=i","cat":316006},{"id":255549,"n":"Saucisson Fuet Justin Bridou Noisette - 150g","p":2.96,"u":"19,73 €/KG","img":"https://fd11-photos.leclercdrive.fr/image.ashx?id=2948941&use=l&cat=p&typeid=i","cat":316006},{"id":255669,"n":"Recharge Gel douche Pêche Blanche bio & Nectar 500ml","p":2.77,"u":"5,54 €/L","img":"https://fd11-photos.leclercdrive.fr/image.ashx?id=2880411&use=l&cat=p&typeid=i","cat":284594},{"id":255671,"n":"Recharge Gel douche extra-doux Verveine Bio & citron bio 500ml","p":2.84,"u":"5,68 €/L","img":"https://fd11-photos.leclercdrive.fr/image.ashx?id=2880414&use=l&cat=p&typeid=i","cat":284594},{"id":255672,"n":"Recharge gel douche homme Minereaux & bois de cèdre 500ml","p":3.12,"u":"6,24 €/L","img":"https://fd11-photos.leclercdrive.fr/image.ashx?id=2880417&use=l&cat=p&typeid=i","cat":284594},{"id":255688,"n":"Recharge gel douche homme Pin maritime & eucalyptus 500ml","p":2.93,"u":"5,86 €/L","img":"https://fd11-photos.leclercdrive.fr/image.ashx?id=2880420&use=l&cat=p&typeid=i","cat":284619},{"id":255710,"n":"Complément alimentaire Granions Zinc - x60 gélules","p":12.89,"u":"402,81 €/KG","img":"https://fd11-photos.leclercdrive.fr/image.ashx?id=2879763&use=l&cat=p&typeid=i","cat":301266},{"id":256447,"n":"Gel douche Atoderm Bioderma 1L","p":8.99,"u":"8,99 €/L","img":"https://fd11-photos.leclercdrive.fr/image.ashx?id=2979950&use=l&cat=p&typeid=i","cat":301591},{"id":256536,"n":"Nectar Bio Pressade Pomme - 6x20cl","p":2.55,"u":"2,13 €/L","img":"https://fd11-photos.leclercdrive.fr/image.ashx?id=2882752&use=l&cat=p&typeid=i","cat":284522},{"id":256581,"n":"AOP Bergerac Vin rouge - BIB - 3L","p":11.95,"u":"3,98 €/L","img":"https://fd11-photos.leclercdrive.fr/image.ashx?id=2883119&use=l&cat=p&typeid=i","cat":289556},{"id":256828,"n":"Tartelette Jardin Bio 150g","p":2.7,"u":"18,00 €/KG","img":"https://fd11-photos.leclercdrive.fr/image.ashx?id=2883585&use=l&cat=p&typeid=i","cat":284488},{"id":257074,"n":"Gnocchi à poêler Lustucru Extra jambon fromage 300g","p":2.11,"u":"7,03 €/KG","img":"https://fd11-photos.leclercdrive.fr/image.ashx?id=2884387&use=l&cat=p&typeid=i","cat":333682},{"id":257076,"n":"Gnocchi à poêler Lustucru Extra fromage 300g","p":2.11,"u":"7,03 €/KG","img":"https://fd11-photos.leclercdrive.fr/image.ashx?id=2886013&use=l&cat=p&typeid=i","cat":333682},{"id":257077,"n":"Fromage enfant Mini Babybel  16 portions goûter - 352g","p":5.89,"u":"16,73 €/KG","img":"https://fd11-photos.leclercdrive.fr/image.ashx?id=2935840&use=l&cat=p&typeid=i","cat":314030},{"id":257201,"n":"Préservatifs Durex Intensity - x10","p":10.54,"img":"https://fd11-photos.leclercdrive.fr/image.ashx?id=2962035&use=l&cat=p&typeid=i","cat":284631},{"id":257202,"n":"Préservatifs Durex Intensity XL - x10","p":10.14,"img":"https://fd11-photos.leclercdrive.fr/image.ashx?id=2964670&use=l&cat=p&typeid=i","cat":284631},{"id":257208,"n":"Lessive liquide Xeor Fraîcheur - x44 lavages - 2.2L","p":3.89,"u":"1,77 €/L","img":"https://fd11-photos.leclercdrive.fr/image.ashx?id=2981897&use=l&cat=p&typeid=i","cat":284640},{"id":257231,"n":"Désinfectant linge Sanytol Stop Odeurs Fleurs Blanches 1L","p":6.08,"u":"6,08 €/L","img":"https://fd11-photos.leclercdrive.fr/image.ashx?id=2884312&use=l&cat=p&typeid=i","cat":290451},{"id":257232,"n":"Capsules Lave-Vaisselle SUN  Pro-Expert Regular 38 lavages","p":7.9,"u":"13,86 €/KG","img":"https://fd11-photos.leclercdrive.fr/image.ashx?id=2907728&use=l&cat=p&typeid=i","cat":284656},{"id":257233,"n":"Tablettes lave-vaisselle Uni Vert - Tout-en-1 - x45 - 720g","p":6.57,"u":"9,13 €/KG","img":"https://fd11-photos.leclercdrive.fr/image.ashx?id=3015132&use=l&cat=p&typeid=i","cat":284656},{"id":257251,"n":"Capsules Lave-Vaisselle SUN  Pro-Expert Citron 38 lavages","p":7.9,"u":"13,86 €/KG","img":"https://fd11-photos.leclercdrive.fr/image.ashx?id=2991039&use=l&cat=p&typeid=i","cat":284656},{"id":257277,"n":"Bâtonnets surimi moelleux Fleury Michon x12 - 180g","p":1.75,"u":"9,72 €/KG","img":"https://fd11-photos.leclercdrive.fr/image.ashx?id=2936920&use=l&cat=p&typeid=i","cat":285189},{"id":257279,"n":"Bâtonnets surimi moelleux  Fleury Michon x24 - 360g","p":3.19,"u":"8,86 €/KG","img":"https://fd11-photos.leclercdrive.fr/image.ashx?id=2936926&use=l&cat=p&typeid=i","cat":285189},{"id":257280,"n":"Bâtonnets surimi moelleux Fleury Michon x30 - 450g","p":3.72,"u":"8,27 €/KG","img":"https://fd11-photos.leclercdrive.fr/image.ashx?id=2936929&use=l&cat=p&typeid=i","cat":285189},{"id":257322,"n":"Nectar Bio Pressade Orange - 1.5L","p":2.69,"u":"1,79 €/L","img":"https://fd11-photos.leclercdrive.fr/image.ashx?id=2885357&use=l&cat=p&typeid=i","cat":284521},{"id":257364,"n":"Soin teinté La Roche-Posay Effaclar Duo+M Unifiant - 40ml","p":15.49,"u":"387,25 €/L","img":"https://fd11-photos.leclercdrive.fr/image.ashx?id=2926425&use=l&cat=p&typeid=i","cat":291166},{"id":257366,"n":"Huile de douche Atoderm Bioderm Bioderma - 1L","p":12.49,"u":"12,49 €/L","img":"https://fd11-photos.leclercdrive.fr/image.ashx?id=2887059&use=l&cat=p&typeid=i","cat":301591},{"id":257593,"n":"Saumon fumé Ecosse  4 tranches 130g","p":7.2,"u":"55,38 €/KG","img":"https://fd11-photos.leclercdrive.fr/image.ashx?id=2885947&use=l&cat=p&typeid=i","cat":285188},{"id":257595,"n":"Saumon fumé Norvège 4 tranches 130g","p":6.57,"u":"50,54 €/KG","img":"https://fd11-photos.leclercdrive.fr/image.ashx?id=2885950&use=l&cat=p&typeid=i","cat":285188},{"id":257606,"n":"Cappelletti Rana jambon cru 250g","p":3.13,"u":"12,52 €/KG","img":"https://fd11-photos.leclercdrive.fr/image.ashx?id=2886358&use=l&cat=p&typeid=i","cat":333682},{"id":257608,"n":"Raviolis Rana ricotta épinards 250g","p":3.13,"u":"12,52 €/KG","img":"https://fd11-photos.leclercdrive.fr/image.ashx?id=2886361&use=l&cat=p&typeid=i","cat":333682},{"id":257609,"n":"Raviolis Rana 4 fromages 250g","p":3.3,"u":"13,20 €/KG","img":"https://fd11-photos.leclercdrive.fr/image.ashx?id=2886364&use=l&cat=p&typeid=i","cat":333682},{"id":257612,"n":"Tortellini Rana bacon, speck & mozzarella 250g","p":3.29,"u":"13,16 €/KG","img":"https://fd11-photos.leclercdrive.fr/image.ashx?id=2886370&use=l&cat=p&typeid=i","cat":333682},{"id":258299,"n":"Lasagnes William Saurin Bolognaise pure boeuf - 300g","p":2.59,"u":"8,63 €/KG","img":"https://fd11-photos.leclercdrive.fr/image.ashx?id=2916012&use=l&cat=p&typeid=i","cat":284953},{"id":258301,"n":"Spaghetti William Saurin Bolognaise pure boeuf - 300g","p":2.8,"u":"9,33 €/KG","img":"https://fd11-photos.leclercdrive.fr/image.ashx?id=2939517&use=l&cat=p&typeid=i","cat":284953},{"id":258303,"n":"Poulet basquaise William Saurin 285g","p":2.69,"u":"9,44 €/KG","img":"https://fd11-photos.leclercdrive.fr/image.ashx?id=2928564&use=l&cat=p&typeid=i","cat":284953},{"id":258304,"n":"Poulet William Saurin à la crème - 280g","p":2.69,"u":"9,61 €/KG","img":"https://fd11-photos.leclercdrive.fr/image.ashx?id=2939520&use=l&cat=p&typeid=i","cat":284953},{"id":258305,"n":"Risotto William Saurin poulet et champignons - 280g","p":2.61,"u":"9,32 €/KG","img":"https://fd11-photos.leclercdrive.fr/image.ashx?id=2912113&use=l&cat=p&typeid=i","cat":284953},{"id":258308,"n":"Torsades saumon William Saurin Crème et aneth - 280g","p":2.63,"u":"9,39 €/KG","img":"https://fd11-photos.leclercdrive.fr/image.ashx?id=2916009&use=l&cat=p&typeid=i","cat":284953},{"id":258309,"n":"Merlu blanc William Saurin Riz et légumes - 300g","p":2.69,"u":"8,97 €/KG","img":"https://fd11-photos.leclercdrive.fr/image.ashx?id=2986392&use=l&cat=p&typeid=i","cat":284953},{"id":258310,"n":"Blanquette William Saurin Veau et riz - 285g","p":2.95,"u":"10,35 €/KG","img":"https://fd11-photos.leclercdrive.fr/image.ashx?id=2906286&use=l&cat=p&typeid=i","cat":284953},{"id":258312,"n":"Bourguignon William Saurin Boeuf - 300g","p":2.79,"u":"9,30 €/KG","img":"https://fd11-photos.leclercdrive.fr/image.ashx?id=2906289&use=l&cat=p&typeid=i","cat":284953},{"id":258313,"n":"Bières Desperados Sunlight  cerise/grenade 4° - 3x33cl","p":4.02,"u":"4,06 €/L","img":"https://fd11-photos.leclercdrive.fr/image.ashx?id=2899401&use=l&cat=p&typeid=i","cat":334878},{"id":258314,"n":"Hachis William Saurin Parmentier pur boeuf - 300g","p":2.94,"u":"9,80 €/KG","img":"https://fd11-photos.leclercdrive.fr/image.ashx?id=2906292&use=l&cat=p&typeid=i","cat":284953},{"id":258340,"n":"Glace Kinder Bueno White Cônes noisettes x6 - 372g","p":6.48,"u":"17,42 €/KG","img":"https://fd11-photos.leclercdrive.fr/image.ashx?id=2890814&use=l&cat=p&typeid=i","cat":284264},{"id":258342,"n":"Glace Ferrero bâtonnets chocolat noir orange x3 - 138g","p":3.73,"u":"27,03 €/KG","img":"https://fd11-photos.leclercdrive.fr/image.ashx?id=2889913&use=l&cat=p&typeid=i","cat":284265},{"id":258350,"n":"Ravioli Rana tomate mozzarella 250g","p":3.33,"u":"13,32 €/KG","img":"https://fd11-photos.leclercdrive.fr/image.ashx?id=2889931&use=l&cat=p&typeid=i","cat":333682},{"id":258352,"n":"Tortellini Rana Parmigiano  Reggiano 250g","p":2.93,"u":"11,72 €/KG","img":"https://fd11-photos.leclercdrive.fr/image.ashx?id=2889937&use=l&cat=p&typeid=i","cat":333682},{"id":258356,"n":"Raviolis Rana Burrata chorizo 250g","p":3.68,"u":"14,72 €/KG","img":"https://fd11-photos.leclercdrive.fr/image.ashx?id=2889943&use=l&cat=p&typeid=i","cat":333682},{"id":258606,"n":"Soda Fanta Orange  Bouteille - 1.25L","p":1.67,"u":"1,34 €/L","img":"https://fd11-photos.leclercdrive.fr/image.ashx?id=2924752&use=l&cat=p&typeid=i","cat":284532},{"id":258816,"n":"Cacahuètes Curly  Miel barbecue - 150g","p":1.46,"u":"9,73 €/KG","img":"https://fd11-photos.leclercdrive.fr/image.ashx?id=2906367&use=l&cat=p&typeid=i","cat":284448},{"id":258818,"n":"Cacahuète Curly Paprika - 150g","p":1.45,"u":"9,67 €/KG","img":"https://fd11-photos.leclercdrive.fr/image.ashx?id=2938728&use=l&cat=p&typeid=i","cat":284448},{"id":259249,"n":"Bière aromatisée Somersby Pomme 4,5° - 3x27,5cl","p":3.9,"u":"4,73 €/L","img":"https://fd11-photos.leclercdrive.fr/image.ashx?id=2892460&use=l&cat=p&typeid=i","cat":334878},{"id":259250,"n":"Bière aromatisée Somersby Citron Yuzu 4,5° - 3x27,5cl","p":3.97,"u":"4,81 €/L","img":"https://fd11-photos.leclercdrive.fr/image.ashx?id=2892463&use=l&cat=p&typeid=i","cat":334878},{"id":259253,"n":"Bière aromatisée Somersby Framboise 4,5° - 3x27,5cl","p":3.97,"u":"4,81 €/L","img":"https://fd11-photos.leclercdrive.fr/image.ashx?id=2892466&use=l&cat=p&typeid=i","cat":334878},{"id":259259,"n":"Bière blonde La Goudale 20x25cl - 7.2%","p":15.24,"u":"3,05 €/L","img":"https://fd11-photos.leclercdrive.fr/image.ashx?id=2962599&use=l&cat=p&typeid=i","cat":334852},{"id":259260,"n":"Bière brune Guinness 4,2° - 4x44cl","p":7.62,"u":"4,33 €/L","img":"https://fd11-photos.leclercdrive.fr/image.ashx?id=2896390&use=l&cat=p&typeid=i","cat":334853},{"id":259262,"n":"Bière blonde Stella Artois 5,2% - 6x25cl","p":5.68,"u":"3,79 €/L","img":"https://fd11-photos.leclercdrive.fr/image.ashx?id=2944371&use=l&cat=p&typeid=i","cat":334873},{"id":259263,"n":"Bière blonde Stella Artois 5,2% - 12x25cl","p":9.5,"pp":6.27,"u":"2,09 €/L","img":"https://fd11-photos.leclercdrive.fr/image.ashx?id=2971754&use=l&cat=p&typeid=i","cat":334873},{"id":259277,"n":"Bière blonde Stella Artois 5,2% - 20x25cl","p":16.14,"u":"3,23 €/L","img":"https://fd11-photos.leclercdrive.fr/image.ashx?id=2944377&use=l&cat=p&typeid=i","cat":334873},{"id":259282,"n":"Bière blonde 8.6 Original - 8.6% - 8x50cl","p":10.49,"u":"2,62 €/L","img":"https://fd11-photos.leclercdrive.fr/image.ashx?id=3001527&use=l&cat=p&typeid=i","cat":334853},{"id":259292,"n":"Complément alimentaire Granions Collagène+ Beauté - 265g","p":24.07,"u":"90,83 €/KG","img":"https://fd11-photos.leclercdrive.fr/image.ashx?id=2892904&use=l&cat=p&typeid=i","cat":301266},{"id":259322,"n":"Pain burger Jacquet Nature x6 - 330g","p":1.36,"u":"4,12 €/KG","img":"https://fd11-photos.leclercdrive.fr/image.ashx?id=2991885&use=l&cat=p&typeid=i","cat":325067},{"id":259323,"n":"Burger Jacquet brioché Ultra moelleux x4 - 250g","p":1.63,"u":"6,52 €/KG","img":"https://fd11-photos.leclercdrive.fr/image.ashx?id=3010984&use=l&cat=p&typeid=i","cat":325067},{"id":259632,"n":"Nectar Bio Pressade Pomme - 1.5L","p":2.06,"u":"1,37 €/L","img":"https://fd11-photos.leclercdrive.fr/image.ashx?id=2892586&use=l&cat=p&typeid=i","cat":284522},{"id":260044,"n":"Liqueur Get Menthe & fruits rouges 17.9° - 70cl","p":12.99,"u":"18,56 €/L","img":"https://fd11-photos.leclercdrive.fr/image.ashx?id=3009104&use=l&cat=p&typeid=i","cat":286032},{"id":260281,"n":"Bière blonde de caractère  Pélican 7.5% 12x25cl","p":11.39,"pp":7.52,"u":"2,51 €/L","img":"https://fd11-photos.leclercdrive.fr/image.ashx?id=2922600&use=l&cat=p&typeid=i","cat":334872},{"id":260286,"n":"Truite fumée Delpeyrat  Bretagne - 4 tranches - 110g","p":4.99,"pp":2.0,"u":"18,18 €/KG","img":"https://fd11-photos.leclercdrive.fr/image.ashx?id=2894158&use=l&cat=p&typeid=i","cat":285188},{"id":260287,"n":"Truite fumée Delpeyrat Normandie - 4 tranches - 110g","p":4.99,"pp":2.0,"u":"18,18 €/KG","img":"https://fd11-photos.leclercdrive.fr/image.ashx?id=2894152&use=l&cat=p&typeid=i","cat":285188},{"id":261067,"n":"Spray savon de Marseille Maison net - 750ml","p":3.95,"u":"5,27 €/L","img":"https://fd11-photos.leclercdrive.fr/image.ashx?id=2896375&use=l&cat=p&typeid=i","cat":325357},{"id":261200,"n":"Cônes Magnum noisette  4x90g","p":4.8,"u":"18,46 €/KG","img":"https://fd11-photos.leclercdrive.fr/image.ashx?id=2896453&use=l&cat=p&typeid=i","cat":284264},{"id":261257,"n":"Croutons Tipiak Ail & Fines Herbes 50g","p":1.34,"u":"26,80 €/KG","img":"https://fd11-photos.leclercdrive.fr/image.ashx?id=2896961&use=l&cat=p&typeid=i","cat":284464},{"id":261292,"n":"Chewing-gum Hollywood  Menthe Verte sans sucres - 70g","p":2.2,"u":"31,43 €/KG","img":"https://fd11-photos.leclercdrive.fr/image.ashx?id=2987053&use=l&cat=p&typeid=i","cat":304251},{"id":261298,"n":"Chewing-gum Hollywood Menthe  Fraîche sans sucres - 70g","p":2.34,"u":"33,43 €/KG","img":"https://fd11-photos.leclercdrive.fr/image.ashx?id=2987050&use=l&cat=p&typeid=i","cat":304251},{"id":261305,"n":"Chewing-gum Hollywood 2Fresh  Menthe Forte sans sucres 66g","p":1.67,"u":"25,30 €/KG","img":"https://fd11-photos.leclercdrive.fr/image.ashx?id=3011962&use=l&cat=p&typeid=i","cat":304251},{"id":261307,"n":"Chewing-gum Hollywood 2Fresh  Menthe Verte sans sucres -  66g","p":1.67,"u":"25,30 €/KG","img":"https://fd11-photos.leclercdrive.fr/image.ashx?id=3011959&use=l&cat=p&typeid=i","cat":304251},{"id":261498,"n":"Chewing-gum Hollywood Blancheur  Xylitol sans sucres - 67,5g","p":2.63,"u":"38,68 €/KG","img":"https://fd11-photos.leclercdrive.fr/image.ashx?id=2994602&use=l&cat=p&typeid=i","cat":304251},{"id":261501,"n":"Bonbons Tic Tac Cerise & cola  x100 - 49g","p":2.2,"u":"44,90 €/KG","img":"https://fd11-photos.leclercdrive.fr/image.ashx?id=2922203&use=l&cat=p&typeid=i","cat":304256},{"id":261502,"n":"Bonbons Tic Tac  Chlorophylle - x100 - 49g","p":2.0,"u":"40,82 €/KG","img":"https://fd11-photos.leclercdrive.fr/image.ashx?id=2903791&use=l&cat=p&typeid=i","cat":304256},{"id":261520,"n":"Bonbons La Vosgienne  Sève de Pin - 125g","p":1.68,"u":"13,44 €/KG","img":"https://fd11-photos.leclercdrive.fr/image.ashx?id=2901235&use=l&cat=p&typeid=i","cat":304256},{"id":261522,"n":"Chewing-gum Hollywood Style  Menthe Verte sans sucres - 92g","p":2.34,"u":"25,43 €/KG","img":"https://fd11-photos.leclercdrive.fr/image.ashx?id=2968010&use=l&cat=p&typeid=i","cat":304251},{"id":261525,"n":"Sauté de lapin William Saurin 300g","p":3.23,"u":"10,77 €/KG","img":"https://fd11-photos.leclercdrive.fr/image.ashx?id=2905375&use=l&cat=p&typeid=i","cat":284953},{"id":261526,"n":"Chewing-gum Hollywood  Menthe Forte sans sucres 70g","p":2.37,"u":"33,86 €/KG","img":"https://fd11-photos.leclercdrive.fr/image.ashx?id=3001533&use=l&cat=p&typeid=i","cat":304251},{"id":261527,"n":"Chewing-gum Hollywood Menthe  verte Chlorophylle - 155g","p":2.61,"u":"16,84 €/KG","img":"https://fd11-photos.leclercdrive.fr/image.ashx?id=2910940&use=l&cat=p&typeid=i","cat":304251},{"id":261529,"n":"Basilic Panier du Primeur 20g","p":1.49,"u":"74,50 €/KG","img":"https://fd11-photos.leclercdrive.fr/image.ashx?id=2897874&use=l&cat=p&typeid=i","cat":293607},{"id":261531,"n":"Ciboulette Panier du Primeur 20g","p":1.49,"u":"74,50 €/KG","img":"https://fd11-photos.leclercdrive.fr/image.ashx?id=2897880&use=l&cat=p&typeid=i","cat":293607},{"id":261533,"n":"Coriandre Panier du Primeur  20g","p":1.49,"u":"74,50 €/KG","img":"https://fd11-photos.leclercdrive.fr/image.ashx?id=2899830&use=l&cat=p&typeid=i","cat":293607},{"id":261535,"n":"Menthe Panier du Primeur 20g","p":1.49,"u":"74,50 €/KG","img":"https://fd11-photos.leclercdrive.fr/image.ashx?id=2899833&use=l&cat=p&typeid=i","cat":293607},{"id":261536,"n":"Persil Plat Panier du Primeur 20g","p":1.49,"u":"74,50 €/KG","img":"https://fd11-photos.leclercdrive.fr/image.ashx?id=2899836&use=l&cat=p&typeid=i","cat":293607},{"id":262345,"n":"Soda Fanta Orange  Canette - Pack 6x33CL","p":3.58,"u":"1,81 €/L","img":"https://fd11-photos.leclercdrive.fr/image.ashx?id=2997241&use=l&cat=p&typeid=i","cat":284532},{"id":262543,"n":"Papier cuisson Alfapac 12M - Lot 3","p":4.94,"u":"1,65 €/P","img":"https://fd11-photos.leclercdrive.fr/image.ashx?id=2899416&use=l&cat=p&typeid=i","cat":334134},{"id":262868,"n":"Baume lèvre hydratant Labello","p":2.01,"u":"402,00 €/KG","img":"https://fd11-photos.leclercdrive.fr/image.ashx?id=2984676&use=l&cat=p&typeid=i","cat":285485},{"id":263116,"n":"Mini bâtonnet Magnum  Double Noisette 6x55ml","p":4.55,"u":"13,79 €/L","img":"https://fd11-photos.leclercdrive.fr/image.ashx?id=2901190&use=l&cat=p&typeid=i","cat":284265},{"id":263130,"n":"Magnum Glace Bâtonnet  Double Noisette 4x85ml","p":4.89,"u":"14,38 €/L","img":"https://fd11-photos.leclercdrive.fr/image.ashx?id=3009326&use=l&cat=p&typeid=i","cat":284265},{"id":263131,"n":"Bâtonnet Magnum Utopia Double Fruits Rouges 4x85ml","p":4.89,"u":"14,38 €/L","img":"https://fd11-photos.leclercdrive.fr/image.ashx?id=3014650&use=l&cat=p&typeid=i","cat":284265},{"id":263154,"n":"Saumon MSC haché Yooji dès 4 mois 80g","p":5.32,"u":"66,50 €/KG","img":"https://fd11-photos.leclercdrive.fr/image.ashx?id=3008893&use=l&cat=p&typeid=i","cat":290631},{"id":263155,"n":"Ecrasé de ratatouille Yooji dès 8 mois 400g","p":5.07,"u":"12,68 €/KG","img":"https://fd11-photos.leclercdrive.fr/image.ashx?id=2901022&use=l&cat=p&typeid=i","cat":312236},{"id":263248,"n":"Mini pots Häagen-Dazs  Essential Collection x4 - 324g","p":5.12,"u":"15,80 €/KG","img":"https://fd11-photos.leclercdrive.fr/image.ashx?id=2900926&use=l&cat=p&typeid=i","cat":284725},{"id":263282,"n":"Désinfectant linge Textil 1,5L","p":1.99,"u":"1,33 €/L","img":"https://fd11-photos.leclercdrive.fr/image.ashx?id=2958768&use=l&cat=p&typeid=i","cat":290451},{"id":263328,"n":"Bonbons Lutti Bubblizz Piquants - 300g","p":1.76,"u":"5,87 €/KG","img":"https://fd11-photos.leclercdrive.fr/image.ashx?id=2900983&use=l&cat=p&typeid=i","cat":304250},{"id":263331,"n":"Eponges multi-usages x6 +2 offertes","p":2.99,"u":"0,37 €/P","img":"https://fd11-photos.leclercdrive.fr/image.ashx?id=2902130&use=l&cat=p&typeid=i","cat":325894},{"id":263705,"n":"Glace cône Extrême Vanille/ chocolat - 6x71g","p":3.8,"u":"8,92 €/KG","img":"https://fd11-photos.leclercdrive.fr/image.ashx?id=2904188&use=l&cat=p&typeid=i","cat":284264},{"id":263712,"n":"Truite fumée Landvika 6 tranches 140g","p":4.99,"u":"35,64 €/KG","img":"https://fd11-photos.leclercdrive.fr/image.ashx?id=2904206&use=l&cat=p&typeid=i","cat":285188},{"id":263914,"n":"Café grains Temps des Cerises Saveur Caramel - 900g","p":18.9,"u":"21,00 €/KG","img":"https://fd11-photos.leclercdrive.fr/image.ashx?id=2904853&use=l&cat=p&typeid=i","cat":293237},{"id":263918,"n":"Nouilles instantanées Daisuki Poulet Yakitori - 93g","p":2.06,"u":"22,15 €/KG","img":"https://fd11-photos.leclercdrive.fr/image.ashx?id=2904646&use=l&cat=p&typeid=i","cat":288992},{"id":263919,"n":"Nouilles instantanées Daisuki Légumes Curry - 93g","p":2.34,"u":"25,16 €/KG","img":"https://fd11-photos.leclercdrive.fr/image.ashx?id=2904652&use=l&cat=p&typeid=i","cat":288992},{"id":263921,"n":"Nouilles instantanées Daisuki Sauce soja - 93g","p":2.06,"u":"22,15 €/KG","img":"https://fd11-photos.leclercdrive.fr/image.ashx?id=2904649&use=l&cat=p&typeid=i","cat":288992},{"id":264373,"n":"P'tit Savane Tornado Brossard Roulés à la fraise - x7 - 175g","p":2.22,"u":"12,69 €/KG","img":"https://fd11-photos.leclercdrive.fr/image.ashx?id=2966089&use=l&cat=p&typeid=i","cat":284495},{"id":264397,"n":"Tartines P'tit dej Jacquet aux graines - x14 - 410g","p":1.85,"u":"4,51 €/KG","img":"https://fd11-photos.leclercdrive.fr/image.ashx?id=2906061&use=l&cat=p&typeid=i","cat":284477},{"id":264694,"n":"Cheetos crispy Balls  90g","p":1.06,"u":"11,78 €/KG","img":"https://fd11-photos.leclercdrive.fr/image.ashx?id=2907962&use=l&cat=p&typeid=i","cat":284449},{"id":264696,"n":"Cheetos crunchy Fromage - 90g","p":1.29,"u":"14,33 €/KG","img":"https://fd11-photos.leclercdrive.fr/image.ashx?id=2907965&use=l&cat=p&typeid=i","cat":284449},{"id":264700,"n":"Cheetos crunchy Sweet Chili - 90g","p":1.29,"u":"14,33 €/KG","img":"https://fd11-photos.leclercdrive.fr/image.ashx?id=2907968&use=l&cat=p&typeid=i","cat":284449},{"id":264707,"n":"Cheetos original  135g","p":1.97,"u":"14,59 €/KG","img":"https://fd11-photos.leclercdrive.fr/image.ashx?id=2907956&use=l&cat=p&typeid=i","cat":284449},{"id":264708,"n":"Cheetos original  Fromage - 80g","p":1.23,"u":"15,38 €/KG","img":"https://fd11-photos.leclercdrive.fr/image.ashx?id=2907959&use=l&cat=p&typeid=i","cat":284449},{"id":264791,"n":"Biscuit au Pop corn P'tit Déli Fourrés chocolat au lait - 150g","p":1.89,"u":"12,60 €/KG","img":"https://fd11-photos.leclercdrive.fr/image.ashx?id=2907303&use=l&cat=p&typeid=i","cat":284488},{"id":264792,"n":"Mon 1er biscuit Mots d'enfants Dès 10 mois - 120g","p":1.55,"u":"12,92 €/KG","img":"https://fd11-photos.leclercdrive.fr/image.ashx?id=2907306&use=l&cat=p&typeid=i","cat":312394},{"id":264799,"n":"Bière Blonde Lager 5 Spéciale 5% - 10x25cl","p":5.52,"u":"2,21 €/L","img":"https://fd11-photos.leclercdrive.fr/image.ashx?id=2954112&use=l&cat=p&typeid=i","cat":334873},{"id":264903,"n":"La Panée soja Garden Gourmet 207g","p":2.64,"u":"12,75 €/KG","img":"https://fd11-photos.leclercdrive.fr/image.ashx?id=2980155&use=l&cat=p&typeid=i","cat":316036},{"id":264904,"n":"Le Classique soja  Garden Gourmet 173g","p":2.5,"u":"14,45 €/KG","img":"https://fd11-photos.leclercdrive.fr/image.ashx?id=2965319&use=l&cat=p&typeid=i","cat":316036},{"id":265105,"n":"Jambon supérieur  L'Atelier Charcuterie 4T 220g","p":3.47,"u":"15,77 €/KG","img":"https://fd11-photos.leclercdrive.fr/image.ashx?id=2999054&use=l&cat=p&typeid=i","cat":316009},{"id":265108,"n":"Jambon supérieur  L'Atelier Charcuterie 6T - 330g","p":5.12,"u":"15,52 €/KG","img":"https://fd11-photos.leclercdrive.fr/image.ashx?id=2928162&use=l&cat=p&typeid=i","cat":316009},{"id":265152,"n":"Fromage apéritif Apéricube Soirée match 48 cubes 250g","p":4.17,"u":"16,68 €/KG","img":"https://fd11-photos.leclercdrive.fr/image.ashx?id=2908915&use=l&cat=p&typeid=i","cat":314027},{"id":265155,"n":"Fromage apéritif Apéricube Saveurs du monde 48 cubes 250g","p":4.11,"u":"16,44 €/KG","img":"https://fd11-photos.leclercdrive.fr/image.ashx?id=2908921&use=l&cat=p&typeid=i","cat":314027},{"id":265156,"n":"Fromage apéritif Apéricube Montagne 48 cubes 250g","p":4.17,"u":"16,68 €/KG","img":"https://fd11-photos.leclercdrive.fr/image.ashx?id=2908924&use=l&cat=p&typeid=i","cat":314027},{"id":265336,"n":"Ardoise Bic Velleda Sans effacette - Bleu - 19x26cm","p":2.01,"img":"https://fd11-photos.leclercdrive.fr/image.ashx?id=2974587&use=l&cat=p&typeid=i","cat":334133},{"id":265443,"n":"Martini Bianco 14.5° - 1L","p":9.2,"u":"9,20 €/L","img":"https://fd11-photos.leclercdrive.fr/image.ashx?id=2941952&use=l&cat=p&typeid=i","cat":284913},{"id":265446,"n":"Martini Fiero 14.5° - 1L","p":10.09,"u":"10,09 €/L","img":"https://fd11-photos.leclercdrive.fr/image.ashx?id=2911573&use=l&cat=p&typeid=i","cat":284913},{"id":265449,"n":"Martini rosato 14.5° - 1L","p":9.2,"u":"9,20 €/L","img":"https://fd11-photos.leclercdrive.fr/image.ashx?id=2941946&use=l&cat=p&typeid=i","cat":284913},{"id":265450,"n":"Martini rosso 14.5° - 1L","p":9.2,"u":"9,20 €/L","img":"https://fd11-photos.leclercdrive.fr/image.ashx?id=2941949&use=l&cat=p&typeid=i","cat":284913},{"id":265832,"n":"Rasoir Hydro 5 - Wilkinson Face Groomer","p":16.72,"u":"Dont 0,10 € d'éco-part.","img":"https://fd11-photos.leclercdrive.fr/image.ashx?id=2963853&use=l&cat=p&typeid=i","cat":284616},{"id":265868,"n":"Lessive liquide Dash 2 en 1 Envolée d'air 40 lavages - 1.8L","p":10.11,"u":"5,62 €/L","img":"https://fd11-photos.leclercdrive.fr/image.ashx?id=2914858&use=l&cat=p&typeid=i","cat":284640},{"id":265882,"n":"Chewing-gum Hollywood Fraise - 5x14g - 70g","p":2.58,"u":"36,86 €/KG","img":"https://fd11-photos.leclercdrive.fr/image.ashx?id=3001545&use=l&cat=p&typeid=i","cat":304251},{"id":265886,"n":"Bière blonde 5 Lager Speciale 5% 6x25cl","p":3.42,"u":"2,28 €/L","img":"https://fd11-photos.leclercdrive.fr/image.ashx?id=2910768&use=l&cat=p&typeid=i","cat":334873},{"id":265890,"n":"Vodka Poliakov cherry 70cl 32°","p":12.5,"u":"17,86 €/L","img":"https://fd11-photos.leclercdrive.fr/image.ashx?id=3002048&use=l&cat=p&typeid=i","cat":284550},{"id":265913,"n":"Lessive en capsule Dash 2 en 1 Fraîcheur de coton - 696g","p":14.99,"u":"21,54 €/KG","img":"https://fd11-photos.leclercdrive.fr/image.ashx?id=2914873&use=l&cat=p&typeid=i","cat":284641},{"id":265941,"n":"Dentifrice Sensodyne Soin gencives 3x75ml","p":9.83,"pp":5.9,"u":"26,22 €/L","img":"https://fd11-photos.leclercdrive.fr/image.ashx?id=3009020&use=l&cat=p&typeid=i","cat":284612},{"id":265950,"n":"Dentifrice Sensodyne Soin blancheur 3x75ml","p":9.83,"pp":5.9,"u":"26,22 €/L","img":"https://fd11-photos.leclercdrive.fr/image.ashx?id=3009026&use=l&cat=p&typeid=i","cat":284612},{"id":266078,"n":"Lessive liquide Persil Douceur d'amande - 2.565L x61","p":10.19,"u":"3,97 €/L","img":"https://fd11-photos.leclercdrive.fr/image.ashx?id=2944497&use=l&cat=p&typeid=i","cat":284640},{"id":266088,"n":"Adoucissant Cajoline Creations Brise de muguet 1.386L x66","p":5.57,"u":"4,02 €/L","img":"https://fd11-photos.leclercdrive.fr/image.ashx?id=2914240&use=l&cat=p&typeid=i","cat":284650},{"id":266093,"n":"Adoucissant Lenor Envolée d'air - x55 - 1.155L","p":4.53,"u":"3,92 €/L","img":"https://fd11-photos.leclercdrive.fr/image.ashx?id=2914171&use=l&cat=p&typeid=i","cat":284650},{"id":266104,"n":"Lait corps nourissant Nivea Peaux sèches - 400ml","p":5.15,"u":"12,88 €/L","img":"https://fd11-photos.leclercdrive.fr/image.ashx?id=2977639&use=l&cat=p&typeid=i","cat":325349},{"id":266107,"n":"Gel WC Harpic Power Plus 750ml","p":2.13,"u":"2,84 €/L","img":"https://fd11-photos.leclercdrive.fr/image.ashx?id=2914027&use=l&cat=p&typeid=i","cat":284662},{"id":266112,"n":"Lessive liquide Ariel Peaux sensibles - 1.575L x35","p":9.88,"u":"6,27 €/L","img":"https://fd11-photos.leclercdrive.fr/image.ashx?id=2914819&use=l&cat=p&typeid=i","cat":284640},{"id":266113,"n":"Lessive liquide Ariel Unstoppable - x30 1.350L","p":9.88,"u":"7,32 €/L","img":"https://fd11-photos.leclercdrive.fr/image.ashx?id=2914144&use=l&cat=p&typeid=i","cat":284640},{"id":266123,"n":"Jambon Sec fines et fondantes Aoste nature 4 tranches - 67g","p":2.84,"u":"42,39 €/KG","img":"https://fd11-photos.leclercdrive.fr/image.ashx?id=2937196&use=l&cat=p&typeid=i","cat":316007},{"id":266137,"n":"Lessive liquide Ariel Ultra détachant - 1.350L x30","p":9.88,"u":"7,32 €/L","img":"https://fd11-photos.leclercdrive.fr/image.ashx?id=2914147&use=l&cat=p&typeid=i","cat":284640},{"id":266140,"n":"Capsules lave-vaisselle Finish Ultimate Plus - x47 - 573g","p":11.88,"pp":7.13,"u":"12,44 €/KG","img":"https://fd11-photos.leclercdrive.fr/image.ashx?id=2914630&use=l&cat=p&typeid=i","cat":284656},{"id":266145,"n":"Adoucissant Lenor Fresh Air Soleil tropical - 504ml - x36","p":4.53,"u":"8,99 €/L","img":"https://fd11-photos.leclercdrive.fr/image.ashx?id=2914156&use=l&cat=p&typeid=i","cat":284650},{"id":266147,"n":"Parfum de linge Lenor Parfum d'Ariel - x13 - 155g","p":4.53,"u":"29,23 €/KG","img":"https://fd11-photos.leclercdrive.fr/image.ashx?id=2914159&use=l&cat=p&typeid=i","cat":325302},{"id":266149,"n":"Adoucissant Lenor Fresh Air Fraîcheur matinale 504ml - x36","p":4.53,"u":"8,99 €/L","img":"https://fd11-photos.leclercdrive.fr/image.ashx?id=2914150&use=l&cat=p&typeid=i","cat":284650},{"id":266157,"n":"Lessive capsules Ariel Pods Grandiose Original 762g x21","p":13.07,"u":"17,15 €/KG","img":"https://fd11-photos.leclercdrive.fr/image.ashx?id=2914180&use=l&cat=p&typeid=i","cat":284641},{"id":266162,"n":"Capsules lave-vaisselle Finish Quantum - 707g - x68","p":11.88,"pp":7.13,"u":"10,08 €/KG","img":"https://fd11-photos.leclercdrive.fr/image.ashx?id=2914627&use=l&cat=p&typeid=i","cat":284656},{"id":266168,"n":"Lessive capsules Ariel 3en1 Pods - Alpine - 346g x19","p":9.7,"u":"28,03 €/KG","img":"https://fd11-photos.leclercdrive.fr/image.ashx?id=2914867&use=l&cat=p&typeid=i","cat":284641},{"id":266178,"n":"Adoucissant Lenor Envolée air - 882ml x42","p":3.68,"u":"4,17 €/L","img":"https://fd11-photos.leclercdrive.fr/image.ashx?id=2914168&use=l&cat=p&typeid=i","cat":284650},{"id":266182,"n":"Adoucissant Lenor Ambre & orchidée - 882ml - x42","p":4.48,"u":"5,08 €/L","img":"https://fd11-photos.leclercdrive.fr/image.ashx?id=2914864&use=l&cat=p&typeid=i","cat":284650},{"id":266183,"n":"Adoucissant Lenor Jasmin & Rose de mai 882ml x42","p":4.49,"u":"5,09 €/L","img":"https://fd11-photos.leclercdrive.fr/image.ashx?id=2914861&use=l&cat=p&typeid=i","cat":284650},{"id":266199,"n":"Adoucissant Soupline Ultra Fraîcheur infinie rosée 800ml","p":6.36,"u":"7,95 €/L","img":"https://fd11-photos.leclercdrive.fr/image.ashx?id=2991027&use=l&cat=p&typeid=i","cat":284650},{"id":266201,"n":"Adoucissant Soupline Ultra Fraîcheur infinie lagon 800ml","p":6.29,"u":"7,86 €/L","img":"https://fd11-photos.leclercdrive.fr/image.ashx?id=2991024&use=l&cat=p&typeid=i","cat":284650},{"id":266203,"n":"Adoucissant Soupline Ultra concentré Rose éclatante 800 ml","p":6.42,"u":"8,03 €/L","img":"https://fd11-photos.leclercdrive.fr/image.ashx?id=2914210&use=l&cat=p&typeid=i","cat":284650},{"id":266204,"n":"Adoucissant Soupline Ultra Emotion vanille - 1800ml","p":11.06,"u":"6,14 €/L","img":"https://fd11-photos.leclercdrive.fr/image.ashx?id=2914207&use=l&cat=p&typeid=i","cat":284650},{"id":266206,"n":"Adoucissant Soupline Ultra concentré Fraicheur Azur 800 ml","p":6.12,"u":"7,65 €/L","img":"https://fd11-photos.leclercdrive.fr/image.ashx?id=2991030&use=l&cat=p&typeid=i","cat":284650},{"id":266208,"n":"Adoucissant Soupline Ultra concentré Soin Expert 800 ml","p":6.16,"u":"7,70 €/L","img":"https://fd11-photos.leclercdrive.fr/image.ashx?id=2914222&use=l&cat=p&typeid=i","cat":284650},{"id":266210,"n":"Adoucissant Soupline Concentré   Sublime Musc 1,26L","p":5.53,"u":"4,39 €/L","img":"https://fd11-photos.leclercdrive.fr/image.ashx?id=2966803&use=l&cat=p&typeid=i","cat":284650},{"id":266213,"n":"Adoucissant Soupline Emotion ambré - 1260ml","p":6.45,"u":"5,12 €/L","img":"https://fd11-photos.leclercdrive.fr/image.ashx?id=2914231&use=l&cat=p&typeid=i","cat":284650},{"id":266238,"n":"Bonbons La Vosgienne  Cassis sans sucres -  49g","p":1.66,"u":"33,88 €/KG","img":"https://fd11-photos.leclercdrive.fr/image.ashx?id=2971900&use=l&cat=p&typeid=i","cat":304252},{"id":266239,"n":"Bonbons La Vosgienne Menthe citron sans sucres - 49g","p":1.75,"u":"35,71 €/KG","img":"https://fd11-photos.leclercdrive.fr/image.ashx?id=2991190&use=l&cat=p&typeid=i","cat":304252},{"id":266249,"n":"Bonbons La Vosgienne Sève de pin sans sucres - 46g","p":1.79,"u":"38,91 €/KG","img":"https://fd11-photos.leclercdrive.fr/image.ashx?id=2991193&use=l&cat=p&typeid=i","cat":304252},{"id":266435,"n":"Brume adoucissant Soupline Grand air - Anti-plis 300ml","p":6.67,"u":"22,23 €/L","img":"https://fd11-photos.leclercdrive.fr/image.ashx?id=2967974&use=l&cat=p&typeid=i","cat":284650},{"id":266436,"n":"Lessive liquide Ariel Original - 1.575L - x35","p":9.88,"u":"6,27 €/L","img":"https://fd11-photos.leclercdrive.fr/image.ashx?id=2914813&use=l&cat=p&typeid=i","cat":284640},{"id":266438,"n":"Lessive liquide Ariel Protection fibres - 1.350ml x30","p":9.88,"u":"7,32 €/L","img":"https://fd11-photos.leclercdrive.fr/image.ashx?id=2914825&use=l&cat=p&typeid=i","cat":284640},{"id":266440,"n":"Lessive liquide Ariel Active - 1350ml x30","p":9.88,"u":"7,32 €/L","img":"https://fd11-photos.leclercdrive.fr/image.ashx?id=2914828&use=l&cat=p&typeid=i","cat":284640},{"id":266446,"n":"Lessive capsules Ariel Pods+ Active - 405g - x19","p":10.66,"u":"26,32 €/KG","img":"https://fd11-photos.leclercdrive.fr/image.ashx?id=2914849&use=l&cat=p&typeid=i","cat":284641},{"id":266448,"n":"Lessive capsules Ariel Pods Original - 346g - x19","p":9.21,"u":"26,62 €/KG","img":"https://fd11-photos.leclercdrive.fr/image.ashx?id=2914855&use=l&cat=p&typeid=i","cat":284641},{"id":266449,"n":"Lessive capsules Ariel Pods Grandiose Alpine x21 - 762g","p":12.9,"u":"16,93 €/KG","img":"https://fd11-photos.leclercdrive.fr/image.ashx?id=2970245&use=l&cat=p&typeid=i","cat":284641},{"id":266450,"n":"Lessive capsules Ariel Pods+ Ultra détachant - 443g x19","p":10.66,"u":"24,06 €/KG","img":"https://fd11-photos.leclercdrive.fr/image.ashx?id=2914837&use=l&cat=p&typeid=i","cat":284641},{"id":266452,"n":"Lessive capsules Ariel Pods+ Unstoppable - 376g x19","p":10.66,"u":"28,35 €/KG","img":"https://fd11-photos.leclercdrive.fr/image.ashx?id=2914840&use=l&cat=p&typeid=i","cat":284641},{"id":266465,"n":"Lessive liquide Skip Bébé - 1.47L x35","p":12.74,"u":"8,67 €/L","img":"https://fd11-photos.leclercdrive.fr/image.ashx?id=2971787&use=l&cat=p&typeid=i","cat":284640},{"id":266470,"n":"Recharges diffuseur électrique Airwick - Cannelle - 19ml","p":4.36,"u":"229,47 €/L","img":"https://fd11-photos.leclercdrive.fr/image.ashx?id=2914624&use=l&cat=p&typeid=i","cat":311629},{"id":266705,"n":"Pain de mie La Boulangère Toastiligne Complet - 330g","p":1.72,"u":"5,21 €/KG","img":"https://fd11-photos.leclercdrive.fr/image.ashx?id=2926657&use=l&cat=p&typeid=i","cat":284477},{"id":266706,"n":"Pain de mie La Boulangère Complet & graines - 500g","p":1.96,"u":"3,92 €/KG","img":"https://fd11-photos.leclercdrive.fr/image.ashx?id=2926693&use=l&cat=p&typeid=i","cat":284477},{"id":267014,"n":"Tortillas de blé Old El Paso Complet x10 - 580g","p":3.79,"u":"6,53 €/KG","img":"https://fd11-photos.leclercdrive.fr/image.ashx?id=2916492&use=l&cat=p&typeid=i","cat":288993},{"id":267224,"n":"Complément alimentaire Granions Décontractant musculaire - 288g","p":23.09,"u":"80,17 €/KG","img":"https://fd11-photos.leclercdrive.fr/image.ashx?id=2916947&use=l&cat=p&typeid=i","cat":301268},{"id":267225,"n":"Complément alimentaire Granions Sublimlift - Citron - 330g","p":43.99,"u":"133,30 €/KG","img":"https://fd11-photos.leclercdrive.fr/image.ashx?id=2916950&use=l&cat=p&typeid=i","cat":301266},{"id":267328,"n":"Nettoyant désinfectant Clair 1.5L","p":1.85,"u":"1,23 €/L","img":"https://fd11-photos.leclercdrive.fr/image.ashx?id=2916593&use=l&cat=p&typeid=i","cat":325357},{"id":267332,"n":"Adoucissant Cajoline Créations Souffle de fraîcheur 1.386L x66","p":5.71,"u":"4,12 €/L","img":"https://fd11-photos.leclercdrive.fr/image.ashx?id=2917109&use=l&cat=p&typeid=i","cat":284650},{"id":267333,"n":"Adoucissant Cajoline Créations Fleur de tiaré & Pivoine 1.386L","p":5.54,"u":"4,00 €/L","img":"https://fd11-photos.leclercdrive.fr/image.ashx?id=2917112&use=l&cat=p&typeid=i","cat":284650},{"id":267335,"n":"Adoucissant Cajoline Créations Lavande & Rose blanche 1.386L","p":4.8,"u":"3,46 €/L","img":"https://fd11-photos.leclercdrive.fr/image.ashx?id=2917115&use=l&cat=p&typeid=i","cat":284650},{"id":267336,"n":"Adoucissant Cajoline Doux & Pur L'original - 1.386L x66","p":4.34,"u":"3,13 €/L","img":"https://fd11-photos.leclercdrive.fr/image.ashx?id=2917118&use=l&cat=p&typeid=i","cat":284650},{"id":267339,"n":"Adoucissant Cajoline Origines Fraîcheur Céleste 1.254L x66","p":6.75,"u":"5,38 €/L","img":"https://fd11-photos.leclercdrive.fr/image.ashx?id=2917121&use=l&cat=p&typeid=i","cat":284650},{"id":267341,"n":"Adoucissant Cajoline Elixir Bouquet estival - 460ml","p":6.69,"u":"14,54 €/L","img":"https://fd11-photos.leclercdrive.fr/image.ashx?id=2940672&use=l&cat=p&typeid=i","cat":284650},{"id":267342,"n":"Adoucissant liquide Cajoline Elixir Brise printanière 460ml","p":6.74,"u":"14,65 €/L","img":"https://fd11-photos.leclercdrive.fr/image.ashx?id=3000896&use=l&cat=p&typeid=i","cat":284650},{"id":267371,"n":"Adoucissant Cajoline Créations Fleur de la passion 1.386L x66","p":4.34,"u":"3,13 €/L","img":"https://fd11-photos.leclercdrive.fr/image.ashx?id=2918107&use=l&cat=p&typeid=i","cat":284650},{"id":267388,"n":"Adoucissant liquide Cajoline Elixir Fraîcheur Céleste 460ml","p":6.84,"u":"14,87 €/L","img":"https://fd11-photos.leclercdrive.fr/image.ashx?id=2918113&use=l&cat=p&typeid=i","cat":284650},{"id":267391,"n":"Adoucissant Cajoline Origines Brise printanière 1.254L x66","p":6.64,"u":"5,30 €/L","img":"https://fd11-photos.leclercdrive.fr/image.ashx?id=2918110&use=l&cat=p&typeid=i","cat":284650},{"id":267410,"n":"Jus de pamplemousse Tropicana Rose Ruby - 1L","p":3.12,"u":"3,12 €/L","img":"https://fd11-photos.leclercdrive.fr/image.ashx?id=3010825&use=l&cat=p&typeid=i","cat":284914},{"id":267412,"n":"Matin+ Pamplemousse Framboise - 90cl","p":2.39,"u":"2,66 €/L","img":"https://fd11-photos.leclercdrive.fr/image.ashx?id=2917735&use=l&cat=p&typeid=i","cat":284914},{"id":267433,"n":"Matin+ Mandarine, Kaki Passion - 90cl","p":2.44,"u":"2,71 €/L","img":"https://fd11-photos.leclercdrive.fr/image.ashx?id=2917729&use=l&cat=p&typeid=i","cat":284915},{"id":267435,"n":"Matin+ Mandarine, Mangue Banane - 90cl","p":2.44,"u":"2,71 €/L","img":"https://fd11-photos.leclercdrive.fr/image.ashx?id=2917732&use=l&cat=p&typeid=i","cat":284915},{"id":267542,"n":"Skyr Yoplait  Fraise - 4x100g","p":2.24,"u":"5,60 €/KG","img":"https://fd11-photos.leclercdrive.fr/image.ashx?id=2917792&use=l&cat=p&typeid=i","cat":315000},{"id":268005,"n":"Jambon cru Serrano Aoste  4 tranches - 67g","p":2.87,"u":"42,84 €/KG","img":"https://fd11-photos.leclercdrive.fr/image.ashx?id=2939844&use=l&cat=p&typeid=i","cat":316007},{"id":268029,"n":"Culottes Pampers Baby-dry Pants Taille 7 - x29","p":14.68,"u":"0,51 €/P","img":"https://fd11-photos.leclercdrive.fr/image.ashx?id=2919934&use=l&cat=p&typeid=i","cat":290633},{"id":268030,"n":"Culottes Pampers Premium Protection Pants - Taille 4 x31","p":16.6,"u":"0,54 €/P","img":"https://fd11-photos.leclercdrive.fr/image.ashx?id=2919937&use=l&cat=p&typeid=i","cat":290633},{"id":268038,"n":"Couches Pampers Baby-dry Taille 4 - x43","p":14.68,"u":"0,34 €/P","img":"https://fd11-photos.leclercdrive.fr/image.ashx?id=2942003&use=l&cat=p&typeid=i","cat":284737},{"id":268039,"n":"Couches Pampers Baby-Dry Taille 5 - x38","p":14.68,"u":"0,39 €/P","img":"https://fd11-photos.leclercdrive.fr/image.ashx?id=2919976&use=l&cat=p&typeid=i","cat":284737},{"id":268041,"n":"Couches Pampers Baby-Dry Taille 2 - x56","p":16.62,"u":"0,30 €/P","img":"https://fd11-photos.leclercdrive.fr/image.ashx?id=2919982&use=l&cat=p&typeid=i","cat":284737},{"id":268042,"n":"Culottes Pampers Baby-Dry Pants Taille 5 - x36","p":15.68,"u":"0,44 €/P","img":"https://fd11-photos.leclercdrive.fr/image.ashx?id=2920006&use=l&cat=p&typeid=i","cat":290633},{"id":268043,"n":"Les p'tits croqs Notre jardin Légumes du soleil Emmental 280g","p":2.49,"u":"8,89 €/KG","img":"https://fd11-photos.leclercdrive.fr/image.ashx?id=2918526&use=l&cat=p&typeid=i","cat":319802},{"id":268046,"n":"Les p'tits croqs Notre jardin Épinards mozzarella 280g","p":2.49,"u":"8,89 €/KG","img":"https://fd11-photos.leclercdrive.fr/image.ashx?id=2918529&use=l&cat=p&typeid=i","cat":319802},{"id":268047,"n":"Les p'tits croqs Notre jardin Petits légumes Emmental 280g","p":2.49,"u":"8,89 €/KG","img":"https://fd11-photos.leclercdrive.fr/image.ashx?id=2918532&use=l&cat=p&typeid=i","cat":319802},{"id":268050,"n":"Couches Pampers Baby-Dry Taille 6 - x33","p":16.62,"u":"0,50 €/P","img":"https://fd11-photos.leclercdrive.fr/image.ashx?id=2941994&use=l&cat=p&typeid=i","cat":284737},{"id":268052,"n":"Couches Pampers Baby-Dry Taille 5+ - x35","p":14.98,"u":"0,43 €/P","img":"https://fd11-photos.leclercdrive.fr/image.ashx?id=2942006&use=l&cat=p&typeid=i","cat":284737},{"id":268054,"n":"Couches Pampers Baby-Dry Taille 3 - x50","p":14.25,"u":"0,29 €/P","img":"https://fd11-photos.leclercdrive.fr/image.ashx?id=2919988&use=l&cat=p&typeid=i","cat":284737},{"id":268057,"n":"Couches Pampers Premium Protection Taille 2 - x54","p":16.86,"u":"0,31 €/P","img":"https://fd11-photos.leclercdrive.fr/image.ashx?id=2957392&use=l&cat=p&typeid=i","cat":284737},{"id":268063,"n":"Culottes Pampers Night Pants Taille 4 - x40","p":16.62,"u":"0,42 €/P","img":"https://fd11-photos.leclercdrive.fr/image.ashx?id=2919949&use=l&cat=p&typeid=i","cat":290633},{"id":268080,"n":"Mini pots Häagen-Dazs Original Collection x4 - 321g","p":5.87,"u":"18,29 €/KG","img":"https://fd11-photos.leclercdrive.fr/image.ashx?id=2992855&use=l&cat=p&typeid=i","cat":284725},{"id":268174,"n":"Culottes Pampers Night Pants Taille 6 - x30","p":18.51,"u":"0,62 €/P","img":"https://fd11-photos.leclercdrive.fr/image.ashx?id=2919952&use=l&cat=p&typeid=i","cat":290633},{"id":268175,"n":"Culottes Pampers Night Pants Taille 5 - x35","p":16.62,"u":"0,47 €/P","img":"https://fd11-photos.leclercdrive.fr/image.ashx?id=2919955&use=l&cat=p&typeid=i","cat":290633},{"id":268179,"n":"Culottes Pampers Premium Protection Pants - Taille 5 x29","p":16.6,"u":"0,57 €/P","img":"https://fd11-photos.leclercdrive.fr/image.ashx?id=3009245&use=l&cat=p&typeid=i","cat":290633},{"id":268180,"n":"Culottes Pampers Premium Protection Pants - Taille 6 x27","p":16.6,"u":"0,61 €/P","img":"https://fd11-photos.leclercdrive.fr/image.ashx?id=3009248&use=l&cat=p&typeid=i","cat":290633},{"id":268185,"n":"Couches Pampers Baby-Dry Taille 4+ - x39","p":16.62,"u":"0,43 €/P","img":"https://fd11-photos.leclercdrive.fr/image.ashx?id=2941997&use=l&cat=p&typeid=i","cat":284737},{"id":268186,"n":"Couches Pmapers Premium Protection - Taille 4 x38","p":16.62,"u":"0,44 €/P","img":"https://fd11-photos.leclercdrive.fr/image.ashx?id=2919994&use=l&cat=p&typeid=i","cat":284737},{"id":268187,"n":"Couches Pampers Premium Protection - Taille 6 x29","p":16.62,"u":"0,57 €/P","img":"https://fd11-photos.leclercdrive.fr/image.ashx?id=2919997&use=l&cat=p&typeid=i","cat":284737},{"id":268189,"n":"Couches Pampers Premium Protection Taille 3 x46","p":16.62,"u":"0,36 €/P","img":"https://fd11-photos.leclercdrive.fr/image.ashx?id=2991009&use=l&cat=p&typeid=i","cat":284737},{"id":268190,"n":"Couches Pampers Premium Protection Taille 5 x33","p":16.62,"u":"0,50 €/P","img":"https://fd11-photos.leclercdrive.fr/image.ashx?id=2991012&use=l&cat=p&typeid=i","cat":284737},{"id":268191,"n":"Culottes Pampers Baby-Dry Pants Taille 6 - x31","p":15.68,"u":"0,51 €/P","img":"https://fd11-photos.leclercdrive.fr/image.ashx?id=2920009&use=l&cat=p&typeid=i","cat":290633},{"id":268192,"n":"Culottes Pampers Baby-Dry Pants Taille 4 - x41","p":16.37,"u":"0,40 €/P","img":"https://fd11-photos.leclercdrive.fr/image.ashx?id=2920012&use=l&cat=p&typeid=i","cat":290633},{"id":268345,"n":"Biscuits fourrés BN Chocolat caramel - x3 - 855g","p":6.44,"u":"7,53 €/KG","img":"https://fd11-photos.leclercdrive.fr/image.ashx?id=2921474&use=l&cat=p&typeid=i","cat":284488},{"id":268346,"n":"Biscuits BN fourrés chocolat à la pâte à tartiner- x3 - 855g","p":6.44,"u":"7,53 €/KG","img":"https://fd11-photos.leclercdrive.fr/image.ashx?id=2921477&use=l&cat=p&typeid=i","cat":284488},{"id":268465,"n":"Pepsi pack de 6 canettes  6x33cl","p":3.08,"u":"1,56 €/L","img":"https://fd11-photos.leclercdrive.fr/image.ashx?id=2921540&use=l&cat=p&typeid=i","cat":284530},{"id":268468,"n":"Thé glacé Lipton Framboise  1.75L","p":2.35,"u":"1,34 €/L","img":"https://fd11-photos.leclercdrive.fr/image.ashx?id=2921103&use=l&cat=p&typeid=i","cat":295019},{"id":268817,"n":"Couches culotte Pampers Baby Dry x86 Taille 5","p":34.9,"u":"0,41 €/P","img":"https://fd11-photos.leclercdrive.fr/image.ashx?id=2922269&use=l&cat=p&typeid=i","cat":290633},{"id":268818,"n":"Pampers Baby Dry Taille 4 - x94","p":34.21,"u":"0,36 €/P","img":"https://fd11-photos.leclercdrive.fr/image.ashx?id=2922272&use=l&cat=p&typeid=i","cat":290633},{"id":268821,"n":"Couches Pampers Baby Dry x98","p":34.76,"u":"0,35 €/P","img":"https://fd11-photos.leclercdrive.fr/image.ashx?id=2922278&use=l&cat=p&typeid=i","cat":284737},{"id":268832,"n":"Couches Pampers Premium Taille 3 - x112","p":34.58,"u":"0,31 €/P","img":"https://fd11-photos.leclercdrive.fr/image.ashx?id=2922251&use=l&cat=p&typeid=i","cat":284737},{"id":268835,"n":"Couches Pampers  Premium protection Taille 5 x80","p":33.3,"u":"0,42 €/P","img":"https://fd11-photos.leclercdrive.fr/image.ashx?id=2922257&use=l&cat=p&typeid=i","cat":284737},{"id":268837,"n":"Couches Pampers Protection Taille 4 - x90","p":33.62,"u":"0,37 €/P","img":"https://fd11-photos.leclercdrive.fr/image.ashx?id=2922260&use=l&cat=p&typeid=i","cat":284737},{"id":269137,"n":"Roquefort AOP Société douceur 100g","p":2.5,"u":"25,00 €/KG","img":"https://fd11-photos.leclercdrive.fr/image.ashx?id=2922539&use=l&cat=p&typeid=i","cat":314032},{"id":269147,"n":"Bâtonnet Côte d'Or vanille Sauce caramel x4 - 276g","p":4.75,"u":"17,21 €/KG","img":"https://fd11-photos.leclercdrive.fr/image.ashx?id=2923867&use=l&cat=p&typeid=i","cat":284265},{"id":269150,"n":"Capsules de Café KitKat Dolce Gusto x16","p":5.17,"u":"0,32 €/P","img":"https://fd11-photos.leclercdrive.fr/image.ashx?id=2924893&use=l&cat=p&typeid=i","cat":293239},{"id":269161,"n":"Lessive liquide Persil  Bouquet de Provence - 1,806L","p":7.79,"u":"4,31 €/L","img":"https://fd11-photos.leclercdrive.fr/image.ashx?id=2924977&use=l&cat=p&typeid=i","cat":284640},{"id":269166,"n":"Lessive liquide Persil  Bouquet de Provence - 2,565L","p":10.57,"u":"4,12 €/L","img":"https://fd11-photos.leclercdrive.fr/image.ashx?id=2924980&use=l&cat=p&typeid=i","cat":284640},{"id":269176,"n":"Lessive liquide Skip  Peaux sensiles - 1,554L","p":11.42,"u":"7,35 €/L","img":"https://fd11-photos.leclercdrive.fr/image.ashx?id=2985669&use=l&cat=p&typeid=i","cat":284640},{"id":269197,"n":"Lessive liquide Persil  Douceur d'amande - 1.806","p":7.69,"u":"4,26 €/L","img":"https://fd11-photos.leclercdrive.fr/image.ashx?id=2944491&use=l&cat=p&typeid=i","cat":284640},{"id":269266,"n":"Stilos bille BIC Cristal Noir  X5","p":1.46,"u":"0,29 €/P","img":"https://fd11-photos.leclercdrive.fr/image.ashx?id=2972928&use=l&cat=p&typeid=i","cat":284696},{"id":269386,"n":"Lessive Liquide Persil Peaux Sensibles 43 lavages","p":8.99,"u":"4,98 €/L","img":"https://fd11-photos.leclercdrive.fr/image.ashx?id=2945838&use=l&cat=p&typeid=i","cat":284640},{"id":269504,"n":"Fromage Leerdammer Croque Gourmand 8 tranches - 200g","p":1.91,"u":"9,55 €/KG","img":"https://fd11-photos.leclercdrive.fr/image.ashx?id=3004858&use=l&cat=p&typeid=i","cat":314028},{"id":270176,"n":"Sauce à l'echalote Rustica 300g","p":1.65,"u":"5,50 €/KG","img":"https://fd11-photos.leclercdrive.fr/image.ashx?id=2955089&use=l&cat=p&typeid=i","cat":288381},{"id":270212,"n":"Bâtonnets Nuii chocolat noir Noix du Brésil x4 276g","p":4.89,"u":"17,72 €/KG","img":"https://fd11-photos.leclercdrive.fr/image.ashx?id=3000396&use=l&cat=p&typeid=i","cat":284265},{"id":270365,"n":"Filets maquereaux Petit Navire Sauce catalane - 169g","p":1.72,"u":"10,18 €/KG","img":"https://fd11-photos.leclercdrive.fr/image.ashx?id=3010834&use=l&cat=p&typeid=i","cat":303868},{"id":270441,"n":"Liquide Vaisselle B&C Ecodétergent au Bicarbonate -1L","p":5.1,"u":"5,10 €/L","img":"https://fd11-photos.leclercdrive.fr/image.ashx?id=2929011&use=l&cat=p&typeid=i","cat":284655},{"id":270473,"n":"Dessert lacté Nestlé Biscuit dès 6mois - 4x100g","p":1.6,"u":"4,00 €/KG","img":"https://fd11-photos.leclercdrive.fr/image.ashx?id=2934914&use=l&cat=p&typeid=i","cat":312392},{"id":270766,"n":"Eau aromatisée Vittel Aro Fraise framboise - 1L","p":1.24,"u":"1,24 €/L","img":"https://fd11-photos.leclercdrive.fr/image.ashx?id=2940624&use=l&cat=p&typeid=i","cat":284537},{"id":270767,"n":"Eau aromatisée Vittel Aro Fraise framboise - 4x50cl","p":3.36,"u":"3,36 €/L","img":"https://fd11-photos.leclercdrive.fr/image.ashx?id=2940621&use=l&cat=p&typeid=i","cat":284537},{"id":270768,"n":"Eau aromatisée Vittel Aro Pêche abricot - 1L","p":1.24,"u":"1,24 €/L","img":"https://fd11-photos.leclercdrive.fr/image.ashx?id=2940627&use=l&cat=p&typeid=i","cat":284537},{"id":271245,"n":"Ramette de papier A4 75g Eco+ - 500 feuilles","p":3.57,"u":"0,01 €/P","img":"https://fd11-photos.leclercdrive.fr/image.ashx?id=2943142&use=l&cat=p&typeid=i","cat":284697},{"id":271437,"n":"Feuilles simples Clairefontaine 90g - x300 - 21x29.7cm","p":2.9,"img":"https://fd11-photos.leclercdrive.fr/image.ashx?id=3008032&use=l&cat=p&typeid=i","cat":284697},{"id":271457,"n":"Papier toilette Le Trèfle Infini x4","p":3.59,"u":"0,90 €/P","img":"https://fd11-photos.leclercdrive.fr/image.ashx?id=2938193&use=l&cat=p&typeid=i","cat":284634},{"id":271459,"n":"Papier toilette Le Trèfle Ultra Care x6","p":4.55,"u":"0,76 €/P","img":"https://fd11-photos.leclercdrive.fr/image.ashx?id=2974042&use=l&cat=p&typeid=i","cat":284634},{"id":271461,"n":"Essuie-tout Sopalin Power x3","p":2.79,"u":"0,93 €/P","img":"https://fd11-photos.leclercdrive.fr/image.ashx?id=2964078&use=l&cat=p&typeid=i","cat":284635},{"id":271510,"n":"Sauce poivre Rustica 300g","p":1.12,"u":"3,73 €/KG","img":"https://fd11-photos.leclercdrive.fr/image.ashx?id=2955059&use=l&cat=p&typeid=i","cat":318431},{"id":271512,"n":"Gourdes Babybio Bio Multipack 7- 20g","p":7.72,"u":"10,72 €/KG","img":"https://fd11-photos.leclercdrive.fr/image.ashx?id=2936887&use=l&cat=p&typeid=i","cat":284508},{"id":271854,"n":"Bowl Bibimbap Yomia aux légumes 320g","p":3.85,"u":"12,03 €/KG","img":"https://fd11-photos.leclercdrive.fr/image.ashx?id=2972526&use=l&cat=p&typeid=i","cat":284254},{"id":271861,"n":"Bowl Bibimbap Yomia au poulet teriyaki - 320g","p":4.43,"u":"13,84 €/KG","img":"https://fd11-photos.leclercdrive.fr/image.ashx?id=2972523&use=l&cat=p&typeid=i","cat":284254},{"id":271862,"n":"Bowl Bibimbap Yomia au bœuf  320g","p":4.51,"u":"14,09 €/KG","img":"https://fd11-photos.leclercdrive.fr/image.ashx?id=2972520&use=l&cat=p&typeid=i","cat":284254},{"id":271978,"n":"Dentifrice Blancheur Signal White Now 3en1 blancheur 75ml","p":4.79,"u":"63,87 €/L","img":"https://fd11-photos.leclercdrive.fr/image.ashx?id=2985684&use=l&cat=p&typeid=i","cat":284612},{"id":271982,"n":"Dentifrice Blancheur Signal White Now 3en1 Charbon 75ml","p":4.79,"u":"63,87 €/L","img":"https://fd11-photos.leclercdrive.fr/image.ashx?id=2938340&use=l&cat=p&typeid=i","cat":284612},{"id":271995,"n":"Dentifrice Sensodyne  Sensibilité & gencives 75ml","p":4.7,"u":"62,67 €/L","img":"https://fd11-photos.leclercdrive.fr/image.ashx?id=2937799&use=l&cat=p&typeid=i","cat":284612},{"id":271998,"n":"Dentifrice Sensodyne Multi-protection 75ml","p":4.8,"u":"64,00 €/L","img":"https://fd11-photos.leclercdrive.fr/image.ashx?id=2937802&use=l&cat=p&typeid=i","cat":284612},{"id":271999,"n":"Soin douche Le Petit  Marseillais Lait d'avoine 400ml","p":3.14,"u":"7,85 €/L","img":"https://fd11-photos.leclercdrive.fr/image.ashx?id=2937298&use=l&cat=p&typeid=i","cat":284594},{"id":272001,"n":"Soin douche Le Petit Marseillais Lait de riz 400ml","p":3.14,"u":"7,85 €/L","img":"https://fd11-photos.leclercdrive.fr/image.ashx?id=2937301&use=l&cat=p&typeid=i","cat":284594},{"id":272145,"n":"Latté Kitkat Nescafé  273g","p":4.95,"u":"18,13 €/KG","img":"https://fd11-photos.leclercdrive.fr/image.ashx?id=2952178&use=l&cat=p&typeid=i","cat":284843},{"id":272146,"n":"Sauce Bechamel Rustica 500g","p":1.65,"u":"3,30 €/KG","img":"https://fd11-photos.leclercdrive.fr/image.ashx?id=2958765&use=l&cat=p&typeid=i","cat":318430},{"id":272349,"n":"Sérum visage Nivea Anti-age  30ml","p":25.41,"u":"847,00 €/L","img":"https://fd11-photos.leclercdrive.fr/image.ashx?id=2991304&use=l&cat=p&typeid=i","cat":325345},{"id":272976,"n":"Copies doubles Clairefontaine Perforées  21x29.7cm- 300 pages","p":2.9,"img":"https://fd11-photos.leclercdrive.fr/image.ashx?id=2938632&use=l&cat=p&typeid=i","cat":284697},{"id":272977,"n":"Surligneurs Stabilo Boss original x7","p":6.58,"img":"https://fd11-photos.leclercdrive.fr/image.ashx?id=2938800&use=l&cat=p&typeid=i","cat":284696},{"id":273444,"n":"Riz Taureau Ailé 2x500g","p":3.15,"u":"3,15 €/KG","img":"https://fd11-photos.leclercdrive.fr/image.ashx?id=2963745&use=l&cat=p&typeid=i","cat":284428},{"id":273449,"n":"Riz basmati Taureau Ailé  2x500g","p":3.15,"u":"3,15 €/KG","img":"https://fd11-photos.leclercdrive.fr/image.ashx?id=2963748&use=l&cat=p&typeid=i","cat":284428},{"id":273585,"n":"Oignon rouge Eco+ 500g","p":0.99,"u":"1,98 €/KG","img":"https://fd11-photos.leclercdrive.fr/image.ashx?id=2942048&use=l&cat=p&typeid=i","cat":284352},{"id":273630,"n":"Oignon jaune tube filière Panier du Primeur x4","p":1.79,"u":"0,45 €/P","img":"https://fd11-photos.leclercdrive.fr/image.ashx?id=2942260&use=l&cat=p&typeid=i","cat":284352},{"id":273983,"n":"Carottes baie du Mont St-Michel Nos Régions ont du Talent 1kg","p":1.99,"u":"1,99 €/KG","img":"https://fd11-photos.leclercdrive.fr/image.ashx?id=2943024&use=l&cat=p&typeid=i","cat":284352},{"id":274343,"n":"Café dosettes Tassimo Milka x10","p":4.89,"u":"30,56 €/KG","img":"https://fd11-photos.leclercdrive.fr/image.ashx?id=2944461&use=l&cat=p&typeid=i","cat":293240},{"id":274347,"n":"Sauté de veau William Saurin Legumes - 280g","p":3.23,"u":"11,54 €/KG","img":"https://fd11-photos.leclercdrive.fr/image.ashx?id=2943984&use=l&cat=p&typeid=i","cat":284953},{"id":274419,"n":"Pain au lait La Boulangère  Pepites de chocolats - 280g","p":2.66,"u":"9,50 €/KG","img":"https://fd11-photos.leclercdrive.fr/image.ashx?id=2944879&use=l&cat=p&typeid=i","cat":294673},{"id":274421,"n":"Compotes Pom'Potes Pomme  Poire Banane - x4 - 360g","p":2.18,"u":"6,06 €/KG","img":"https://fd11-photos.leclercdrive.fr/image.ashx?id=2949826&use=l&cat=p&typeid=i","cat":284508},{"id":274422,"n":"Compotes Pom'Potes Pomme  Fraise Cerise - x4 - 360g","p":2.33,"u":"6,47 €/KG","img":"https://fd11-photos.leclercdrive.fr/image.ashx?id=3010921&use=l&cat=p&typeid=i","cat":284508},{"id":274424,"n":"Compotes Pom-Potes Pomme Pêche  Poire Framboise - x12 - 1.08kg","p":5.54,"u":"5,13 €/KG","img":"https://fd11-photos.leclercdrive.fr/image.ashx?id=3010966&use=l&cat=p&typeid=i","cat":284508},{"id":274426,"n":"Compotes Pom'Potes Pomme  Framboise Citron vert x4 - 360g","p":2.21,"u":"6,14 €/KG","img":"https://fd11-photos.leclercdrive.fr/image.ashx?id=2943813&use=l&cat=p&typeid=i","cat":284508},{"id":274427,"n":"Compotes Pom'Potes Pomme Pêche  Pamplemousse - x4 - 360g","p":2.21,"u":"6,14 €/KG","img":"https://fd11-photos.leclercdrive.fr/image.ashx?id=3010918&use=l&cat=p&typeid=i","cat":284508},{"id":274428,"n":"Compotes Pom'Potes Pomme Ananas Orange/Citron - x12 - 1.08kg","p":5.77,"u":"5,34 €/KG","img":"https://fd11-photos.leclercdrive.fr/image.ashx?id=3010963&use=l&cat=p&typeid=i","cat":284508},{"id":274430,"n":"Compotes Pom'Potes Les P'tits Explorateurs - x20 - 1.8kg","p":8.22,"u":"4,57 €/KG","img":"https://fd11-photos.leclercdrive.fr/image.ashx?id=2943825&use=l&cat=p&typeid=i","cat":284508},{"id":274500,"n":"Brioche tranchée La Boulangère 450g","p":2.1,"u":"4,67 €/KG","img":"https://fd11-photos.leclercdrive.fr/image.ashx?id=2944882&use=l&cat=p&typeid=i","cat":285529},{"id":274505,"n":"Yaourt à la Grecque Danone Vanille -4x110g","p":2.39,"u":"5,43 €/KG","img":"https://fd11-photos.leclercdrive.fr/image.ashx?id=2992738&use=l&cat=p&typeid=i","cat":314999},{"id":274506,"n":"Yaourt à la Grecque Danone Nature  - 4x110g","p":1.85,"u":"4,20 €/KG","img":"https://fd11-photos.leclercdrive.fr/image.ashx?id=2992732&use=l&cat=p&typeid=i","cat":314999},{"id":274509,"n":"Yaourt à la Grecque Danone Fraise - 4x110g","p":2.42,"u":"5,50 €/KG","img":"https://fd11-photos.leclercdrive.fr/image.ashx?id=2992729&use=l&cat=p&typeid=i","cat":314999},{"id":274526,"n":"Capsules lave-vaisselle Finish Ultimate Plus - Citron - 573g","p":11.88,"pp":7.13,"u":"12,44 €/KG","img":"https://fd11-photos.leclercdrive.fr/image.ashx?id=2945646&use=l&cat=p&typeid=i","cat":284656},{"id":274528,"n":"Capsules lave-vaisselle Finish Quantum - Citron - 707g x68","p":11.88,"pp":7.13,"u":"10,08 €/KG","img":"https://fd11-photos.leclercdrive.fr/image.ashx?id=2945643&use=l&cat=p&typeid=i","cat":284656},{"id":274530,"n":"Capsules lave-vaisselle Finish Ultimate - Citron - 735g x57","p":11.88,"pp":7.13,"u":"9,70 €/KG","img":"https://fd11-photos.leclercdrive.fr/image.ashx?id=2945649&use=l&cat=p&typeid=i","cat":284656},{"id":274541,"n":"Yaourt à la Grecque Danone Stracciatella - 4x110g","p":2.39,"u":"5,43 €/KG","img":"https://fd11-photos.leclercdrive.fr/image.ashx?id=2992735&use=l&cat=p&typeid=i","cat":314999},{"id":274550,"n":"Recharge diffuseur électrique Airwick - Cerisier - 19ml","p":4.38,"u":"230,53 €/L","img":"https://fd11-photos.leclercdrive.fr/image.ashx?id=2945832&use=l&cat=p&typeid=i","cat":311629},{"id":274554,"n":"Yaourt à la Grecque Danone Citron - 4x110g","p":2.34,"u":"5,32 €/KG","img":"https://fd11-photos.leclercdrive.fr/image.ashx?id=2992744&use=l&cat=p&typeid=i","cat":314999},{"id":274977,"n":"Lingettes Carolin Multi-usages  x80","p":3.64,"u":"0,05 €/P","img":"https://fd11-photos.leclercdrive.fr/image.ashx?id=2946562&use=l&cat=p&typeid=i","cat":325358},{"id":274994,"n":"Lames Wilkinson  The face Groomer - x4","p":14.49,"u":"3,62 €/P","img":"https://fd11-photos.leclercdrive.fr/image.ashx?id=2946619&use=l&cat=p&typeid=i","cat":284616},{"id":275019,"n":"Pain Pinsa La Boulangère 230g","p":3.03,"u":"13,17 €/KG","img":"https://fd11-photos.leclercdrive.fr/image.ashx?id=2946607&use=l&cat=p&typeid=i","cat":284359},{"id":275029,"n":"Lames de rasoir Wilkinson Double edge blades x10","p":2.84,"img":"https://fd11-photos.leclercdrive.fr/image.ashx?id=2946724&use=l&cat=p&typeid=i","cat":284616},{"id":275039,"n":"Rasoir Wilkinson +5 lames","p":21.45,"img":"https://fd11-photos.leclercdrive.fr/image.ashx?id=2946721&use=l&cat=p&typeid=i","cat":284616},{"id":275214,"n":"Curry  pois chiches Cassegrain A l'indienne - 430g","p":2.82,"u":"6,56 €/KG","img":"https://fd11-photos.leclercdrive.fr/image.ashx?id=2952490&use=l&cat=p&typeid=i","cat":287599},{"id":275217,"n":"Crème visage jour Nivea Anti-âge repulpant SPF30 50ml","p":12.99,"u":"259,80 €/L","img":"https://fd11-photos.leclercdrive.fr/image.ashx?id=3000815&use=l&cat=p&typeid=i","cat":325345},{"id":275218,"n":"Chili de haricots Cassegrain A la mexicaine - 430g","p":2.85,"u":"6,63 €/KG","img":"https://fd11-photos.leclercdrive.fr/image.ashx?id=2962125&use=l&cat=p&typeid=i","cat":287599},{"id":275219,"n":"Rasoir Intuition Wilkinson Complete Mini - x1","p":10.68,"img":"https://fd11-photos.leclercdrive.fr/image.ashx?id=2947177&use=l&cat=p&typeid=i","cat":325352},{"id":275220,"n":"Dahl de lentilles Cassegrain A l'indienne - 435g","p":2.89,"u":"6,64 €/KG","img":"https://fd11-photos.leclercdrive.fr/image.ashx?id=2946904&use=l&cat=p&typeid=i","cat":287599},{"id":275222,"n":"Trio de poivrons Cassegrain Sarrasin - 375g","p":3.9,"u":"10,40 €/KG","img":"https://fd11-photos.leclercdrive.fr/image.ashx?id=2953459&use=l&cat=p&typeid=i","cat":287599},{"id":275224,"n":"Barre de céréales Lion 8x25g","p":2.83,"u":"14,15 €/KG","img":"https://fd11-photos.leclercdrive.fr/image.ashx?id=2947195&use=l&cat=p&typeid=i","cat":285869},{"id":275225,"n":"Barre de céréales Chocapic 8x25g","p":2.83,"u":"14,15 €/KG","img":"https://fd11-photos.leclercdrive.fr/image.ashx?id=2947198&use=l&cat=p&typeid=i","cat":285869},{"id":275236,"n":"Lingettes Carolin  Anti-bactériennes  - x80","p":3.28,"u":"0,04 €/P","img":"https://fd11-photos.leclercdrive.fr/image.ashx?id=2946964&use=l&cat=p&typeid=i","cat":325358},{"id":275238,"n":"Lingettes Carolin  Anti-bactériennes - x80","p":3.28,"u":"0,04 €/P","img":"https://fd11-photos.leclercdrive.fr/image.ashx?id=2946967&use=l&cat=p&typeid=i","cat":325358},{"id":275240,"n":"Lingettes Carolin Citron Ultra dégraissant - x80","p":3.64,"u":"0,05 €/P","img":"https://fd11-photos.leclercdrive.fr/image.ashx?id=2946976&use=l&cat=p&typeid=i","cat":325358},{"id":275244,"n":"Dentifrice Sensodyne  Sensibilité et gencives -75ml","p":4.8,"u":"64,00 €/L","img":"https://fd11-photos.leclercdrive.fr/image.ashx?id=2947180&use=l&cat=p&typeid=i","cat":284612},{"id":275245,"n":"Dentifrice Sensodyne Blancheur - 75ml","p":4.7,"u":"62,67 €/L","img":"https://fd11-photos.leclercdrive.fr/image.ashx?id=2947183&use=l&cat=p&typeid=i","cat":284612},{"id":275249,"n":"Spray aérosol Airwick  Baies sauvages -250ml","p":4.09,"u":"16,36 €/L","img":"https://fd11-photos.leclercdrive.fr/image.ashx?id=2947066&use=l&cat=p&typeid=i","cat":311626},{"id":275507,"n":"Lait Le Petit Marseillais Nutrition Argan 400ml","p":4.05,"u":"10,13 €/L","img":"https://fd11-photos.leclercdrive.fr/image.ashx?id=2950333&use=l&cat=p&typeid=i","cat":325349},{"id":275662,"n":"Soin hydratant Garnier Hyaluron Liquide quotidien - 120ml","p":10.77,"u":"89,75 €/L","img":"https://fd11-photos.leclercdrive.fr/image.ashx?id=2986654&use=l&cat=p&typeid=i","cat":325345},{"id":275671,"n":"Dentifrice Sanogyl Soin gencives - 75ml","p":3.19,"u":"42,53 €/L","img":"https://fd11-photos.leclercdrive.fr/image.ashx?id=2950195&use=l&cat=p&typeid=i","cat":284612},{"id":275675,"n":"Spray désinfectant Clair Multi-surfaces - 500ml","p":1.53,"u":"3,06 €/L","img":"https://fd11-photos.leclercdrive.fr/image.ashx?id=2949251&use=l&cat=p&typeid=i","cat":325357},{"id":275690,"n":"Dentifrice Sensodyne Eclat blancheur - 75ml","p":6.85,"u":"91,33 €/L","img":"https://fd11-photos.leclercdrive.fr/image.ashx?id=2997781&use=l&cat=p&typeid=i","cat":284612},{"id":275692,"n":"Dentifrice Sensodyne Nettoyage intense - 75ml","p":6.85,"u":"91,33 €/L","img":"https://fd11-photos.leclercdrive.fr/image.ashx?id=2998047&use=l&cat=p&typeid=i","cat":284612},{"id":275695,"n":"Dentifrice Sensodyne Rapide Action extra-fresh - 75ml","p":4.8,"u":"64,00 €/L","img":"https://fd11-photos.leclercdrive.fr/image.ashx?id=2950717&use=l&cat=p&typeid=i","cat":284612},{"id":275706,"n":"Dentifrice Sensodyne Multi-protection Blancheur 75ml","p":4.85,"u":"64,67 €/L","img":"https://fd11-photos.leclercdrive.fr/image.ashx?id=2950723&use=l&cat=p&typeid=i","cat":284612},{"id":275708,"n":"Dentifrice Sensodyne Sensibilité Gencives Email 75ml","p":5.1,"u":"68,00 €/L","img":"https://fd11-photos.leclercdrive.fr/image.ashx?id=2950720&use=l&cat=p&typeid=i","cat":284612},{"id":276126,"n":"Whisky Jack Daniel's Bonded 70cL","p":33.9,"pp":29.9,"u":"42,71 €/L","img":"https://fd11-photos.leclercdrive.fr/image.ashx?id=2952001&use=l&cat=p&typeid=i","cat":284547},{"id":276184,"n":"Ferrero Collection Arbre mixte  129g","p":7.57,"u":"58,68 €/KG","img":"https://fd11-photos.leclercdrive.fr/image.ashx?id=2952052&use=l&cat=p&typeid=i","cat":327595},{"id":276186,"n":"Ferrero Collection Assortiment cube lumières de fête - 185g","p":10.08,"u":"54,49 €/KG","img":"https://fd11-photos.leclercdrive.fr/image.ashx?id=2952121&use=l&cat=p&typeid=i","cat":327595},{"id":276187,"n":"Ferrero Collection Assortiment Merveilles d'hiver - 203g","p":10.08,"u":"49,66 €/KG","img":"https://fd11-photos.leclercdrive.fr/image.ashx?id=2952061&use=l&cat=p&typeid=i","cat":327595},{"id":276188,"n":"Ferrero Collection Assortiment Promenade en ville - 197g","p":9.79,"u":"49,70 €/KG","img":"https://fd11-photos.leclercdrive.fr/image.ashx?id=2952058&use=l&cat=p&typeid=i","cat":327595},{"id":276189,"n":"Chocolats Ferrero Prestige  256g","p":9.49,"u":"37,07 €/KG","img":"https://fd11-photos.leclercdrive.fr/image.ashx?id=2952112&use=l&cat=p&typeid=i","cat":327595},{"id":276190,"n":"Chocolats Ferrero Prestige  319g","p":11.26,"u":"35,30 €/KG","img":"https://fd11-photos.leclercdrive.fr/image.ashx?id=2961287&use=l&cat=p&typeid=i","cat":284499},{"id":276201,"n":"Kinder chocolat  150g","p":3.23,"u":"21,53 €/KG","img":"https://fd11-photos.leclercdrive.fr/image.ashx?id=2952079&use=l&cat=p&typeid=i","cat":327592},{"id":276206,"n":"Kinder mini eggs  Lait - 182g","p":4.23,"u":"23,24 €/KG","img":"https://fd11-photos.leclercdrive.fr/image.ashx?id=2953980&use=l&cat=p&typeid=i","cat":327592},{"id":276208,"n":"Kinder Balls  Eclats de Noisettes - 164g","p":5.87,"u":"35,79 €/KG","img":"https://fd11-photos.leclercdrive.fr/image.ashx?id=2952088&use=l&cat=p&typeid=i","cat":327592},{"id":276209,"n":"Kinder Balls  Eclats de Bsicuits cacao - 164g","p":5.87,"u":"35,79 €/KG","img":"https://fd11-photos.leclercdrive.fr/image.ashx?id=2952091&use=l&cat=p&typeid=i","cat":327592},{"id":276210,"n":"Kinder Schokobons  200g","p":3.84,"u":"19,20 €/KG","img":"https://fd11-photos.leclercdrive.fr/image.ashx?id=2952911&use=l&cat=p&typeid=i","cat":327592},{"id":276211,"n":"Kinder Schokobons  350g","p":5.87,"u":"16,77 €/KG","img":"https://fd11-photos.leclercdrive.fr/image.ashx?id=2952103&use=l&cat=p&typeid=i","cat":327592},{"id":276214,"n":"Nutella Chausette  209g","p":10.28,"u":"49,19 €/KG","img":"https://fd11-photos.leclercdrive.fr/image.ashx?id=2952100&use=l&cat=p&typeid=i","cat":327592},{"id":276215,"n":"Tasse céramique Stitch 34g","p":5.65,"u":"166,18 €/KG","img":"https://fd11-photos.leclercdrive.fr/image.ashx?id=2952124&use=l&cat=p&typeid=i","cat":327789},{"id":276345,"n":"Pralines The Belgian Framboises - 200g","p":7.49,"pp":4.94,"u":"24,70 €/KG","img":"https://fd11-photos.leclercdrive.fr/image.ashx?id=2952845&use=l&cat=p&typeid=i","cat":284499},{"id":276346,"n":"Truffes The Belgian Marc de champagne - 200g","p":3.95,"u":"19,75 €/KG","img":"https://fd11-photos.leclercdrive.fr/image.ashx?id=2952830&use=l&cat=p&typeid=i","cat":327600},{"id":276348,"n":"Truffes Café The Belgian Café - 200g","p":3.95,"u":"19,75 €/KG","img":"https://fd11-photos.leclercdrive.fr/image.ashx?id=2952851&use=l&cat=p&typeid=i","cat":327600},{"id":276349,"n":"Fruits de mer The Belgian Noisettes - 65g","p":2.53,"u":"38,92 €/KG","img":"https://fd11-photos.leclercdrive.fr/image.ashx?id=2983474&use=l&cat=p&typeid=i","cat":284499},{"id":276350,"n":"Fruits de mer The Belgian Chocolat noir - 60g","p":2.53,"u":"42,17 €/KG","img":"https://fd11-photos.leclercdrive.fr/image.ashx?id=2952839&use=l&cat=p&typeid=i","cat":284499},{"id":276351,"n":"Fruits de mer The Belgian Café - 60g","p":2.53,"u":"42,17 €/KG","img":"https://fd11-photos.leclercdrive.fr/image.ashx?id=2952842&use=l&cat=p&typeid=i","cat":284499},{"id":276354,"n":"Fruits de mer The Belgian Vanille - 65g","p":2.53,"u":"38,92 €/KG","img":"https://fd11-photos.leclercdrive.fr/image.ashx?id=2983483&use=l&cat=p&typeid=i","cat":284958},{"id":276356,"n":"Assortiment café gourmand  Chevalier d'argouges - 140g","p":9.95,"pp":6.57,"u":"46,93 €/KG","img":"https://fd11-photos.leclercdrive.fr/image.ashx?id=2952685&use=l&cat=p&typeid=i","cat":327600},{"id":276359,"n":"Assortiment confiserie Roy René 400g","p":14.84,"u":"37,10 €/KG","img":"https://fd11-photos.leclercdrive.fr/image.ashx?id=2952496&use=l&cat=p&typeid=i","cat":327606},{"id":276360,"n":"Coffret Pralines Hamlet 200g","p":6.89,"pp":4.55,"u":"22,75 €/KG","img":"https://fd11-photos.leclercdrive.fr/image.ashx?id=2953112&use=l&cat=p&typeid=i","cat":284958},{"id":276361,"n":"Assortiment décorées Hamlet Pralinés - 195g","p":6.89,"pp":4.55,"u":"23,33 €/KG","img":"https://fd11-photos.leclercdrive.fr/image.ashx?id=2952818&use=l&cat=p&typeid=i","cat":284958},{"id":276362,"n":"Boite chocolats Deluxe Hamlet Deluxe 175g","p":6.95,"u":"39,71 €/KG","img":"https://fd11-photos.leclercdrive.fr/image.ashx?id=2953109&use=l&cat=p&typeid=i","cat":284958},{"id":276363,"n":"Assortiment automne Hamlet Pralinés - 195g","p":6.95,"u":"35,64 €/KG","img":"https://fd11-photos.leclercdrive.fr/image.ashx?id=2952821&use=l&cat=p&typeid=i","cat":284958},{"id":276364,"n":"Assortiment fenêtre Hamlet Pralinés -195g","p":6.89,"pp":4.55,"u":"23,33 €/KG","img":"https://fd11-photos.leclercdrive.fr/image.ashx?id=2952824&use=l&cat=p&typeid=i","cat":284958},{"id":276365,"n":"Tuiles lait Hamlet Lait - 150g","p":5.49,"u":"36,60 €/KG","img":"https://fd11-photos.leclercdrive.fr/image.ashx?id=2953386&use=l&cat=p&typeid=i","cat":327600},{"id":276366,"n":"Tuiles noir Hamlet Noir -150g","p":5.49,"u":"36,60 €/KG","img":"https://fd11-photos.leclercdrive.fr/image.ashx?id=2952811&use=l&cat=p&typeid=i","cat":327600},{"id":276367,"n":"Tuiles lait caramel salé Hamlet Lait caramel -150g","p":5.49,"u":"36,60 €/KG","img":"https://fd11-photos.leclercdrive.fr/image.ashx?id=2952814&use=l&cat=p&typeid=i","cat":327600},{"id":276369,"n":"Nougat amande et noisette  Chabert & Guillot - 300g","p":11.95,"pp":7.89,"u":"26,30 €/KG","img":"https://fd11-photos.leclercdrive.fr/image.ashx?id=2952508&use=l&cat=p&typeid=i","cat":327605},{"id":276370,"n":"Nougat amande noix pécan et  épices Chabert & Guillot - 300g","p":11.95,"pp":7.89,"u":"26,30 €/KG","img":"https://fd11-photos.leclercdrive.fr/image.ashx?id=2952511&use=l&cat=p&typeid=i","cat":327605},{"id":276371,"n":"Nougat caramel, fleur d'oranger Chabert & Guillot - 300g","p":8.46,"u":"28,20 €/KG","img":"https://fd11-photos.leclercdrive.fr/image.ashx?id=2952514&use=l&cat=p&typeid=i","cat":327605},{"id":276373,"n":"Desserts de provence  Chabert & Guillot - 200g","p":13.28,"u":"66,40 €/KG","img":"https://fd11-photos.leclercdrive.fr/image.ashx?id=2952505&use=l&cat=p&typeid=i","cat":327605},{"id":276375,"n":"Père noël avec sapin Rohan Moulage décoré -190g","p":4.63,"u":"24,37 €/KG","img":"https://fd11-photos.leclercdrive.fr/image.ashx?id=2952622&use=l&cat=p&typeid=i","cat":327592},{"id":276377,"n":"Père noël sous alu Rohan Moulage -100g","p":2.02,"u":"20,20 €/KG","img":"https://fd11-photos.leclercdrive.fr/image.ashx?id=2952631&use=l&cat=p&typeid=i","cat":327592},{"id":276382,"n":"Boules fourrées Fizzy Chocolat au lait - 50g","p":8.81,"u":"176,20 €/KG","img":"https://fd11-photos.leclercdrive.fr/image.ashx?id=2952670&use=l&cat=p&typeid=i","cat":327592},{"id":276388,"n":"Chocolats NOVI gianduiotti  400g","p":12.95,"u":"32,38 €/KG","img":"https://fd11-photos.leclercdrive.fr/image.ashx?id=2953395&use=l&cat=p&typeid=i","cat":327595},{"id":276389,"n":"Chocolats NOVI gianduiotti  245g","p":13.44,"u":"54,86 €/KG","img":"https://fd11-photos.leclercdrive.fr/image.ashx?id=2952977&use=l&cat=p&typeid=i","cat":284499},{"id":276396,"n":"Casier l'original Abtey Chocolat noir liqueur x9 - 81g","p":3.13,"u":"38,64 €/KG","img":"https://fd11-photos.leclercdrive.fr/image.ashx?id=2969878&use=l&cat=p&typeid=i","cat":327601},{"id":276402,"n":"Sachet déco sapin Riegelein moulage chocolat lait -150g","p":3.98,"u":"26,53 €/KG","img":"https://fd11-photos.leclercdrive.fr/image.ashx?id=2952766&use=l&cat=p&typeid=i","cat":327592},{"id":276423,"n":"Calendrier de l'avent Chocobisc Disney Princesses - 99g","p":5.53,"u":"55,86 €/KG","img":"https://fd11-photos.leclercdrive.fr/image.ashx?id=2980737&use=l&cat=p&typeid=i","cat":327590},{"id":276428,"n":"Coffret chocolats Caffarel Signature Noisettes - 200g","p":8.69,"pp":5.74,"u":"28,70 €/KG","img":"https://fd11-photos.leclercdrive.fr/image.ashx?id=2980749&use=l&cat=p&typeid=i","cat":327595},{"id":276431,"n":"Pièces en chocolat Stich  45g","p":1.99,"u":"44,22 €/KG","img":"https://fd11-photos.leclercdrive.fr/image.ashx?id=2980758&use=l&cat=p&typeid=i","cat":327592},{"id":276432,"n":"Barre Toblerone  chocolat lait - 340g","p":8.32,"u":"24,47 €/KG","img":"https://fd11-photos.leclercdrive.fr/image.ashx?id=2958902&use=l&cat=p&typeid=i","cat":284499},{"id":276433,"n":"Barre Toblerone  chocolat blanc - 340g","p":8.73,"u":"25,68 €/KG","img":"https://fd11-photos.leclercdrive.fr/image.ashx?id=2969887&use=l&cat=p&typeid=i","cat":327595},{"id":276435,"n":"Papillotes Révillon Féériques Noir 70% et Lait - 300g","p":11.36,"u":"37,87 €/KG","img":"https://fd11-photos.leclercdrive.fr/image.ashx?id=2980689&use=l&cat=p&typeid=i","cat":327597},{"id":276436,"n":"Coffret chocolats Révillon Noir, Lait Blanc Alcool - 231g","p":10.18,"u":"44,07 €/KG","img":"https://fd11-photos.leclercdrive.fr/image.ashx?id=2980692&use=l&cat=p&typeid=i","cat":327595},{"id":276437,"n":"Coffret chocolats Révillon Noir 70% - 232g","p":10.18,"u":"43,88 €/KG","img":"https://fd11-photos.leclercdrive.fr/image.ashx?id=2980701&use=l&cat=p&typeid=i","cat":327595},{"id":276438,"n":"Coffret chocolats Révillon Lait - 230g","p":10.18,"u":"44,26 €/KG","img":"https://fd11-photos.leclercdrive.fr/image.ashx?id=2980695&use=l&cat=p&typeid=i","cat":284499},{"id":276439,"n":"Coffret chocolats Révillon Noir Lait Blanc - 233g","p":10.18,"u":"43,69 €/KG","img":"https://fd11-photos.leclercdrive.fr/image.ashx?id=2980698&use=l&cat=p&typeid=i","cat":284499},{"id":276444,"n":"Terrys ball chocolat  Lait - 145g","p":3.05,"u":"21,03 €/KG","img":"https://fd11-photos.leclercdrive.fr/image.ashx?id=2952712&use=l&cat=p&typeid=i","cat":327592},{"id":276446,"n":"Papillote Chocolaterie du Forez Praline - 420g","p":7.19,"u":"17,12 €/KG","img":"https://fd11-photos.leclercdrive.fr/image.ashx?id=2980686&use=l&cat=p&typeid=i","cat":327597},{"id":276448,"n":"Lanvin Escargots Ballotin  Lait -164g","p":7.63,"u":"46,52 €/KG","img":"https://fd11-photos.leclercdrive.fr/image.ashx?id=2987014&use=l&cat=p&typeid=i","cat":327595},{"id":276449,"n":"Lanvin Escargots Ballotin  Noir - 164g","p":7.63,"u":"46,52 €/KG","img":"https://fd11-photos.leclercdrive.fr/image.ashx?id=2987017&use=l&cat=p&typeid=i","cat":327595},{"id":276450,"n":"Lanvin Escargots Ballotin  Blanc -164g","p":7.63,"u":"46,52 €/KG","img":"https://fd11-photos.leclercdrive.fr/image.ashx?id=2953016&use=l&cat=p&typeid=i","cat":327595},{"id":276451,"n":"Lanvin Escargots Ballotin  Lait caramel -164g","p":7.63,"u":"46,52 €/KG","img":"https://fd11-photos.leclercdrive.fr/image.ashx?id=2987011&use=l&cat=p&typeid=i","cat":327595},{"id":276452,"n":"Lanvin Escargots Ballotin  Lait amandes -164g","p":7.63,"u":"46,52 €/KG","img":"https://fd11-photos.leclercdrive.fr/image.ashx?id=2987008&use=l&cat=p&typeid=i","cat":327595},{"id":276453,"n":"Lanvin Escargots Ballotin  Noir café -164 g","p":7.63,"u":"46,52 €/KG","img":"https://fd11-photos.leclercdrive.fr/image.ashx?id=2965322&use=l&cat=p&typeid=i","cat":327595},{"id":276455,"n":"Les Recettes de l'Atelier   Assortiment Hiver - 190g","p":8.52,"u":"44,84 €/KG","img":"https://fd11-photos.leclercdrive.fr/image.ashx?id=2953989&use=l&cat=p&typeid=i","cat":327595},{"id":276456,"n":"Les Recettes de l'Atelier   Assortiment Lait - 410g","p":14.75,"pp":11.06,"u":"26,98 €/KG","img":"https://fd11-photos.leclercdrive.fr/image.ashx?id=2964165&use=l&cat=p&typeid=i","cat":327595},{"id":276457,"n":"Les Recettes de l'Atelier   collector - 406g","p":14.75,"pp":11.06,"img":"https://fd11-photos.leclercdrive.fr/image.ashx?id=2953025&use=l&cat=p&typeid=i","cat":327595},{"id":276458,"n":"Les Recettes de l'Atelier   Assortiment Hiver - 408g","p":14.75,"pp":11.06,"u":"27,11 €/KG","img":"https://fd11-photos.leclercdrive.fr/image.ashx?id=2953986&use=l&cat=p&typeid=i","cat":327595},{"id":276460,"n":"Nestlé la Boite Rouge 398 g","p":10.95,"pp":8.21,"u":"20,63 €/KG","img":"https://fd11-photos.leclercdrive.fr/image.ashx?id=2953001&use=l&cat=p&typeid=i","cat":327595},{"id":276461,"n":"Nestlé la Boite Rouge Saveurs de Noel - 385g","p":12.95,"pp":9.71,"u":"25,22 €/KG","img":"https://fd11-photos.leclercdrive.fr/image.ashx?id=2952995&use=l&cat=p&typeid=i","cat":327595},{"id":276463,"n":"Nestlé dessert truffes Lait - 250g","p":8.32,"u":"33,28 €/KG","img":"https://fd11-photos.leclercdrive.fr/image.ashx?id=2953046&use=l&cat=p&typeid=i","cat":327600},{"id":276466,"n":"Les Recettes de l'Atelier Bouchées duo praliné - 266g","p":9.79,"u":"36,80 €/KG","img":"https://fd11-photos.leclercdrive.fr/image.ashx?id=2953052&use=l&cat=p&typeid=i","cat":284499},{"id":276467,"n":"After eight coffret Citron - 400g","p":6.2,"u":"15,50 €/KG","img":"https://fd11-photos.leclercdrive.fr/image.ashx?id=2953037&use=l&cat=p&typeid=i","cat":327595},{"id":276468,"n":"Boules praline lait Jacquot 250g","p":3.55,"u":"14,20 €/KG","img":"https://fd11-photos.leclercdrive.fr/image.ashx?id=2980716&use=l&cat=p&typeid=i","cat":327597},{"id":276469,"n":"Boules praline noir Jacquot 250g","p":3.74,"u":"14,96 €/KG","img":"https://fd11-photos.leclercdrive.fr/image.ashx?id=2980719&use=l&cat=p&typeid=i","cat":327597},{"id":276470,"n":"Rochers lait Jacquot 250g","p":4.63,"u":"18,52 €/KG","img":"https://fd11-photos.leclercdrive.fr/image.ashx?id=2980713&use=l&cat=p&typeid=i","cat":327600},{"id":276471,"n":"Fondants lait Jacquot 200g","p":3.52,"u":"17,60 €/KG","img":"https://fd11-photos.leclercdrive.fr/image.ashx?id=2980725&use=l&cat=p&typeid=i","cat":327597},{"id":276472,"n":"Cerises Jacquot 225g","p":4.68,"u":"20,80 €/KG","img":"https://fd11-photos.leclercdrive.fr/image.ashx?id=2980722&use=l&cat=p&typeid=i","cat":327601},{"id":276474,"n":"Assortiment variété Jacquot 250g","p":3.99,"u":"15,96 €/KG","img":"https://fd11-photos.leclercdrive.fr/image.ashx?id=2980710&use=l&cat=p&typeid=i","cat":327592},{"id":276484,"n":"Chocolats Ferrero Rocher  100g","p":3.71,"u":"37,10 €/KG","img":"https://fd11-photos.leclercdrive.fr/image.ashx?id=2952899&use=l&cat=p&typeid=i","cat":327600},{"id":276485,"n":"Chocolats Ferrero Rocher  525g","p":15.67,"u":"29,85 €/KG","img":"https://fd11-photos.leclercdrive.fr/image.ashx?id=2952962&use=l&cat=p&typeid=i","cat":327600},{"id":276550,"n":"Biscuit sésame GERBLE - 5x4 220g","p":1.52,"u":"6,91 €/KG","img":"https://fd11-photos.leclercdrive.fr/image.ashx?id=2953803&use=l&cat=p&typeid=i","cat":318651},{"id":276558,"n":"Bouillon de légumes Knorr 15 cubes - 150g","p":1.43,"u":"9,53 €/KG","img":"https://fd11-photos.leclercdrive.fr/image.ashx?id=2954001&use=l&cat=p&typeid=i","cat":288379},{"id":276559,"n":"Assaisonnement champignons Knorr - 10 cubes  100g","p":1.62,"u":"16,20 €/KG","img":"https://fd11-photos.leclercdrive.fr/image.ashx?id=2954004&use=l&cat=p&typeid=i","cat":288379},{"id":277478,"n":"Liégeois Pâtissier Danette  Paris Brest 4x90g","p":2.44,"u":"6,78 €/KG","img":"https://fd11-photos.leclercdrive.fr/image.ashx?id=2965930&use=l&cat=p&typeid=i","cat":285042},{"id":277479,"n":"Liégeois Pâtissier Danette Framboisier 4x90g","p":2.44,"u":"6,78 €/KG","img":"https://fd11-photos.leclercdrive.fr/image.ashx?id=2965924&use=l&cat=p&typeid=i","cat":285042},{"id":277480,"n":"Liégeois Pâtissier Danette Tiramisu 4x90g","p":2.44,"u":"6,78 €/KG","img":"https://fd11-photos.leclercdrive.fr/image.ashx?id=2965927&use=l&cat=p&typeid=i","cat":285042},{"id":277848,"n":"Kiwi vert Eco+ Barquette 750g","p":2.99,"u":"3,99 €/KG","img":"https://fd11-photos.leclercdrive.fr/image.ashx?id=2957614&use=l&cat=p&typeid=i","cat":284356},{"id":278139,"n":"Biscuits Bébé Bio Village  Vanille - dès 12 mois - 150g","p":2.15,"u":"14,33 €/KG","img":"https://fd11-photos.leclercdrive.fr/image.ashx?id=2974852&use=l&cat=p&typeid=i","cat":312202},{"id":278570,"n":"Lessive liquide Le Chat  L'expert Bicarbonate - 1,8L","p":10.39,"u":"5,77 €/L","img":"https://fd11-photos.leclercdrive.fr/image.ashx?id=2962290&use=l&cat=p&typeid=i","cat":284640},{"id":278573,"n":"Gel douche Ushuaïa Grenade - 490ml","p":4.2,"u":"8,57 €/L","img":"https://fd11-photos.leclercdrive.fr/image.ashx?id=3011566&use=l&cat=p&typeid=i","cat":284594},{"id":278575,"n":"Gel douche Ushuaïa Ylang - Relaxe - 490ml","p":4.2,"u":"8,57 €/L","img":"https://fd11-photos.leclercdrive.fr/image.ashx?id=3011560&use=l&cat=p&typeid=i","cat":284594},{"id":278578,"n":"Gel douche Ushuaïa Minéraux marins - 490ml","p":4.2,"u":"8,57 €/L","img":"https://fd11-photos.leclercdrive.fr/image.ashx?id=3011563&use=l&cat=p&typeid=i","cat":284594},{"id":278579,"n":"Gel douche Ushuaïa Eucalyptus - 280ml","p":2.45,"u":"8,75 €/L","img":"https://fd11-photos.leclercdrive.fr/image.ashx?id=2974408&use=l&cat=p&typeid=i","cat":284594},{"id":278874,"n":"Crème glacé Haagen-Dazs Cookie Dough Chip Extra - 650ml","p":6.27,"u":"9,65 €/L","img":"https://fd11-photos.leclercdrive.fr/image.ashx?id=2966038&use=l&cat=p&typeid=i","cat":284725},{"id":278996,"n":"Bougie parfumée Glade Cosy pomme cannelle  - 204g","p":6.26,"u":"30,69 €/KG","img":"https://fd11-photos.leclercdrive.fr/image.ashx?id=2968463&use=l&cat=p&typeid=i","cat":335913},{"id":279032,"n":"Gel douche Ushuaia Gingembre - 280ml","p":2.28,"u":"8,14 €/L","img":"https://fd11-photos.leclercdrive.fr/image.ashx?id=2968337&use=l&cat=p&typeid=i","cat":284594},{"id":279035,"n":"Savon de Marseille Le Chat 1,7L","p":9.2,"u":"5,41 €/L","img":"https://fd11-photos.leclercdrive.fr/image.ashx?id=2966569&use=l&cat=p&typeid=i","cat":284640},{"id":279257,"n":"Macaroni tomate mozza Panzani - 400g","p":2.45,"u":"6,13 €/KG","img":"https://fd11-photos.leclercdrive.fr/image.ashx?id=2968211&use=l&cat=p&typeid=i","cat":284442},{"id":279403,"n":"Macaroni cheese Panzani - 400g","p":2.44,"u":"6,10 €/KG","img":"https://fd11-photos.leclercdrive.fr/image.ashx?id=2967762&use=l&cat=p&typeid=i","cat":284442},{"id":279408,"n":"Assaisonnement en poudre Knorr Duo Aromatique - 90g","p":2.11,"u":"23,44 €/KG","img":"https://fd11-photos.leclercdrive.fr/image.ashx?id=2967989&use=l&cat=p&typeid=i","cat":298297},{"id":279409,"n":"Assaisonnement poudre Tex Mex Knorr - 90g","p":1.9,"u":"21,11 €/KG","img":"https://fd11-photos.leclercdrive.fr/image.ashx?id=2967986&use=l&cat=p&typeid=i","cat":298297},{"id":279412,"n":"Spaghetti carbonara Panzani - 400g","p":2.47,"u":"6,18 €/KG","img":"https://fd11-photos.leclercdrive.fr/image.ashx?id=2967759&use=l&cat=p&typeid=i","cat":284442},{"id":279680,"n":"Spaghetti carbonara Panzani 800g","p":3.95,"u":"4,94 €/KG","img":"https://fd11-photos.leclercdrive.fr/image.ashx?id=2970957&use=l&cat=p&typeid=i","cat":284442},{"id":279682,"n":"Macaroni tomate Panzani 800g","p":3.87,"u":"4,84 €/KG","img":"https://fd11-photos.leclercdrive.fr/image.ashx?id=2970960&use=l&cat=p&typeid=i","cat":284442},{"id":279683,"n":"Barre de céréales Nesquick 8x25g","p":2.83,"u":"14,15 €/KG","img":"https://fd11-photos.leclercdrive.fr/image.ashx?id=2971350&use=l&cat=p&typeid=i","cat":300032},{"id":280161,"n":"Crevettes décortiquées MSC  Delpierre provençale 4x180g","p":4.95,"u":"27,50 €/KG","img":"https://fd11-photos.leclercdrive.fr/image.ashx?id=2971981&use=l&cat=p&typeid=i","cat":327284},{"id":280418,"n":"Dessert lacté Nature Blédina dès 6 mois - 4x95g","p":2.1,"u":"5,53 €/KG","img":"https://fd11-photos.leclercdrive.fr/image.ashx?id=2972868&use=l&cat=p&typeid=i","cat":312392},{"id":280419,"n":"Dessert lacté Fraise Blédina dès 6 mois - 4x95g","p":2.15,"u":"5,66 €/KG","img":"https://fd11-photos.leclercdrive.fr/image.ashx?id=2972871&use=l&cat=p&typeid=i","cat":312392},{"id":280420,"n":"Dessert lacté Blédina Vanille dès 6 mois - 4x95g","p":2.15,"u":"5,66 €/KG","img":"https://fd11-photos.leclercdrive.fr/image.ashx?id=2972874&use=l&cat=p&typeid=i","cat":312392},{"id":280425,"n":"Dessert lacté Blédina Mangue Pêche dès 6 mois - 4x95g","p":2.15,"u":"5,66 €/KG","img":"https://fd11-photos.leclercdrive.fr/image.ashx?id=2972877&use=l&cat=p&typeid=i","cat":312392},{"id":280610,"n":"Lait corps Nivea Repair & care - 250ml","p":4.48,"pp":2.96,"u":"11,84 €/L","img":"https://fd11-photos.leclercdrive.fr/image.ashx?id=2974435&use=l&cat=p&typeid=i","cat":325349},{"id":280611,"n":"Lait corps Nivea Hydratant - Peaux sèches 250ml","p":3.64,"u":"14,56 €/L","img":"https://fd11-photos.leclercdrive.fr/image.ashx?id=2974438&use=l&cat=p&typeid=i","cat":325349},{"id":280664,"n":"Matière grasse végétale Flora à tartiner demi-sel  - 215g","p":2.26,"u":"10,51 €/KG","img":"https://fd11-photos.leclercdrive.fr/image.ashx?id=2974459&use=l&cat=p&typeid=i","cat":315229},{"id":280717,"n":"Chocolat Lindt Excellence Fusion sel Noir 85% & Lait-100g","p":3.42,"u":"34,20 €/KG","img":"https://fd11-photos.leclercdrive.fr/image.ashx?id=2975810&use=l&cat=p&typeid=i","cat":284956},{"id":280750,"n":"Chocolat Lindt Excellence Fusion Noir 70% & Blanc - 100g","p":3.42,"u":"34,20 €/KG","img":"https://fd11-photos.leclercdrive.fr/image.ashx?id=2975822&use=l&cat=p&typeid=i","cat":284956},{"id":280786,"n":"Poulet curry Tables du Monde 300g","p":2.69,"u":"8,97 €/KG","img":"https://fd11-photos.leclercdrive.fr/image.ashx?id=2974282&use=l&cat=p&typeid=i","cat":284254},{"id":280904,"n":"Mini cônes Extrême Mix x6 - 234g","p":3.63,"u":"0,61 €/P","img":"https://fd11-photos.leclercdrive.fr/image.ashx?id=2975933&use=l&cat=p&typeid=i","cat":284264},{"id":280925,"n":"Dentifrice Signal White Now 3en1 - Incontournable 2x75ml","p":8.79,"u":"58,60 €/L","img":"https://fd11-photos.leclercdrive.fr/image.ashx?id=2975680&use=l&cat=p&typeid=i","cat":284612},{"id":280930,"n":"Piles Alcalines Duracell Plus AA LR6 - 1.5V MN1500 x12","p":7.9,"img":"https://fd11-photos.leclercdrive.fr/image.ashx?id=2975668&use=l&cat=p&typeid=i","cat":300572},{"id":280931,"n":"Piles Alcalines Duracell Plus AAA LR03 - 1.5V MN240 x12","p":7.9,"img":"https://fd11-photos.leclercdrive.fr/image.ashx?id=2975671&use=l&cat=p&typeid=i","cat":300572},{"id":281128,"n":"Lessive X-tra Total 40 lavages","p":6.22,"u":"3,46 €/L","img":"https://fd11-photos.leclercdrive.fr/image.ashx?id=2976788&use=l&cat=p&typeid=i","cat":284640},{"id":281522,"n":"Boisson végétale Alpro Barista Coco 750ml","p":2.09,"u":"2,79 €/L","img":"https://fd11-photos.leclercdrive.fr/image.ashx?id=2979430&use=l&cat=p&typeid=i","cat":316067},{"id":281690,"n":"Pasta' poêlée Bonduelle Fusilli courgettes fromage 750g","p":3.85,"u":"5,13 €/KG","img":"https://fd11-photos.leclercdrive.fr/image.ashx?id=2979668&use=l&cat=p&typeid=i","cat":319823},{"id":281965,"n":"Chocolat de Noel Jacquot 75g","p":1.6,"u":"21,33 €/KG","img":"https://fd11-photos.leclercdrive.fr/image.ashx?id=2983228&use=l&cat=p&typeid=i","cat":327592},{"id":281968,"n":"Santa Mallow Fizzy Pat Patrouille - 45g","p":2.33,"u":"51,78 €/KG","img":"https://fd11-photos.leclercdrive.fr/image.ashx?id=2981391&use=l&cat=p&typeid=i","cat":327592},{"id":282003,"n":"Chocolat Merry Game Fizzy 50g","p":13.21,"u":"264,20 €/KG","img":"https://fd11-photos.leclercdrive.fr/image.ashx?id=2981530&use=l&cat=p&typeid=i","cat":327789},{"id":282004,"n":"Chocolat Xmas Kawai Fizzy 100g","p":13.21,"u":"132,10 €/KG","img":"https://fd11-photos.leclercdrive.fr/image.ashx?id=2981527&use=l&cat=p&typeid=i","cat":327789},{"id":282005,"n":"Mini canes Fizzy 15g","p":2.4,"u":"160,00 €/KG","img":"https://fd11-photos.leclercdrive.fr/image.ashx?id=2981533&use=l&cat=p&typeid=i","cat":327789},{"id":282006,"n":"Boule de Noel Disney 15g","p":2.15,"u":"143,33 €/KG","img":"https://fd11-photos.leclercdrive.fr/image.ashx?id=2983730&use=l&cat=p&typeid=i","cat":327789},{"id":282008,"n":"Sucette guimauve Père Noel 45g","p":1.49,"u":"33,11 €/KG","img":"https://fd11-photos.leclercdrive.fr/image.ashx?id=2983727&use=l&cat=p&typeid=i","cat":327592},{"id":282010,"n":"Kinder Surprise  x4 - 80g","p":4.22,"u":"52,75 €/KG","img":"https://fd11-photos.leclercdrive.fr/image.ashx?id=2981373&use=l&cat=p&typeid=i","cat":327592},{"id":282011,"n":"Chocolat Kinder Géant 300g","p":6.75,"u":"22,50 €/KG","img":"https://fd11-photos.leclercdrive.fr/image.ashx?id=2981367&use=l&cat=p&typeid=i","cat":327592},{"id":282012,"n":"Chaussette verte Kinder  179g","p":8.98,"u":"50,17 €/KG","img":"https://fd11-photos.leclercdrive.fr/image.ashx?id=2981725&use=l&cat=p&typeid=i","cat":284958},{"id":282013,"n":"Chaussette bleue Kinder 179g","p":8.98,"u":"50,17 €/KG","img":"https://fd11-photos.leclercdrive.fr/image.ashx?id=2981728&use=l&cat=p&typeid=i","cat":284958},{"id":282014,"n":"Chocolat Kinder Mix - 102g","p":3.69,"u":"36,18 €/KG","img":"https://fd11-photos.leclercdrive.fr/image.ashx?id=2981370&use=l&cat=p&typeid=i","cat":327592},{"id":282335,"n":"Fizzy mug Mr et Mme  Mr Incroyable - 100g","p":6.18,"u":"61,80 €/KG","img":"https://fd11-photos.leclercdrive.fr/image.ashx?id=2983679&use=l&cat=p&typeid=i","cat":327789},{"id":282364,"n":"Ariel grandiose pods couleurs  éclatantes 21lav - 0,762kg","p":12.09,"u":"15,87 €/KG","img":"https://fd11-photos.leclercdrive.fr/image.ashx?id=2985642&use=l&cat=p&typeid=i","cat":284641},{"id":282770,"n":"Chocolat Kinder Pingouin - 102g","p":3.69,"u":"36,18 €/KG","img":"https://fd11-photos.leclercdrive.fr/image.ashx?id=2984549&use=l&cat=p&typeid=i","cat":327592},{"id":283037,"n":"Bonnet de Noel Disney Stitch - 50g","p":5.31,"u":"106,20 €/KG","img":"https://fd11-photos.leclercdrive.fr/image.ashx?id=2995049&use=l&cat=p&typeid=i","cat":327789},{"id":283038,"n":"Bonnet de Noel Disney Mickey - 50g","p":5.31,"u":"106,20 €/KG","img":"https://fd11-photos.leclercdrive.fr/image.ashx?id=2995052&use=l&cat=p&typeid=i","cat":327789},{"id":283253,"n":"Pandoro Casa Rinaldi  750g","p":9.45,"u":"12,60 €/KG","img":"https://fd11-photos.leclercdrive.fr/image.ashx?id=2988704&use=l&cat=p&typeid=i","cat":284490},{"id":283260,"n":"Biscuits Noël Delacre Etoile  Collection 620g","p":15.99,"pp":11.99,"u":"19,34 €/KG","img":"https://fd11-photos.leclercdrive.fr/image.ashx?id=2988336&use=l&cat=p&typeid=i","cat":284490},{"id":283263,"n":"Adoucissant dilué Soupline Grand Air - 1500ml","p":4.89,"u":"3,26 €/L","img":"https://fd11-photos.leclercdrive.fr/image.ashx?id=3004450&use=l&cat=p&typeid=i","cat":284650},{"id":283524,"n":"Poivrons tricolores Panier du Primeur x3","p":2.49,"u":"0,83 €/P","img":"https://fd11-photos.leclercdrive.fr/image.ashx?id=2987653&use=l&cat=p&typeid=i","cat":284352},{"id":283525,"n":"Oranges Eco+ 1.5kg","p":1.99,"u":"1,33 €/KG","img":"https://fd11-photos.leclercdrive.fr/image.ashx?id=2987650&use=l&cat=p&typeid=i","cat":284356},{"id":283542,"n":"Œuf Maxi Kinder surprise Playmobil - 100g","p":6.36,"u":"63,60 €/KG","img":"https://fd11-photos.leclercdrive.fr/image.ashx?id=2940516&use=l&cat=p&typeid=i","cat":284958},{"id":284714,"n":"Complément alimentaire Granions Décontractant musculaire Fort","p":5.49,"img":"https://fd11-photos.leclercdrive.fr/image.ashx?id=2997133&use=l&cat=p&typeid=i","cat":301268},{"id":284725,"n":"Complément alimentaire Granions Gummies Mélatonine - 1.9mg","p":9.5,"img":"https://fd11-photos.leclercdrive.fr/image.ashx?id=2997139&use=l&cat=p&typeid=i","cat":301265},{"id":284731,"n":"Complément alimentaire Granions Hydrop - Citron - x20","p":5.99,"img":"https://fd11-photos.leclercdrive.fr/image.ashx?id=2997151&use=l&cat=p&typeid=i","cat":301264},{"id":284734,"n":"Complément alimentaire Granions Hydrop - Pêche - x20","p":5.99,"img":"https://fd11-photos.leclercdrive.fr/image.ashx?id=2997154&use=l&cat=p&typeid=i","cat":301264},{"id":284742,"n":"Complément alimentaire Pure Whey EAFIT Vanille 850g","p":32.2,"u":"37,88 €/KG","img":"https://fd11-photos.leclercdrive.fr/image.ashx?id=2994521&use=l&cat=p&typeid=i","cat":301267},{"id":284743,"n":"Complément alimentaire Pure Whey EAFIT Double chocolat 850g","p":32.19,"u":"37,87 €/KG","img":"https://fd11-photos.leclercdrive.fr/image.ashx?id=2994524&use=l&cat=p&typeid=i","cat":301267},{"id":284898,"n":"Sauce Porto Charal 120g","p":1.93,"u":"16,08 €/KG","img":"https://fd11-photos.leclercdrive.fr/image.ashx?id=2995100&use=l&cat=p&typeid=i","cat":327293},{"id":285020,"n":"Bûche signature Eskiss Vanille pistache 480g","p":5.59,"u":"11,65 €/KG","img":"https://fd11-photos.leclercdrive.fr/image.ashx?id=2994912&use=l&cat=p&typeid=i","cat":284266},{"id":285207,"n":"AOC Savoie blanc Givre Savoyard -75cl","p":5.28,"u":"7,04 €/L","img":"https://fd11-photos.leclercdrive.fr/image.ashx?id=2995725&use=l&cat=p&typeid=i","cat":289557},{"id":285210,"n":"Lingettes bébé Water Wipes 3x48","p":7.49,"u":"0,05 €/P","img":"https://fd11-photos.leclercdrive.fr/image.ashx?id=2995701&use=l&cat=p&typeid=i","cat":290425},{"id":285213,"n":"Chiffonnade Jambon de Bayonne Affiné 12 mois 6 tranches-60g","p":2.67,"u":"44,50 €/KG","img":"https://fd11-photos.leclercdrive.fr/image.ashx?id=2996488&use=l&cat=p&typeid=i","cat":316007},{"id":285246,"n":"Garofalo sauce tomate oignons cuisinés - 335g","p":2.88,"u":"8,60 €/KG","img":"https://fd11-photos.leclercdrive.fr/image.ashx?id=2997067&use=l&cat=p&typeid=i","cat":288384},{"id":285252,"n":"Miel de fleurs crémeux Beeliz - 250g","p":3.82,"u":"15,28 €/KG","img":"https://fd11-photos.leclercdrive.fr/image.ashx?id=2996545&use=l&cat=p&typeid=i","cat":287643},{"id":285268,"n":"Carrés Chocolat Noir Nestlé  L'Atelier 70% Cacao 176g","p":4.2,"u":"23,86 €/KG","img":"https://fd11-photos.leclercdrive.fr/image.ashx?id=2997310&use=l&cat=p&typeid=i","cat":284499},{"id":285286,"n":"Carrés Chocolat Noir L'Atelier éclats fèves de cacao 176g","p":4.66,"u":"26,48 €/KG","img":"https://fd11-photos.leclercdrive.fr/image.ashx?id=2997307&use=l&cat=p&typeid=i","cat":284499},{"id":285288,"n":"Garofalo sauce tomate basilic Genovese - 335g","p":2.85,"u":"8,51 €/KG","img":"https://fd11-photos.leclercdrive.fr/image.ashx?id=2997064&use=l&cat=p&typeid=i","cat":288384},{"id":286243,"n":"Bûche glacée Nestlé Chocolat  Blanc vanille caramel 540g","p":6.32,"u":"11,70 €/KG","img":"https://fd11-photos.leclercdrive.fr/image.ashx?id=3000045&use=l&cat=p&typeid=i","cat":284266},{"id":286244,"n":"Bûche glacée Pilpa Omelette norvégienne 336g","p":5.27,"u":"15,68 €/KG","img":"https://fd11-photos.leclercdrive.fr/image.ashx?id=3000024&use=l&cat=p&typeid=i","cat":284266},{"id":286245,"n":"Bûche glacée Pilpa Vanille caramel spéculoos 534g","p":5.27,"u":"9,87 €/KG","img":"https://fd11-photos.leclercdrive.fr/image.ashx?id=3000039&use=l&cat=p&typeid=i","cat":284266},{"id":286248,"n":"Bûche glacée Nestlé Signature Macaron caramel 497g","p":9.04,"u":"18,19 €/KG","img":"https://fd11-photos.leclercdrive.fr/image.ashx?id=3000710&use=l&cat=p&typeid=i","cat":284266},{"id":286251,"n":"Bûche glacée Nestlé Signature Coco ananas citron vert 500g","p":8.63,"u":"17,26 €/KG","img":"https://fd11-photos.leclercdrive.fr/image.ashx?id=3000698&use=l&cat=p&typeid=i","cat":284266},{"id":286252,"n":"Bûche glacée Nestlé Signature Chocolat blanc spéculoos 503g","p":8.63,"u":"17,16 €/KG","img":"https://fd11-photos.leclercdrive.fr/image.ashx?id=3000713&use=l&cat=p&typeid=i","cat":284266},{"id":286256,"n":"Bûche glacée Nestlé Signature Passion framboise 491g","p":8.63,"u":"17,58 €/KG","img":"https://fd11-photos.leclercdrive.fr/image.ashx?id=3000701&use=l&cat=p&typeid=i","cat":284266},{"id":286259,"n":"Bûche glacée Nestlé Signature Vanille bourbon caramel 489g","p":8.63,"u":"17,65 €/KG","img":"https://fd11-photos.leclercdrive.fr/image.ashx?id=3000695&use=l&cat=p&typeid=i","cat":284266},{"id":286261,"n":"Bûche glacée Nestlé Signature Façon rocher praline 511g","p":8.63,"u":"16,89 €/KG","img":"https://fd11-photos.leclercdrive.fr/image.ashx?id=3000704&use=l&cat=p&typeid=i","cat":284266},{"id":286270,"n":"Bûche glacée Nestlé Signature Façon cheesecake exotique 486g","p":8.63,"u":"17,76 €/KG","img":"https://fd11-photos.leclercdrive.fr/image.ashx?id=3000707&use=l&cat=p&typeid=i","cat":284266},{"id":286452,"n":"Légumes au four Findus Mélange du jardin - 650g","p":3.68,"u":"5,66 €/KG","img":"https://fd11-photos.leclercdrive.fr/image.ashx?id=3000252&use=l&cat=p&typeid=i","cat":319805},{"id":286645,"n":"Chips Lay's Gourmet Wavy herbes - 120g","p":2.25,"u":"18,75 €/KG","img":"https://fd11-photos.leclercdrive.fr/image.ashx?id=3003185&use=l&cat=p&typeid=i","cat":284447},{"id":286647,"n":"Chips Lay's Gourmet 120g","p":2.25,"u":"18,75 €/KG","img":"https://fd11-photos.leclercdrive.fr/image.ashx?id=3003182&use=l&cat=p&typeid=i","cat":284447},{"id":286650,"n":"Chips Lay's Gourmet 120g","p":2.25,"u":"18,75 €/KG","img":"https://fd11-photos.leclercdrive.fr/image.ashx?id=3003188&use=l&cat=p&typeid=i","cat":284447},{"id":287308,"n":"Kentucky Straight Bourbon Jim Beam - 70cl","p":19.47,"u":"27,81 €/L","img":"https://fd11-photos.leclercdrive.fr/image.ashx?id=3004066&use=l&cat=p&typeid=i","cat":284547},{"id":287395,"n":"Café grains Temps des Cerises Macaron pistache - 900g","p":18.9,"u":"21,00 €/KG","img":"https://fd11-photos.leclercdrive.fr/image.ashx?id=3005107&use=l&cat=p&typeid=i","cat":293237},{"id":287398,"n":"Miel de fleurs des champs Famille Vacher - 1kg","p":9.9,"u":"9,90 €/KG","img":"https://fd11-photos.leclercdrive.fr/image.ashx?id=3004210&use=l&cat=p&typeid=i","cat":287643},{"id":287422,"n":"AOP Monbazillac blanc Duc de Castellac - 75cl","p":7.49,"pp":5.99,"u":"7,99 €/L","img":"https://fd11-photos.leclercdrive.fr/image.ashx?id=3005029&use=l&cat=p&typeid=i","cat":289557},{"id":287484,"n":"Truite fumée Vendsyssel 280g","p":14.9,"pp":10.43,"u":"37,25 €/KG","img":"https://fd11-photos.leclercdrive.fr/image.ashx?id=3009044&use=l&cat=p&typeid=i","cat":285188},{"id":287586,"n":"Crème fraîche Président épaisse 25%MG - poche 30cl","p":1.81,"u":"6,03 €/L","img":"https://fd11-photos.leclercdrive.fr/image.ashx?id=3008173&use=l&cat=p&typeid=i","cat":284381},{"id":287587,"n":"Crème fraîche Bridélice 12%MG Légère et épaisse - poche 30cl","p":1.52,"u":"5,07 €/L","img":"https://fd11-photos.leclercdrive.fr/image.ashx?id=3008176&use=l&cat=p&typeid=i","cat":284381},{"id":288459,"n":"Foie gras de canard entier IGP Terres Paysannes 180g","p":23.38,"u":"129,89 €/KG","img":"https://fd11-photos.leclercdrive.fr/image.ashx?id=3011029&use=l&cat=p&typeid=i","cat":316008}]}