{"id":"010901-010901","dt":"2025-12-15","p":[{"id":2,"n":"Haricots verts Notre Jardin Extra fins - 345g","p":2.39,"u":"6,93 €/KG","img":"https://fd9-photos.leclercdrive.fr/image.ashx?id=2988021&use=l&cat=p&typeid=i","cat":312606},{"id":3,"n":"Haricots verts Notre Jardin Très fins - 220g","p":0.86,"u":"3,91 €/KG","img":"https://fd9-photos.leclercdrive.fr/image.ashx?id=2987991&use=l&cat=p&typeid=i","cat":312606},{"id":4,"n":"Haricots verts Notre Jardin Très fins - 440g","p":1.15,"u":"2,61 €/KG","img":"https://fd9-photos.leclercdrive.fr/image.ashx?id=2468822&use=l&cat=p&typeid=i","cat":312606},{"id":5,"n":"Haricots verts Notre Jardin Extra fins - 440g","p":1.2,"u":"2,73 €/KG","img":"https://fd9-photos.leclercdrive.fr/image.ashx?id=3005655&use=l&cat=p&typeid=i","cat":312606},{"id":7,"n":"Haricots beurre Notre Jardin Très fins - 220g","p":1.11,"u":"5,05 €/KG","img":"https://fd9-photos.leclercdrive.fr/image.ashx?id=2988027&use=l&cat=p&typeid=i","cat":312606},{"id":8,"n":"Haricots beurre Notre Jardin Très fins - 440g","p":1.55,"u":"3,52 €/KG","img":"https://fd9-photos.leclercdrive.fr/image.ashx?id=2988030&use=l&cat=p&typeid=i","cat":312606},{"id":9,"n":"Petits pois Notre Jardin A l'étuvée - Extra fins - 280g","p":0.9,"u":"3,21 €/KG","img":"https://fd9-photos.leclercdrive.fr/image.ashx?id=2375947&use=l&cat=p&typeid=i","cat":312607},{"id":10,"n":"Petits pois Notre Jardin A l'étuvée - Très fins - 280g","p":0.89,"u":"3,18 €/KG","img":"https://fd9-photos.leclercdrive.fr/image.ashx?id=2398761&use=l&cat=p&typeid=i","cat":312607},{"id":11,"n":"Petits pois carottes  Notre Jardin -Extra fins - 530g","p":1.22,"u":"2,30 €/KG","img":"https://fd9-photos.leclercdrive.fr/image.ashx?id=2398764&use=l&cat=p&typeid=i","cat":312607},{"id":12,"n":"Petits pois carottes extra-fins Notre Jardin à l'étuvée 260g","p":0.99,"u":"3,74 €/KG","img":"https://fd9-photos.leclercdrive.fr/image.ashx?id=2987964&use=l&cat=p&typeid=i","cat":312607},{"id":13,"n":"Petits pois carottes Très fins Notre Jardin -A l'étuvée -530g","p":1.33,"u":"2,51 €/KG","img":"https://fd9-photos.leclercdrive.fr/image.ashx?id=2987970&use=l&cat=p&typeid=i","cat":312607},{"id":14,"n":"Carottes Notre Jardin Extra-fines - 265g","p":0.85,"u":"3,21 €/KG","img":"https://fd9-photos.leclercdrive.fr/image.ashx?id=2399150&use=l&cat=p&typeid=i","cat":312607},{"id":15,"n":"Champignons Paris Notre Jardin Entiers - 230g","p":1.47,"u":"6,39 €/KG","img":"https://fd9-photos.leclercdrive.fr/image.ashx?id=2553890&use=l&cat=p&typeid=i","cat":312610},{"id":16,"n":"Champignons Paris Notre Jardin Pieds et morceaux - 230g","p":1.49,"u":"6,48 €/KG","img":"https://fd9-photos.leclercdrive.fr/image.ashx?id=2553896&use=l&cat=p&typeid=i","cat":312610},{"id":17,"n":"Champignons Paris Notre Jardin Emincés - 230g","p":1.07,"u":"4,65 €/KG","img":"https://fd9-photos.leclercdrive.fr/image.ashx?id=2551960&use=l&cat=p&typeid=i","cat":312610},{"id":19,"n":"Flageolets verts Notre Jardin Extra fins - 265g","p":0.99,"u":"3,74 €/KG","img":"https://fd9-photos.leclercdrive.fr/image.ashx?id=2371539&use=l&cat=p&typeid=i","cat":312606},{"id":20,"n":"Macédoine légumes Notre Jardin 265g","p":0.71,"u":"2,68 €/KG","img":"https://fd9-photos.leclercdrive.fr/image.ashx?id=2375953&use=l&cat=p&typeid=i","cat":312612},{"id":21,"n":"Macédoine légumes Notre Jardin - 530g","p":1.22,"u":"2,30 €/KG","img":"https://fd9-photos.leclercdrive.fr/image.ashx?id=2526276&use=l&cat=p&typeid=i","cat":312612},{"id":22,"n":"Garniture de 4 légumes  Notre Jardin - 510g","p":1.74,"u":"3,41 €/KG","img":"https://fd9-photos.leclercdrive.fr/image.ashx?id=2526279&use=l&cat=p&typeid=i","cat":312612},{"id":26,"n":"Pois chiches Notre Jardin 265g","p":0.75,"u":"2,83 €/KG","img":"https://fd9-photos.leclercdrive.fr/image.ashx?id=2988009&use=l&cat=p&typeid=i","cat":312609},{"id":27,"n":"Lentilles préparées Notre  Jardin - 265g","p":0.66,"u":"2,49 €/KG","img":"https://fd9-photos.leclercdrive.fr/image.ashx?id=2448968&use=l&cat=p&typeid=i","cat":312609},{"id":28,"n":"Lentilles Préparées Notre  Jardin - 530g","p":1.15,"u":"2,17 €/KG","img":"https://fd9-photos.leclercdrive.fr/image.ashx?id=2448965&use=l&cat=p&typeid=i","cat":312609},{"id":29,"n":"Haricots rouges Notre Jardin 250g","p":0.84,"u":"3,36 €/KG","img":"https://fd9-photos.leclercdrive.fr/image.ashx?id=2448977&use=l&cat=p&typeid=i","cat":312606},{"id":30,"n":"Pommes de terre Notre Jardin 530g","p":1.29,"u":"2,43 €/KG","img":"https://fd9-photos.leclercdrive.fr/image.ashx?id=2696250&use=l&cat=p&typeid=i","cat":312612},{"id":32,"n":"Coeurs de céleri Notre Jardin - 500g PNE","p":2.99,"u":"5,64 €/KG","img":"https://fd9-photos.leclercdrive.fr/image.ashx?id=2483602&use=l&cat=p&typeid=i","cat":312612},{"id":34,"n":"Garniture de céleris Notre Jardin - 500g","p":1.89,"u":"3,78 €/KG","img":"https://fd9-photos.leclercdrive.fr/image.ashx?id=2526282&use=l&cat=p&typeid=i","cat":312612},{"id":36,"n":"Epinards hâchés Notre Jardin 795g","p":1.65,"u":"2,08 €/KG","img":"https://fd9-photos.leclercdrive.fr/image.ashx?id=2028477&use=l&cat=p&typeid=i","cat":312612},{"id":37,"n":"Epinards hâchés Notre Jardin 395g","p":1.09,"u":"2,76 €/KG","img":"https://fd9-photos.leclercdrive.fr/image.ashx?id=2468810&use=l&cat=p&typeid=i","cat":312612},{"id":39,"n":"Epinards branches Notre Jardin 530g","p":1.69,"u":"3,19 €/KG","img":"https://fd9-photos.leclercdrive.fr/image.ashx?id=2398773&use=l&cat=p&typeid=i","cat":312612},{"id":40,"n":"Coeurs de palmiers Notre Jardin Extra tendres - 500g","p":3.85,"u":"7,70 €/KG","img":"https://fd9-photos.leclercdrive.fr/image.ashx?id=2589849&use=l&cat=p&typeid=i","cat":312611},{"id":41,"n":"Choux Bruxelles Notre Jardin 530g","p":1.95,"u":"3,68 €/KG","img":"https://fd9-photos.leclercdrive.fr/image.ashx?id=2072428&use=l&cat=p&typeid=i","cat":312612},{"id":42,"n":"Haricots Mungo Notre Jardin 180g","p":1.0,"u":"5,56 €/KG","img":"https://fd9-photos.leclercdrive.fr/image.ashx?id=2072431&use=l&cat=p&typeid=i","cat":312611},{"id":43,"n":"Asperges blanches miniatures Notre Jardin - 110g","p":1.55,"u":"14,09 €/KG","img":"https://fd9-photos.leclercdrive.fr/image.ashx?id=2049019&use=l&cat=p&typeid=i","cat":312611},{"id":44,"n":"Maïs Notre Jardin Tendre - 285g","p":0.96,"u":"3,37 €/KG","img":"https://fd9-photos.leclercdrive.fr/image.ashx?id=3005658&use=l&cat=p&typeid=i","cat":312611},{"id":48,"n":"Thon Saupiquet A la Catalane - 252g","p":1.81,"u":"7,18 €/KG","img":"https://fd9-photos.leclercdrive.fr/image.ashx?id=2860892&use=l&cat=p&typeid=i","cat":303867},{"id":50,"n":"Miettes de thon Pêche Océan Huile de tournesol - 160g","p":1.7,"u":"10,63 €/KG","img":"https://fd9-photos.leclercdrive.fr/image.ashx?id=2941366&use=l&cat=p&typeid=i","cat":303867},{"id":51,"n":"Miettes de thon Pêche Océan Tomate - 160g","p":1.13,"u":"7,06 €/KG","img":"https://fd9-photos.leclercdrive.fr/image.ashx?id=2941378&use=l&cat=p&typeid=i","cat":303867},{"id":52,"n":"Miettes de thon Pêche Océan Tomate - 3x80g","p":1.56,"u":"6,50 €/KG","img":"https://fd9-photos.leclercdrive.fr/image.ashx?id=2941363&use=l&cat=p&typeid=i","cat":303867},{"id":54,"n":"Sardines tomate Pêche Océan 135g","p":1.31,"u":"9,70 €/KG","img":"https://fd9-photos.leclercdrive.fr/image.ashx?id=1986252&use=l&cat=p&typeid=i","cat":305146},{"id":55,"n":"Filets sardines Pêche Océan Huile d'olive Sans arête - 100g","p":1.35,"u":"13,50 €/KG","img":"https://fd9-photos.leclercdrive.fr/image.ashx?id=1986231&use=l&cat=p&typeid=i","cat":305146},{"id":58,"n":"Filets maquereaux Pêche Océan Arômates et Muscadet 176g","p":1.46,"u":"8,30 €/KG","img":"https://fd9-photos.leclercdrive.fr/image.ashx?id=2476948&use=l&cat=p&typeid=i","cat":303868},{"id":59,"n":"Maquereaux Pêche Océan Moutarde de Dijon - 169g","p":1.65,"u":"9,76 €/KG","img":"https://fd9-photos.leclercdrive.fr/image.ashx?id=2488350&use=l&cat=p&typeid=i","cat":303868},{"id":67,"n":"Terrine de canard Côté Table 180g","p":1.59,"u":"8,83 €/KG","img":"https://fd9-photos.leclercdrive.fr/image.ashx?id=2436645&use=l&cat=p&typeid=i","cat":305149},{"id":68,"n":"Cassoulet Côté Table Saucisses et saucissons - 420g","p":1.15,"u":"2,74 €/KG","img":"https://fd9-photos.leclercdrive.fr/image.ashx?id=2977099&use=l&cat=p&typeid=i","cat":284440},{"id":72,"n":"Lentilles cuisinées Raynal Et Roquelaure - 820g","p":2.02,"u":"2,46 €/KG","img":"https://fd9-photos.leclercdrive.fr/image.ashx?id=2928393&use=l&cat=p&typeid=i","cat":312609},{"id":74,"n":"Choucroute Côté Table garnie 800g","p":2.79,"u":"3,49 €/KG","img":"https://fd9-photos.leclercdrive.fr/image.ashx?id=1847409&use=l&cat=p&typeid=i","cat":284441},{"id":78,"n":"Saucisses lentilles Côté Table 840g","p":1.99,"u":"2,37 €/KG","img":"https://fd9-photos.leclercdrive.fr/image.ashx?id=2977102&use=l&cat=p&typeid=i","cat":284441},{"id":79,"n":"Saucisses lentilles Côté Table 420g","p":1.13,"u":"2,69 €/KG","img":"https://fd9-photos.leclercdrive.fr/image.ashx?id=3014116&use=l&cat=p&typeid=i","cat":284441},{"id":80,"n":"Gésiers de canard du Sud-Ouest NRT - 215g","p":6.99,"u":"32,51 €/KG","img":"https://fd9-photos.leclercdrive.fr/image.ashx?id=2723204&use=l&cat=p&typeid=i","cat":284440},{"id":92,"n":"Chips Pom'lisse Nature - 6x30g","p":1.36,"u":"7,56 €/KG","img":"https://fd9-photos.leclercdrive.fr/image.ashx?id=2498593&use=l&cat=p&typeid=i","cat":284447},{"id":97,"n":"Pétales salées Tokapi Soufflés - 75g","p":0.69,"u":"9,20 €/KG","img":"https://fd9-photos.leclercdrive.fr/image.ashx?id=2052754&use=l&cat=p&typeid=i","cat":284449},{"id":104,"n":"Mélange Grillé et salé Tokapi Cacahuètes et noisettes - 120g","p":1.42,"u":"11,83 €/KG","img":"https://fd9-photos.leclercdrive.fr/image.ashx?id=2794100&use=l&cat=p&typeid=i","cat":284448},{"id":105,"n":"Cacahuètes grillées Tokapi Salées - 250g","p":0.85,"u":"3,40 €/KG","img":"https://fd9-photos.leclercdrive.fr/image.ashx?id=2795529&use=l&cat=p&typeid=i","cat":284448},{"id":108,"n":"Noix de cajou grillées Tokapi Salées - 400g","p":4.78,"u":"11,95 €/KG","img":"https://fd9-photos.leclercdrive.fr/image.ashx?id=2793985&use=l&cat=p&typeid=i","cat":284448},{"id":117,"n":"Huile Isio 4 Lesieur 1L","p":3.32,"u":"3,32 €/L","img":"https://fd9-photos.leclercdrive.fr/image.ashx?id=2916018&use=l&cat=p&typeid=i","cat":284453},{"id":118,"n":"Huile d'olive Puget 1L","p":11.5,"u":"11,50 €/L","img":"https://fd9-photos.leclercdrive.fr/image.ashx?id=2917750&use=l&cat=p&typeid=i","cat":284453},{"id":121,"n":"Huile Fleur de colza Lesieur  1L","p":2.69,"u":"2,69 €/L","img":"https://fd9-photos.leclercdrive.fr/image.ashx?id=2916848&use=l&cat=p&typeid=i","cat":284453},{"id":122,"n":"Huile de friture Rustica Sans odeur - 2L","p":4.45,"u":"2,23 €/L","img":"https://fd9-photos.leclercdrive.fr/image.ashx?id=2486787&use=l&cat=p&typeid=i","cat":284453},{"id":123,"n":"Huile végétale  Rustica Mélange 4 huiles  - 1L","p":2.65,"u":"2,65 €/L","img":"https://fd9-photos.leclercdrive.fr/image.ashx?id=2538134&use=l&cat=p&typeid=i","cat":284453},{"id":124,"n":"Huile d'olive Rustica Vierge extra - 1L","p":8.99,"u":"8,99 €/L","img":"https://fd9-photos.leclercdrive.fr/image.ashx?id=2898011&use=l&cat=p&typeid=i","cat":284453},{"id":125,"n":"Huile de tournesol Rustica  1L","p":1.99,"u":"1,99 €/L","img":"https://fd9-photos.leclercdrive.fr/image.ashx?id=1974245&use=l&cat=p&typeid=i","cat":284453},{"id":126,"n":"Huile de tournesol Rustica 3L","p":5.89,"u":"1,96 €/L","img":"https://fd9-photos.leclercdrive.fr/image.ashx?id=1944562&use=l&cat=p&typeid=i","cat":284453},{"id":127,"n":"Huile de colza Rustica  1L","p":1.75,"u":"1,75 €/L","img":"https://fd9-photos.leclercdrive.fr/image.ashx?id=2500797&use=l&cat=p&typeid=i","cat":284453},{"id":128,"n":"Vinaigre de vin Rustica 75cl","p":0.99,"u":"1,32 €/L","img":"https://fd9-photos.leclercdrive.fr/image.ashx?id=1061150&use=l&cat=p&typeid=i","cat":298543},{"id":129,"n":"Vinaigre de cidre Rustica  75cl","p":0.87,"u":"1,16 €/L","img":"https://fd9-photos.leclercdrive.fr/image.ashx?id=2657190&use=l&cat=p&typeid=i","cat":298543},{"id":130,"n":"Vinaigrette Rustica  Moutarde - 50cl","p":0.89,"u":"1,78 €/L","img":"https://fd9-photos.leclercdrive.fr/image.ashx?id=1950144&use=l&cat=p&typeid=i","cat":284456},{"id":131,"n":"Jus de citron Rustica Sicile - 2x125ml - 250ml","p":1.08,"u":"4,32 €/L","img":"https://fd9-photos.leclercdrive.fr/image.ashx?id=2123190&use=l&cat=p&typeid=i","cat":288383},{"id":137,"n":"Gros sel de Camargue NRT Sachet -1kg","p":1.2,"u":"1,20 €/KG","img":"https://fd9-photos.leclercdrive.fr/image.ashx?id=2819956&use=l&cat=p&typeid=i","cat":284457},{"id":145,"n":"Olives Delieuze vertes Dénoyautées 320g","p":2.51,"u":"7,84 €/KG","img":"https://fd9-photos.leclercdrive.fr/image.ashx?id=551938&use=l&cat=p&typeid=i","cat":284458},{"id":147,"n":"Olives vertes Rustica  Dénoyautées - 160g","p":0.92,"u":"5,75 €/KG","img":"https://fd9-photos.leclercdrive.fr/image.ashx?id=2499070&use=l&cat=p&typeid=i","cat":284458},{"id":156,"n":"Moutarde de Dijon Rustica  Fine et forte Verre whisky-280g","p":1.94,"u":"6,93 €/KG","img":"https://fd9-photos.leclercdrive.fr/image.ashx?id=1921607&use=l&cat=p&typeid=i","cat":288850},{"id":157,"n":"Moutarde de Dijon AMORA Fine & Forte - 265g","p":1.55,"u":"5,85 €/KG","img":"https://fd9-photos.leclercdrive.fr/image.ashx?id=3004870&use=l&cat=p&typeid=i","cat":288850},{"id":160,"n":"Mayonnaise Lesieur Huile de colza - 175g","p":0.75,"u":"4,29 €/KG","img":"https://fd9-photos.leclercdrive.fr/image.ashx?id=2917702&use=l&cat=p&typeid=i","cat":298295},{"id":169,"n":"Sauce Pesto Panzani Basilic - 200g","p":1.6,"u":"8,00 €/KG","img":"https://fd9-photos.leclercdrive.fr/image.ashx?id=2989093&use=l&cat=p&typeid=i","cat":287599},{"id":172,"n":"Purée de tomates Turini 720ml","p":1.26,"u":"1,75 €/L","img":"https://fd9-photos.leclercdrive.fr/image.ashx?id=2198017&use=l&cat=p&typeid=i","cat":288384},{"id":173,"n":"Pulpe de tomate Notre Jardin En dés - 3x383g","p":2.06,"u":"1,81 €/KG","img":"https://fd9-photos.leclercdrive.fr/image.ashx?id=2826918&use=l&cat=p&typeid=i","cat":288384},{"id":174,"n":"Tomates pelées Notre Jardin Entières - 476g","p":1.4,"u":"2,94 €/KG","img":"https://fd9-photos.leclercdrive.fr/image.ashx?id=2189999&use=l&cat=p&typeid=i","cat":312608},{"id":175,"n":"Sauce bolognaise Turini 420g","p":1.45,"u":"3,45 €/KG","img":"https://fd9-photos.leclercdrive.fr/image.ashx?id=2634860&use=l&cat=p&typeid=i","cat":287599},{"id":178,"n":"Sauce Napolitaine Turini 420g","p":0.88,"u":"2,10 €/KG","img":"https://fd9-photos.leclercdrive.fr/image.ashx?id=2441893&use=l&cat=p&typeid=i","cat":287599},{"id":185,"n":"Pâtes Barilla Pipe Rigate - 500g","p":1.0,"u":"2,00 €/KG","img":"https://fd9-photos.leclercdrive.fr/image.ashx?id=2392209&use=l&cat=p&typeid=i","cat":284427},{"id":186,"n":"Pâtes Barilla Penne rigate - 500g","p":0.97,"u":"1,94 €/KG","img":"https://fd9-photos.leclercdrive.fr/image.ashx?id=2392203&use=l&cat=p&typeid=i","cat":284427},{"id":187,"n":"Pâtes Barilla Fusilli - 500g","p":0.96,"u":"1,92 €/KG","img":"https://fd9-photos.leclercdrive.fr/image.ashx?id=2392212&use=l&cat=p&typeid=i","cat":284427},{"id":191,"n":"Pâtes Collezione Barilla Lasagne aux œufs - 500g","p":1.96,"u":"3,92 €/KG","img":"https://fd9-photos.leclercdrive.fr/image.ashx?id=2990997&use=l&cat=p&typeid=i","cat":284427},{"id":192,"n":"Pâtes Barilla Penne rigate - 1kg","p":1.84,"u":"1,84 €/KG","img":"https://fd9-photos.leclercdrive.fr/image.ashx?id=2392191&use=l&cat=p&typeid=i","cat":284427},{"id":193,"n":"Pâtes vermicelles Panzani  500g","p":1.11,"u":"2,22 €/KG","img":"https://fd9-photos.leclercdrive.fr/image.ashx?id=2896072&use=l&cat=p&typeid=i","cat":284427},{"id":194,"n":"Pâtes Coquillettes Panzani 500g","p":0.87,"u":"1,74 €/KG","img":"https://fd9-photos.leclercdrive.fr/image.ashx?id=2870200&use=l&cat=p&typeid=i","cat":284427},{"id":195,"n":"Pâtes macaroni Panzani 500g","p":0.92,"u":"1,84 €/KG","img":"https://fd9-photos.leclercdrive.fr/image.ashx?id=2884297&use=l&cat=p&typeid=i","cat":284427},{"id":196,"n":"Pâtes nouilles fines Panzani 500g","p":1.04,"u":"2,08 €/KG","img":"https://fd9-photos.leclercdrive.fr/image.ashx?id=2876005&use=l&cat=p&typeid=i","cat":284427},{"id":198,"n":"Pâtes Spaghetti Panzani 500g","p":0.86,"u":"1,72 €/KG","img":"https://fd9-photos.leclercdrive.fr/image.ashx?id=2876023&use=l&cat=p&typeid=i","cat":284427},{"id":199,"n":"Pâtes Tagliatelle Panzani Créatives - 500G","p":1.48,"u":"2,96 €/KG","img":"https://fd9-photos.leclercdrive.fr/image.ashx?id=2902936&use=l&cat=p&typeid=i","cat":284427},{"id":200,"n":"Pâtes lasagnes Turini  500g","p":1.29,"u":"2,58 €/KG","img":"https://fd9-photos.leclercdrive.fr/image.ashx?id=2441147&use=l&cat=p&typeid=i","cat":284427},{"id":201,"n":"Pâtes Etoiles Turini 500g","p":1.05,"u":"2,10 €/KG","img":"https://fd9-photos.leclercdrive.fr/image.ashx?id=2394648&use=l&cat=p&typeid=i","cat":284427},{"id":202,"n":"Pâtes Nouilles Turini 500g","p":0.75,"u":"1,50 €/KG","img":"https://fd9-photos.leclercdrive.fr/image.ashx?id=2441123&use=l&cat=p&typeid=i","cat":284427},{"id":203,"n":"Pâtes Torsades Turini 500g","p":0.65,"u":"1,30 €/KG","img":"https://fd9-photos.leclercdrive.fr/image.ashx?id=2980423&use=l&cat=p&typeid=i","cat":284427},{"id":204,"n":"Pâtes Coquillettes Turini 500g","p":0.75,"u":"1,50 €/KG","img":"https://fd9-photos.leclercdrive.fr/image.ashx?id=2607362&use=l&cat=p&typeid=i","cat":284427},{"id":205,"n":"Pâtes Macaroni Turini 500g","p":0.75,"u":"1,50 €/KG","img":"https://fd9-photos.leclercdrive.fr/image.ashx?id=2980414&use=l&cat=p&typeid=i","cat":284427},{"id":206,"n":"Spaghetti Turini 500g","p":0.69,"u":"1,38 €/KG","img":"https://fd9-photos.leclercdrive.fr/image.ashx?id=2980396&use=l&cat=p&typeid=i","cat":284427},{"id":208,"n":"Pâtes gansettes Turini 500g","p":0.98,"u":"1,96 €/KG","img":"https://fd9-photos.leclercdrive.fr/image.ashx?id=2607422&use=l&cat=p&typeid=i","cat":284427},{"id":210,"n":"Pâtes cheveux d'anges Turini 500g","p":0.85,"u":"1,70 €/KG","img":"https://fd9-photos.leclercdrive.fr/image.ashx?id=2441150&use=l&cat=p&typeid=i","cat":284427},{"id":211,"n":"Pâtes Tagliatelles Turini 500g","p":1.29,"u":"2,58 €/KG","img":"https://fd9-photos.leclercdrive.fr/image.ashx?id=2669693&use=l&cat=p&typeid=i","cat":284427},{"id":217,"n":"Riz Thaï Comptoir du Grain Sélection Riz long - 1kg","p":2.2,"u":"2,20 €/KG","img":"https://fd9-photos.leclercdrive.fr/image.ashx?id=2657084&use=l&cat=p&typeid=i","cat":284428},{"id":218,"n":"Riz Basmati Comptoir du Grain Sélection Riz long - 1kg","p":2.55,"u":"2,55 €/KG","img":"https://fd9-photos.leclercdrive.fr/image.ashx?id=2549373&use=l&cat=p&typeid=i","cat":284428},{"id":219,"n":"Riz long Comptoir du Grain Sachet cuisson rapide x5 - 1kg","p":1.74,"u":"1,74 €/KG","img":"https://fd9-photos.leclercdrive.fr/image.ashx?id=1759876&use=l&cat=p&typeid=i","cat":284428},{"id":220,"n":"Couscous moyen Regia 1kg","p":2.23,"u":"2,23 €/KG","img":"https://fd9-photos.leclercdrive.fr/image.ashx?id=2874856&use=l&cat=p&typeid=i","cat":284429},{"id":224,"n":"Purée pomme de terre Pom'lisse Nature - 4x125g - 500g","p":1.85,"u":"3,70 €/KG","img":"https://fd9-photos.leclercdrive.fr/image.ashx?id=2929861&use=l&cat=p&typeid=i","cat":284431},{"id":225,"n":"Couscous Comptoir du Grain Grain moyen - 1kg","p":1.44,"u":"1,44 €/KG","img":"https://fd9-photos.leclercdrive.fr/image.ashx?id=3012797&use=l&cat=p&typeid=i","cat":284429},{"id":229,"n":"Blé précuit Comptoir du Grain Cuisson rapide 10 min - 500g","p":1.54,"u":"3,08 €/KG","img":"https://fd9-photos.leclercdrive.fr/image.ashx?id=1986243&use=l&cat=p&typeid=i","cat":284429},{"id":230,"n":"Pois cassés Notre Jardin 500g","p":1.05,"u":"2,10 €/KG","img":"https://fd9-photos.leclercdrive.fr/image.ashx?id=2141079&use=l&cat=p&typeid=i","cat":284430},{"id":231,"n":"Lentilles vertes Notre Jardin 500g","p":1.63,"u":"3,26 €/KG","img":"https://fd9-photos.leclercdrive.fr/image.ashx?id=2055651&use=l&cat=p&typeid=i","cat":284430},{"id":239,"n":"Soupe Velouté Régal Soupe 10 légumes - 1L","p":1.19,"u":"1,19 €/L","img":"https://fd9-photos.leclercdrive.fr/image.ashx?id=2607350&use=l&cat=p&typeid=i","cat":284462},{"id":240,"n":"Soupe Régal Soupe Poireaux Pommes de terre - 1L","p":1.19,"u":"1,19 €/L","img":"https://fd9-photos.leclercdrive.fr/image.ashx?id=2607356&use=l&cat=p&typeid=i","cat":284462},{"id":241,"n":"Soupe Mouliné Régal Soupe 10 légumes variés - 1L","p":1.08,"u":"1,08 €/L","img":"https://fd9-photos.leclercdrive.fr/image.ashx?id=2210780&use=l&cat=p&typeid=i","cat":284462},{"id":242,"n":"Soupe Velouté Régal Soupe Potiron - 1L","p":1.35,"u":"1,35 €/L","img":"https://fd9-photos.leclercdrive.fr/image.ashx?id=739236&use=l&cat=p&typeid=i","cat":284462},{"id":255,"n":"Arôme Saveur Maggi 250g","p":1.77,"u":"7,08 €/KG","img":"https://fd9-photos.leclercdrive.fr/image.ashx?id=2671960&use=l&cat=p&typeid=i","cat":288379},{"id":259,"n":"Assaisonnement Liquide KNORR Viandox - 160ml","p":1.46,"pp":1.02,"u":"6,38 €/L","img":"https://fd9-photos.leclercdrive.fr/image.ashx?id=2705215&use=l&cat=p&typeid=i","cat":288383},{"id":267,"n":"Biscuits Petit Ecolier LU Chocolat au lait - 120g","p":2.1,"u":"17,50 €/KG","img":"https://fd9-photos.leclercdrive.fr/image.ashx?id=3014404&use=l&cat=p&typeid=i","cat":284488},{"id":270,"n":"Biscuits Petit Ecolier LU Chocolat noir - 150g","p":1.72,"u":"11,47 €/KG","img":"https://fd9-photos.leclercdrive.fr/image.ashx?id=2944359&use=l&cat=p&typeid=i","cat":284488},{"id":274,"n":"Biscuits Pocket Prince Chocolat - 400g","p":2.31,"u":"5,78 €/KG","img":"https://fd9-photos.leclercdrive.fr/image.ashx?id=3002207&use=l&cat=p&typeid=i","cat":284488},{"id":278,"n":"Biscuits La Barquette Lulu LU Chocolat noisettes - 2x120g","p":1.98,"u":"8,25 €/KG","img":"https://fd9-photos.leclercdrive.fr/image.ashx?id=2135740&use=l&cat=p&typeid=i","cat":284488},{"id":280,"n":"Biscuits Petits cœurs LU Chocolat - 180g","p":2.38,"u":"13,22 €/KG","img":"https://fd9-photos.leclercdrive.fr/image.ashx?id=3002024&use=l&cat=p&typeid=i","cat":284488},{"id":281,"n":"Gâteaux moelleux Lulu LU Coqueline Chocolat - 165g","p":1.66,"u":"10,06 €/KG","img":"https://fd9-photos.leclercdrive.fr/image.ashx?id=3001946&use=l&cat=p&typeid=i","cat":284495},{"id":283,"n":"Biscuit Petit beurre P'tit Déli Chocolat au lait pocket - 250g","p":2.25,"u":"9,00 €/KG","img":"https://fd9-photos.leclercdrive.fr/image.ashx?id=2523676&use=l&cat=p&typeid=i","cat":284488},{"id":284,"n":"Biscuits P'tit Déli ronds Chocolat lait 200g","p":1.2,"u":"6,00 €/KG","img":"https://fd9-photos.leclercdrive.fr/image.ashx?id=2304821&use=l&cat=p&typeid=i","cat":284488},{"id":286,"n":"Biscuits barquette P'tit Déli Chocolat et noisette x18 - 120g","p":0.89,"u":"7,42 €/KG","img":"https://fd9-photos.leclercdrive.fr/image.ashx?id=2705065&use=l&cat=p&typeid=i","cat":284488},{"id":288,"n":"Gaufrettes P'tit Déli  Enrobées chocolat 150g","p":1.59,"u":"10,60 €/KG","img":"https://fd9-photos.leclercdrive.fr/image.ashx?id=2042807&use=l&cat=p&typeid=i","cat":284488},{"id":289,"n":"Mini goûters P'tit Déli Chocolat 168g","p":1.13,"u":"6,73 €/KG","img":"https://fd9-photos.leclercdrive.fr/image.ashx?id=2321941&use=l&cat=p&typeid=i","cat":284488},{"id":290,"n":"Biscuits P'tit Déli Bâtonnets Chocolat 150g","p":1.19,"u":"7,93 €/KG","img":"https://fd9-photos.leclercdrive.fr/image.ashx?id=2470189&use=l&cat=p&typeid=i","cat":284488},{"id":292,"n":"Biscuits fourrés P'tit Déli Coeur fondant chocolat - 225g","p":1.21,"u":"5,38 €/KG","img":"https://fd9-photos.leclercdrive.fr/image.ashx?id=2637634&use=l&cat=p&typeid=i","cat":284488},{"id":296,"n":"Biscuits La Barquette Lulu LU Fraise - 2x120g","p":2.07,"u":"8,63 €/KG","img":"https://fd9-photos.leclercdrive.fr/image.ashx?id=3001952&use=l&cat=p&typeid=i","cat":284489},{"id":298,"n":"Gâteaux moelleux Lulu LU Coqueline Fraise - 165g","p":1.4,"u":"8,48 €/KG","img":"https://fd9-photos.leclercdrive.fr/image.ashx?id=2977252&use=l&cat=p&typeid=i","cat":284495},{"id":304,"n":"Génoises fourrées P'tit Déli - 150g","p":1.38,"u":"9,20 €/KG","img":"https://fd9-photos.leclercdrive.fr/image.ashx?id=2470192&use=l&cat=p&typeid=i","cat":284489},{"id":310,"n":"Biscuits boudoirs P'tit Déli Aux oeufs - 175g","p":1.38,"u":"7,89 €/KG","img":"https://fd9-photos.leclercdrive.fr/image.ashx?id=1947342&use=l&cat=p&typeid=i","cat":284487},{"id":313,"n":"Biscuits palmiers P'tit Déli 100g","p":0.59,"u":"5,90 €/KG","img":"https://fd9-photos.leclercdrive.fr/image.ashx?id=2521746&use=l&cat=p&typeid=i","cat":284487},{"id":314,"n":"Biscuits langue chat P'tit Déli 200g","p":1.28,"u":"6,40 €/KG","img":"https://fd9-photos.leclercdrive.fr/image.ashx?id=1875827&use=l&cat=p&typeid=i","cat":284487},{"id":315,"n":"Biscuits cigarettes P'tit Déli Fines 180g","p":0.95,"u":"5,28 €/KG","img":"https://fd9-photos.leclercdrive.fr/image.ashx?id=2907039&use=l&cat=p&typeid=i","cat":284487},{"id":316,"n":"Palets bretons P'tit Déli 125g","p":0.97,"u":"7,76 €/KG","img":"https://fd9-photos.leclercdrive.fr/image.ashx?id=2363280&use=l&cat=p&typeid=i","cat":284487},{"id":323,"n":"Gâteaux Mini roulés Pépito Chocolat - 150g","p":1.76,"u":"11,73 €/KG","img":"https://fd9-photos.leclercdrive.fr/image.ashx?id=2331898&use=l&cat=p&typeid=i","cat":284495},{"id":327,"n":"Biscuits P'tit Déli Cookies Chocolat nougatine 200g","p":1.35,"u":"6,75 €/KG","img":"https://fd9-photos.leclercdrive.fr/image.ashx?id=2042798&use=l&cat=p&typeid=i","cat":325066},{"id":328,"n":"Biscuits Cookies P'tit Déli Chocolat pépite chocolat - 200g","p":1.35,"u":"6,75 €/KG","img":"https://fd9-photos.leclercdrive.fr/image.ashx?id=2171536&use=l&cat=p&typeid=i","cat":325066},{"id":345,"n":"Pain de mie Harrys - Nature Longue conservation - 250g","p":0.76,"u":"3,04 €/KG","img":"https://fd9-photos.leclercdrive.fr/image.ashx?id=2507976&use=l&cat=p&typeid=i","cat":284477},{"id":349,"n":"Pain de mie nature Epi d'Or Classique - 500g","p":1.19,"u":"2,38 €/KG","img":"https://fd9-photos.leclercdrive.fr/image.ashx?id=2615582&use=l&cat=p&typeid=i","cat":284477},{"id":350,"n":"Pain de mie nature Epi d'Or Grandes tranches - 550g","p":1.09,"u":"1,98 €/KG","img":"https://fd9-photos.leclercdrive.fr/image.ashx?id=2162732&use=l&cat=p&typeid=i","cat":284477},{"id":352,"n":"Pain de mie nature Epi d'Or  Extra-moelleux - 500g","p":0.95,"u":"1,90 €/KG","img":"https://fd9-photos.leclercdrive.fr/image.ashx?id=2860697&use=l&cat=p&typeid=i","cat":284477},{"id":361,"n":"Brioche tranchée Epi d'Or Nature - 500g","p":1.65,"u":"3,30 €/KG","img":"https://fd9-photos.leclercdrive.fr/image.ashx?id=2860694&use=l&cat=p&typeid=i","cat":284478},{"id":362,"n":"Briochettes Epi d'Or Nature x12 - 480g","p":1.49,"u":"3,10 €/KG","img":"https://fd9-photos.leclercdrive.fr/image.ashx?id=2860709&use=l&cat=p&typeid=i","cat":284478},{"id":363,"n":"Pains au lait Epi d'Or x10 - 350g","p":1.19,"u":"3,40 €/KG","img":"https://fd9-photos.leclercdrive.fr/image.ashx?id=2860688&use=l&cat=p&typeid=i","cat":293505},{"id":364,"n":"Pains au chocolat Epi d'Or x8 - 360g","p":1.89,"u":"5,25 €/KG","img":"https://fd9-photos.leclercdrive.fr/image.ashx?id=2860691&use=l&cat=p&typeid=i","cat":296366},{"id":367,"n":"Barre patissière P'tit Déli 800g","p":2.2,"u":"2,75 €/KG","img":"https://fd9-photos.leclercdrive.fr/image.ashx?id=2074379&use=l&cat=p&typeid=i","cat":294776},{"id":368,"n":"Madeleine P'tit Déli coquilles Sachet 1kg","p":3.4,"u":"3,40 €/KG","img":"https://fd9-photos.leclercdrive.fr/image.ashx?id=2493673&use=l&cat=p&typeid=i","cat":284492},{"id":369,"n":"Marbré P'tit Déli 300g","p":1.89,"u":"6,30 €/KG","img":"https://fd9-photos.leclercdrive.fr/image.ashx?id=2562698&use=l&cat=p&typeid=i","cat":294776},{"id":376,"n":"Biscottes Cracotte LU  Froment - 250g","p":1.43,"u":"5,72 €/KG","img":"https://fd9-photos.leclercdrive.fr/image.ashx?id=3002006&use=l&cat=p&typeid=i","cat":284479},{"id":377,"n":"Biscottes Cracotte LU Gourmande - 250g","p":1.59,"u":"6,36 €/KG","img":"https://fd9-photos.leclercdrive.fr/image.ashx?id=3002009&use=l&cat=p&typeid=i","cat":284479},{"id":378,"n":"Biscottes Cracotte LU  Céréales complètes - 250g","p":1.58,"u":"6,32 €/KG","img":"https://fd9-photos.leclercdrive.fr/image.ashx?id=3002012&use=l&cat=p&typeid=i","cat":284479},{"id":379,"n":"Biscottes fourrées Cracotte Lu Chocolat - 200g","p":1.52,"u":"7,60 €/KG","img":"https://fd9-photos.leclercdrive.fr/image.ashx?id=2849704&use=l&cat=p&typeid=i","cat":284479},{"id":382,"n":"Biscottes Epi d'Or 6 céréales x36 - 300g","p":1.22,"u":"4,07 €/KG","img":"https://fd9-photos.leclercdrive.fr/image.ashx?id=2532832&use=l&cat=p&typeid=i","cat":284479},{"id":384,"n":"Biscottes Epi d'Or froment x36 - 300g","p":1.37,"u":"4,57 €/KG","img":"https://fd9-photos.leclercdrive.fr/image.ashx?id=2074376&use=l&cat=p&typeid=i","cat":284479},{"id":385,"n":"Pains azymes Biscuiterie d'Agen Croustillants - x12 - 600g","p":2.83,"u":"4,72 €/KG","img":"https://fd9-photos.leclercdrive.fr/image.ashx?id=1577583&use=l&cat=p&typeid=i","cat":284479},{"id":388,"n":"Tartines craquantes Epi d'Or  Froment - 250g","p":1.05,"u":"4,20 €/KG","img":"https://fd9-photos.leclercdrive.fr/image.ashx?id=2530296&use=l&cat=p&typeid=i","cat":284479},{"id":396,"n":"Café Moulu Italien Lavazza  Robusta Il Mattino - 4x250g","p":11.79,"u":"11,79 €/KG","img":"https://fd9-photos.leclercdrive.fr/image.ashx?id=2871163&use=l&cat=p&typeid=i","cat":284750},{"id":399,"n":"Café moulu Plantation Intense et aromatique - 2x250g","p":6.8,"u":"13,60 €/KG","img":"https://fd9-photos.leclercdrive.fr/image.ashx?id=2607398&use=l&cat=p&typeid=i","cat":284750},{"id":400,"n":"Café moulu Plantation  Intense et aromatique - 250g","p":3.5,"u":"14,00 €/KG","img":"https://fd9-photos.leclercdrive.fr/image.ashx?id=2481751&use=l&cat=p&typeid=i","cat":284750},{"id":401,"n":"Café moulu Plantation  Brésil - 2x250g","p":7.19,"u":"14,38 €/KG","img":"https://fd9-photos.leclercdrive.fr/image.ashx?id=1910592&use=l&cat=p&typeid=i","cat":284750},{"id":402,"n":"Café moulu Plantation  Tradition - 4x250g","p":9.6,"u":"9,60 €/KG","img":"https://fd9-photos.leclercdrive.fr/image.ashx?id=2856408&use=l&cat=p&typeid=i","cat":284750},{"id":407,"n":"Café et Chicorée Soluble Ricoré Lait - 400g","p":5.99,"u":"14,98 €/KG","img":"https://fd9-photos.leclercdrive.fr/image.ashx?id=2979617&use=l&cat=p&typeid=i","cat":284843},{"id":436,"n":"Infusion Tiséa Verveine - x25","p":0.92,"u":"23,00 €/KG","img":"https://fd9-photos.leclercdrive.fr/image.ashx?id=2441099&use=l&cat=p&typeid=i","cat":293234},{"id":444,"n":"Lait en poudre Régilait Demi écrémé - 300g","p":2.44,"u":"8,13 €/KG","img":"https://fd9-photos.leclercdrive.fr/image.ashx?id=2110077&use=l&cat=p&typeid=i","cat":299162},{"id":450,"n":"Chocolat poudre Van Houten 250g","p":3.46,"u":"13,84 €/KG","img":"https://fd9-photos.leclercdrive.fr/image.ashx?id=2647173&use=l&cat=p&typeid=i","cat":293235},{"id":451,"n":"Confiture Bonne Maman Abricots - 370g","p":1.64,"u":"4,43 €/KG","img":"https://fd9-photos.leclercdrive.fr/image.ashx?id=3001275&use=l&cat=p&typeid=i","cat":284480},{"id":453,"n":"Confiture extra figues NRT De Provence - 315g","p":2.64,"u":"8,38 €/KG","img":"https://fd9-photos.leclercdrive.fr/image.ashx?id=2699801&use=l&cat=p&typeid=i","cat":284480},{"id":456,"n":"Céréales Golden Grahams Nestlé 375g","p":2.24,"u":"5,97 €/KG","img":"https://fd9-photos.leclercdrive.fr/image.ashx?id=2979830&use=l&cat=p&typeid=i","cat":309513},{"id":473,"n":"Céréales Lion Nestlé Caramel et Chocolat - 400g","p":2.57,"u":"6,43 €/KG","img":"https://fd9-photos.leclercdrive.fr/image.ashx?id=2927453&use=l&cat=p&typeid=i","cat":309513},{"id":474,"n":"Céréales Cookie Crisp Nestlé 375g","p":2.34,"u":"6,24 €/KG","img":"https://fd9-photos.leclercdrive.fr/image.ashx?id=2926443&use=l&cat=p&typeid=i","cat":309513},{"id":475,"n":"Céréales Chokella Nestlé Choco Noisette - 350g","p":2.25,"u":"6,43 €/KG","img":"https://fd9-photos.leclercdrive.fr/image.ashx?id=2844766&use=l&cat=p&typeid=i","cat":309513},{"id":486,"n":"Sucre en poudre Saint Louis 1kg","p":1.66,"u":"1,66 €/KG","img":"https://fd9-photos.leclercdrive.fr/image.ashx?id=2624239&use=l&cat=p&typeid=i","cat":284502},{"id":491,"n":"Levure boulangère Francine 30g","p":1.13,"u":"37,67 €/KG","img":"https://fd9-photos.leclercdrive.fr/image.ashx?id=2210083&use=l&cat=p&typeid=i","cat":294686},{"id":492,"n":"Farine fluide Tablier Blanc Sans grumeaux - 1kg","p":0.85,"u":"0,85 €/KG","img":"https://fd9-photos.leclercdrive.fr/image.ashx?id=2832631&use=l&cat=p&typeid=i","cat":284503},{"id":494,"n":"Levure boulangère Alsa Briochin - x5 - 27.5g","p":0.87,"u":"31,07 €/KG","img":"https://fd9-photos.leclercdrive.fr/image.ashx?id=3007906&use=l&cat=p&typeid=i","cat":294686},{"id":495,"n":"Sucre vanilliné Tablier Blanc x10 - 75g","p":0.73,"u":"9,73 €/KG","img":"https://fd9-photos.leclercdrive.fr/image.ashx?id=2487434&use=l&cat=p&typeid=i","cat":284504},{"id":496,"n":"Sucre Vanillé des Isles Alsa x7 - 52.5g","p":2.41,"u":"46,35 €/KG","img":"https://fd9-photos.leclercdrive.fr/image.ashx?id=2965867&use=l&cat=p&typeid=i","cat":294686},{"id":497,"n":"Sucre Vanillé Alsa x12 - 90g","p":2.01,"u":"22,33 €/KG","img":"https://fd9-photos.leclercdrive.fr/image.ashx?id=3004459&use=l&cat=p&typeid=i","cat":294686},{"id":528,"n":"Bonbons Copains Copines Cola acide - 275 g","p":1.53,"u":"5,56 €/KG","img":"https://fd9-photos.leclercdrive.fr/image.ashx?id=1883792&use=l&cat=p&typeid=i","cat":304250},{"id":529,"n":"Bonbons Copains Copines Chocours 200g","p":1.25,"u":"6,25 €/KG","img":"https://fd9-photos.leclercdrive.fr/image.ashx?id=2396604&use=l&cat=p&typeid=i","cat":304250},{"id":546,"n":"Eau minérale naturelle Des Alpes - 6x50cl","p":1.98,"u":"0,66 €/L","img":"https://fd9-photos.leclercdrive.fr/image.ashx?id=2423499&use=l&cat=p&typeid=i","cat":284535},{"id":547,"n":"Eau de source de Montagne 5L","p":0.87,"u":"0,17 €/L","img":"https://fd9-photos.leclercdrive.fr/image.ashx?id=2699420&use=l&cat=p&typeid=i","cat":284535},{"id":553,"n":"Eau de source  Eco+ 1.5L","p":0.19,"u":"0,13 €/L","img":"https://fd9-photos.leclercdrive.fr/image.ashx?id=2832858&use=l&cat=p&typeid=i","cat":284535},{"id":556,"n":"Eau minérale naturelle  Des Alpes - 1,5L","p":0.35,"u":"0,23 €/L","img":"https://fd9-photos.leclercdrive.fr/image.ashx?id=2768670&use=l&cat=p&typeid=i","cat":284535},{"id":591,"n":"Sirop Frucci Citron - 75cl","p":1.69,"u":"2,25 €/L","img":"https://fd9-photos.leclercdrive.fr/image.ashx?id=2842214&use=l&cat=p&typeid=i","cat":295020},{"id":592,"n":"Sirop Frucci Grenadine - 75cl","p":1.99,"u":"2,65 €/L","img":"https://fd9-photos.leclercdrive.fr/image.ashx?id=2842220&use=l&cat=p&typeid=i","cat":295020},{"id":593,"n":"Sirop Frucci Pêche - 75cl","p":2.39,"u":"3,19 €/L","img":"https://fd9-photos.leclercdrive.fr/image.ashx?id=2842223&use=l&cat=p&typeid=i","cat":295020},{"id":595,"n":"Sirop Frucci Fraise - 75cl","p":2.69,"u":"3,59 €/L","img":"https://fd9-photos.leclercdrive.fr/image.ashx?id=2842229&use=l&cat=p&typeid=i","cat":295020},{"id":596,"n":"Sirop Frucci Cassis - 75cl","p":2.93,"u":"3,91 €/L","img":"https://fd9-photos.leclercdrive.fr/image.ashx?id=2842235&use=l&cat=p&typeid=i","cat":295020},{"id":612,"n":"100% Pur jus d'orange Jafaden Sans pulpe - 1L","p":2.22,"u":"2,22 €/L","img":"https://fd9-photos.leclercdrive.fr/image.ashx?id=2955620&use=l&cat=p&typeid=i","cat":284521},{"id":613,"n":"Jus d'orange Jafaden A base de concentré - 6x20cl","p":1.99,"u":"1,66 €/L","img":"https://fd9-photos.leclercdrive.fr/image.ashx?id=2751871&use=l&cat=p&typeid=i","cat":284524},{"id":614,"n":"Jus d'orange Jafaden A base de concentré - 1L","p":1.76,"u":"1,76 €/L","img":"https://fd9-photos.leclercdrive.fr/image.ashx?id=2842459&use=l&cat=p&typeid=i","cat":284521},{"id":617,"n":"100% Pur jus d'orange Jafaden  Sans pulpe - 1,5L","p":2.65,"u":"1,77 €/L","img":"https://fd9-photos.leclercdrive.fr/image.ashx?id=2842468&use=l&cat=p&typeid=i","cat":284521},{"id":619,"n":"Nectar orange Jafaden 2L","p":2.52,"u":"1,26 €/L","img":"https://fd9-photos.leclercdrive.fr/image.ashx?id=2955641&use=l&cat=p&typeid=i","cat":284521},{"id":621,"n":"100% Pur jus d'orange Jafaden  Sans pulpe - 2L","p":3.49,"u":"1,75 €/L","img":"https://fd9-photos.leclercdrive.fr/image.ashx?id=2842456&use=l&cat=p&typeid=i","cat":284521},{"id":624,"n":"Pur Jus de pommes NRT De Bretagne - 1L","p":2.52,"u":"2,52 €/L","img":"https://fd9-photos.leclercdrive.fr/image.ashx?id=2590463&use=l&cat=p&typeid=i","cat":284522},{"id":625,"n":"Pur jus raisin Jafaden 1L","p":1.55,"u":"1,55 €/L","img":"https://fd9-photos.leclercdrive.fr/image.ashx?id=2955626&use=l&cat=p&typeid=i","cat":284915},{"id":632,"n":"Jus ananas Jafaden A base de concentré 1L","p":1.75,"u":"1,75 €/L","img":"https://fd9-photos.leclercdrive.fr/image.ashx?id=2919592&use=l&cat=p&typeid=i","cat":284916},{"id":633,"n":"Jus d'ananas Jafaden Briquettes - 6x20cl","p":2.7,"u":"2,25 €/L","img":"https://fd9-photos.leclercdrive.fr/image.ashx?id=2492249&use=l&cat=p&typeid=i","cat":284524},{"id":638,"n":"Jus multifruits Jafaden 1L","p":1.89,"u":"1,89 €/L","img":"https://fd9-photos.leclercdrive.fr/image.ashx?id=2916659&use=l&cat=p&typeid=i","cat":285435},{"id":655,"n":"Soda Jean's Cola Bouteille - 1,5L","p":1.13,"u":"0,75 €/L","img":"https://fd9-photos.leclercdrive.fr/image.ashx?id=3007025&use=l&cat=p&typeid=i","cat":284530},{"id":656,"n":"Soda Jean's Cola Canette - 6x33cl","p":2.26,"u":"1,14 €/L","img":"https://fd9-photos.leclercdrive.fr/image.ashx?id=2177543&use=l&cat=p&typeid=i","cat":284530},{"id":668,"n":"Limonade artisanale NRT 1L","p":2.75,"u":"2,75 €/L","img":"https://fd9-photos.leclercdrive.fr/image.ashx?id=2699789&use=l&cat=p&typeid=i","cat":284531},{"id":669,"n":"Limonade des Pyrénées NRT 6x33cl","p":3.36,"u":"1,70 €/L","img":"https://fd9-photos.leclercdrive.fr/image.ashx?id=2771055&use=l&cat=p&typeid=i","cat":284531},{"id":682,"n":"Soda Pulp'Orange Bouteille - 1,5L","p":1.47,"u":"0,98 €/L","img":"https://fd9-photos.leclercdrive.fr/image.ashx?id=2922382&use=l&cat=p&typeid=i","cat":284532},{"id":689,"n":"Thé glacé Fresh Tea Pêche - Canette -  6x33cl","p":2.49,"u":"1,26 €/L","img":"https://fd9-photos.leclercdrive.fr/image.ashx?id=2622239&use=l&cat=p&typeid=i","cat":295019},{"id":700,"n":"Bière blonde 1664 5,5° - 4x50cl canettes","p":4.79,"u":"2,40 €/L","img":"https://fd9-photos.leclercdrive.fr/image.ashx?id=2793536&use=l&cat=p&typeid=i","cat":334853},{"id":726,"n":"Bière blonde Amsterdam  Maximator 11.6% vol. - 50cl","p":1.72,"u":"3,44 €/L","img":"https://fd9-photos.leclercdrive.fr/image.ashx?id=2190897&use=l&cat=p&typeid=i","cat":334853},{"id":731,"n":"Bière blonde forte Falsbourg Canette - 8%vol. - 50cl","p":0.98,"u":"1,96 €/L","img":"https://fd9-photos.leclercdrive.fr/image.ashx?id=1907450&use=l&cat=p&typeid=i","cat":334853},{"id":737,"n":"Rhum blanc Lagoa 40%vol - 70cl","p":9.99,"u":"14,27 €/L","img":"https://fd9-photos.leclercdrive.fr/image.ashx?id=2966466&use=l&cat=p&typeid=i","cat":284550},{"id":742,"n":"AOP Cabernet d'Anjou vin rosé Les Caractères - BIB 3L - 11%","p":13.49,"u":"4,50 €/L","img":"https://fd9-photos.leclercdrive.fr/image.ashx?id=2623389&use=l&cat=p&typeid=i","cat":289560},{"id":744,"n":"Cidre bouché Les Goelleries Breton brut 5%vol. - 75cl","p":1.99,"u":"2,65 €/L","img":"https://fd9-photos.leclercdrive.fr/image.ashx?id=2842181&use=l&cat=p&typeid=i","cat":334880},{"id":749,"n":"Camembert Les Croisés 20%MG - 250g","p":1.53,"u":"6,12 €/KG","img":"https://fd9-photos.leclercdrive.fr/image.ashx?id=2974759&use=l&cat=p&typeid=i","cat":314033},{"id":750,"n":"Camembert de Pays Les Croisés 21% mg - 250 gr","p":1.66,"u":"6,64 €/KG","img":"https://fd9-photos.leclercdrive.fr/image.ashx?id=2974795&use=l&cat=p&typeid=i","cat":314033},{"id":751,"n":"Coulommiers Les Croisés Tendre/Onctueux - 24%mg - 350g","p":2.15,"u":"6,14 €/KG","img":"https://fd9-photos.leclercdrive.fr/image.ashx?id=2974765&use=l&cat=p&typeid=i","cat":314033},{"id":753,"n":"Pointe de Brie Les Croisés 32% mg - 200g","p":1.45,"u":"7,25 €/KG","img":"https://fd9-photos.leclercdrive.fr/image.ashx?id=2974774&use=l&cat=p&typeid=i","cat":314033},{"id":754,"n":"Fromage Les Croisés Coeur Crème Lait pasteurisé 33%mg - 300g","p":2.29,"u":"7,63 €/KG","img":"https://fd9-photos.leclercdrive.fr/image.ashx?id=2625068&use=l&cat=p&typeid=i","cat":314033},{"id":757,"n":"Fromage Comté Entremont 32 %mg - 350g","p":5.13,"u":"14,66 €/KG","img":"https://fd9-photos.leclercdrive.fr/image.ashx?id=2983147&use=l&cat=p&typeid=i","cat":314034},{"id":760,"n":"Emmental fromage bloc Les Croisés - 250g","p":2.24,"u":"8,96 €/KG","img":"https://fd9-photos.leclercdrive.fr/image.ashx?id=2436636&use=l&cat=p&typeid=i","cat":314034},{"id":764,"n":"Fromage Bleu Les Croisés Lait pasteurisé 31% mg - 250g","p":2.29,"u":"9,16 €/KG","img":"https://fd9-photos.leclercdrive.fr/image.ashx?id=1081023&use=l&cat=p&typeid=i","cat":314032},{"id":768,"n":"Fromage de chèvre Les Croisés Lait pasteurisé 22%mg - 180g","p":2.29,"u":"12,72 €/KG","img":"https://fd9-photos.leclercdrive.fr/image.ashx?id=2048615&use=l&cat=p&typeid=i","cat":314031},{"id":769,"n":"Fromage de Brebis Les Croisés -Tranche - 200g","p":2.22,"u":"11,10 €/KG","img":"https://fd9-photos.leclercdrive.fr/image.ashx?id=2237499&use=l&cat=p&typeid=i","cat":314031},{"id":785,"n":"Rondelé ail et fines herbes 125g","p":1.7,"u":"13,60 €/KG","img":"https://fd9-photos.leclercdrive.fr/image.ashx?id=2967756&use=l&cat=p&typeid=i","cat":314029},{"id":786,"n":"Chaussée aux Moines 450g","p":3.81,"u":"8,47 €/KG","img":"https://fd9-photos.leclercdrive.fr/image.ashx?id=2771166&use=l&cat=p&typeid=i","cat":329184},{"id":787,"n":"Fromage L'Ortolan  Fromagerie Milleret - 250g","p":2.45,"u":"9,80 €/KG","img":"https://fd9-photos.leclercdrive.fr/image.ashx?id=2450913&use=l&cat=p&typeid=i","cat":314033},{"id":794,"n":"Rocamadour NRT AOP  Fromage de chèvre - 3x35g","p":2.75,"u":"26,19 €/KG","img":"https://fd9-photos.leclercdrive.fr/image.ashx?id=2954142&use=l&cat=p&typeid=i","cat":314031},{"id":795,"n":"Fromage Brique Les Croisés Lait pasteurisé 60%mg - 200g","p":1.74,"u":"8,70 €/KG","img":"https://fd9-photos.leclercdrive.fr/image.ashx?id=718110&use=l&cat=p&typeid=i","cat":314033},{"id":796,"n":"Fromage raclette Les Croisés Tranchette lait pasteurisé 400g","p":3.89,"u":"9,73 €/KG","img":"https://fd9-photos.leclercdrive.fr/image.ashx?id=2791704&use=l&cat=p&typeid=i","cat":314037},{"id":800,"n":"Mozzarella Les Croisés - 125g","p":0.93,"u":"7,44 €/KG","img":"https://fd9-photos.leclercdrive.fr/image.ashx?id=2992480&use=l&cat=p&typeid=i","cat":314026},{"id":806,"n":"Emmental fromage rapé Les Croisés - 500g","p":3.99,"u":"7,98 €/KG","img":"https://fd9-photos.leclercdrive.fr/image.ashx?id=2832903&use=l&cat=p&typeid=i","cat":314035},{"id":807,"n":"Emmental fromage rapé Les Croisés - 200g","p":1.65,"u":"8,25 €/KG","img":"https://fd9-photos.leclercdrive.fr/image.ashx?id=2842268&use=l&cat=p&typeid=i","cat":314035},{"id":808,"n":"Emmental fromage rapé Les Croisés - 100g","p":1.1,"u":"11,00 €/KG","img":"https://fd9-photos.leclercdrive.fr/image.ashx?id=2832885&use=l&cat=p&typeid=i","cat":314035},{"id":809,"n":"Râpé Parmigiano Reggiano AOP Les Croisés - 60g","p":1.1,"u":"18,33 €/KG","img":"https://fd9-photos.leclercdrive.fr/image.ashx?id=2283987&use=l&cat=p&typeid=i","cat":314035},{"id":810,"n":"Râpé Grana Padano AOP Les Croisés - 100g","p":1.5,"u":"15,00 €/KG","img":"https://fd9-photos.leclercdrive.fr/image.ashx?id=2857985&use=l&cat=p&typeid=i","cat":314035},{"id":816,"n":"Yaourts Délisse Nature - 16x125g","p":2.25,"u":"1,13 €/KG","img":"https://fd9-photos.leclercdrive.fr/image.ashx?id=2974756&use=l&cat=p&typeid=i","cat":284409},{"id":817,"n":"Yaourts Délisse Nature - 12x125g","p":1.85,"u":"1,23 €/KG","img":"https://fd9-photos.leclercdrive.fr/image.ashx?id=2307460&use=l&cat=p&typeid=i","cat":284409},{"id":818,"n":"Yaourts brassés Délisse  Nature - 8x125g","p":1.65,"u":"1,65 €/KG","img":"https://fd9-photos.leclercdrive.fr/image.ashx?id=2742611&use=l&cat=p&typeid=i","cat":284409},{"id":819,"n":"Yaourts brassés Délisse Nature - 16x125g","p":2.99,"u":"1,50 €/KG","img":"https://fd9-photos.leclercdrive.fr/image.ashx?id=3003049&use=l&cat=p&typeid=i","cat":284409},{"id":821,"n":"Yaourts sucrés Délisse Nature - 16x125g","p":2.74,"u":"1,37 €/KG","img":"https://fd9-photos.leclercdrive.fr/image.ashx?id=2591485&use=l&cat=p&typeid=i","cat":284409},{"id":822,"n":"Yaourts à la Grecque Délisse Nature - 4x150g","p":1.29,"u":"2,15 €/KG","img":"https://fd9-photos.leclercdrive.fr/image.ashx?id=2699405&use=l&cat=p&typeid=i","cat":314999},{"id":834,"n":"Yaourts La Laitière Fruits pâtissiers - 12x125g","p":4.53,"u":"3,02 €/KG","img":"https://fd9-photos.leclercdrive.fr/image.ashx?id=2578684&use=l&cat=p&typeid=i","cat":314999},{"id":841,"n":"Yaourts brassés Délisse Panaché de fruits - 16x125g","p":3.26,"u":"1,63 €/KG","img":"https://fd9-photos.leclercdrive.fr/image.ashx?id=2494211&use=l&cat=p&typeid=i","cat":284410},{"id":842,"n":"Yaourts aux fruits Délisse Panaché de fruits - 16x125g","p":3.78,"u":"1,89 €/KG","img":"https://fd9-photos.leclercdrive.fr/image.ashx?id=2609544&use=l&cat=p&typeid=i","cat":284410},{"id":843,"n":"Yaourts Crème Délisse Stracciatella - 4x125g","p":2.04,"u":"4,08 €/KG","img":"https://fd9-photos.leclercdrive.fr/image.ashx?id=2117120&use=l&cat=p&typeid=i","cat":314999},{"id":879,"n":"Fromage blanc sous mousse  Gervita nature - 4x100g","p":1.82,"u":"4,55 €/KG","img":"https://fd9-photos.leclercdrive.fr/image.ashx?id=2746157&use=l&cat=p&typeid=i","cat":284409},{"id":887,"n":"Fromage frais Délisse Fruits panachés 22%mg - 12x50g","p":1.45,"u":"2,42 €/KG","img":"https://fd9-photos.leclercdrive.fr/image.ashx?id=2922491&use=l&cat=p&typeid=i","cat":284414},{"id":890,"n":"Fromage frais Délisse Nature 3,8% MG - 12x60g","p":1.64,"u":"2,28 €/KG","img":"https://fd9-photos.leclercdrive.fr/image.ashx?id=1951840&use=l&cat=p&typeid=i","cat":284409},{"id":894,"n":"Fromage blanc Délisse Nature 0% MG - 8x100g","p":1.79,"u":"2,24 €/KG","img":"https://fd9-photos.leclercdrive.fr/image.ashx?id=2898817&use=l&cat=p&typeid=i","cat":315000},{"id":895,"n":"Fromage blanc Délisse Nature - 3,1% MG - 8x100g","p":1.79,"u":"2,24 €/KG","img":"https://fd9-photos.leclercdrive.fr/image.ashx?id=3012791&use=l&cat=p&typeid=i","cat":284409},{"id":897,"n":"Fromage blanc Délisse Nature 3.1% MG - 1kg","p":1.97,"u":"1,97 €/KG","img":"https://fd9-photos.leclercdrive.fr/image.ashx?id=3012788&use=l&cat=p&typeid=i","cat":284409},{"id":918,"n":"Crème dessert Délisse Café - 4x125g","p":0.95,"u":"1,90 €/KG","img":"https://fd9-photos.leclercdrive.fr/image.ashx?id=2441048&use=l&cat=p&typeid=i","cat":285041},{"id":919,"n":"Crème dessert Délisse Caramel - 4x125g","p":0.91,"u":"1,82 €/KG","img":"https://fd9-photos.leclercdrive.fr/image.ashx?id=2854204&use=l&cat=p&typeid=i","cat":285041},{"id":920,"n":"Crème dessert Délisse Chocolat - 4x125g","p":0.95,"u":"1,90 €/KG","img":"https://fd9-photos.leclercdrive.fr/image.ashx?id=2854207&use=l&cat=p&typeid=i","cat":285041},{"id":921,"n":"Crème dessert Délisse Vanille - 4x125g","p":0.89,"u":"1,78 €/KG","img":"https://fd9-photos.leclercdrive.fr/image.ashx?id=2854210&use=l&cat=p&typeid=i","cat":285041},{"id":922,"n":"Crème dessert Délisse Praliné - 4x125g","p":0.95,"u":"1,90 €/KG","img":"https://fd9-photos.leclercdrive.fr/image.ashx?id=2441066&use=l&cat=p&typeid=i","cat":285041},{"id":923,"n":"Crème dessert Délisse Panaché - 12x125g","p":2.83,"u":"1,89 €/KG","img":"https://fd9-photos.leclercdrive.fr/image.ashx?id=2465211&use=l&cat=p&typeid=i","cat":285041},{"id":924,"n":"Petit pot de crème Délisse Chocolat - 4x100g","p":1.88,"u":"4,70 €/KG","img":"https://fd9-photos.leclercdrive.fr/image.ashx?id=2544967&use=l&cat=p&typeid=i","cat":285041},{"id":925,"n":"Petit pot de crème Délisse Vanille - 4x100g","p":1.74,"u":"4,35 €/KG","img":"https://fd9-photos.leclercdrive.fr/image.ashx?id=2556508&use=l&cat=p&typeid=i","cat":285041},{"id":931,"n":"Dessert Liégeois Délisse Café - 4x100g","p":0.99,"u":"2,48 €/KG","img":"https://fd9-photos.leclercdrive.fr/image.ashx?id=1703224&use=l&cat=p&typeid=i","cat":285042},{"id":932,"n":"Dessert Liégeois Délisse Chocolat - 4x100g","p":1.1,"u":"2,75 €/KG","img":"https://fd9-photos.leclercdrive.fr/image.ashx?id=1868860&use=l&cat=p&typeid=i","cat":285042},{"id":933,"n":"Dessert Liégeois Délisse Chocolat Café - 8x100g","p":2.19,"u":"2,74 €/KG","img":"https://fd9-photos.leclercdrive.fr/image.ashx?id=1703227&use=l&cat=p&typeid=i","cat":285042},{"id":934,"n":"Dessert Liégeois Délisse Chocolat - 12x100g","p":3.14,"u":"2,62 €/KG","img":"https://fd9-photos.leclercdrive.fr/image.ashx?id=1868857&use=l&cat=p&typeid=i","cat":285042},{"id":935,"n":"Dessert Liégeois Délisse Vanille Caramel - 8x100g","p":1.98,"u":"2,48 €/KG","img":"https://fd9-photos.leclercdrive.fr/image.ashx?id=1713618&use=l&cat=p&typeid=i","cat":285042},{"id":936,"n":"Riz au lait Délisse  Vanille - 4x115g","p":1.35,"u":"2,93 €/KG","img":"https://fd9-photos.leclercdrive.fr/image.ashx?id=2489107&use=l&cat=p&typeid=i","cat":284418},{"id":939,"n":"Semoule au lait Délisse Vanille - 4x115g","p":1.09,"u":"2,37 €/KG","img":"https://fd9-photos.leclercdrive.fr/image.ashx?id=2254514&use=l&cat=p&typeid=i","cat":284418},{"id":941,"n":"Mousse liégeoise Viennois  Chocolat - 8x90g","p":2.99,"u":"4,15 €/KG","img":"https://fd9-photos.leclercdrive.fr/image.ashx?id=2855043&use=l&cat=p&typeid=i","cat":284417},{"id":942,"n":"Mousse à la liégeoise Délisse Vanille - 8x80g","p":2.62,"u":"4,09 €/KG","img":"https://fd9-photos.leclercdrive.fr/image.ashx?id=3009487&use=l&cat=p&typeid=i","cat":284417},{"id":943,"n":"Mousse Délisse Chocolat noir - 4x60g","p":1.15,"u":"4,79 €/KG","img":"https://fd9-photos.leclercdrive.fr/image.ashx?id=3009493&use=l&cat=p&typeid=i","cat":284417},{"id":944,"n":"Mousse au chocolat Délisse Chocolat au lait - 4x60g","p":1.15,"u":"4,79 €/KG","img":"https://fd9-photos.leclercdrive.fr/image.ashx?id=3009496&use=l&cat=p&typeid=i","cat":284417},{"id":955,"n":"Ile flottante Délisse Crème anglaise - 4x100g","p":1.89,"u":"4,73 €/KG","img":"https://fd9-photos.leclercdrive.fr/image.ashx?id=2860706&use=l&cat=p&typeid=i","cat":284419},{"id":959,"n":"Flan Délisse Vanille Caramel - 4x100g","p":0.79,"u":"1,98 €/KG","img":"https://fd9-photos.leclercdrive.fr/image.ashx?id=2851640&use=l&cat=p&typeid=i","cat":284420},{"id":964,"n":"Lait demi-écrémé Délisse UHT Bouteille -  1L","p":1.05,"u":"1,05 €/L","img":"https://fd9-photos.leclercdrive.fr/image.ashx?id=2981831&use=l&cat=p&typeid=i","cat":284377},{"id":970,"n":"Boisson lactée au cacao Cacolac Bouteilles - 8x20cl","p":5.5,"u":"3,44 €/L","img":"https://fd9-photos.leclercdrive.fr/image.ashx?id=2762085&use=l&cat=p&typeid=i","cat":295246},{"id":974,"n":"Lait bio Bio Village Bouteille  Demi-écrémé UHT -  1L","p":1.08,"u":"1,08 €/L","img":"https://fd9-photos.leclercdrive.fr/image.ashx?id=2981903&use=l&cat=p&typeid=i","cat":284377},{"id":979,"n":"Beurre Mini Elle&Vire  Doux - 82% MG - 16P - 200g","p":2.76,"u":"13,80 €/KG","img":"https://fd9-photos.leclercdrive.fr/image.ashx?id=2528397&use=l&cat=p&typeid=i","cat":284379},{"id":981,"n":"Beurre Montfleuri Doux - 60% MG - 250g","p":1.89,"u":"7,56 €/KG","img":"https://fd9-photos.leclercdrive.fr/image.ashx?id=2988569&use=l&cat=p&typeid=i","cat":284379},{"id":983,"n":"Beurre Tendre Les Croisés Doux - 82% MG - 250g","p":2.59,"u":"10,36 €/KG","img":"https://fd9-photos.leclercdrive.fr/image.ashx?id=2375977&use=l&cat=p&typeid=i","cat":284379},{"id":985,"n":"Beurre de Bretagne Les Croisés Doux - 82% MG - 500g","p":4.89,"u":"9,78 €/KG","img":"https://fd9-photos.leclercdrive.fr/image.ashx?id=2777976&use=l&cat=p&typeid=i","cat":284379},{"id":989,"n":"Beurre Tendre Les Croisés Demi-sel - 80% MG - 250g","p":2.65,"u":"10,60 €/KG","img":"https://fd9-photos.leclercdrive.fr/image.ashx?id=2778000&use=l&cat=p&typeid=i","cat":284379},{"id":990,"n":"Beurre Tendre Les Croisés Doux - 82% MG - 250g","p":2.29,"u":"9,16 €/KG","img":"https://fd9-photos.leclercdrive.fr/image.ashx?id=2839890&use=l&cat=p&typeid=i","cat":284379},{"id":991,"n":"Beurre de Bretagne Les Croisés Demi-sel - 80% MG - 500g","p":4.89,"u":"9,78 €/KG","img":"https://fd9-photos.leclercdrive.fr/image.ashx?id=2777970&use=l&cat=p&typeid=i","cat":284379},{"id":1003,"n":"Crème UHT Elle & Vire Fluide Entière - 30% MG - 1L","p":5.14,"u":"5,14 €/L","img":"https://fd9-photos.leclercdrive.fr/image.ashx?id=3008554&use=l&cat=p&typeid=i","cat":284381},{"id":1005,"n":"Crème Chantilly sucrée Délisse Entière sous pression - 250g","p":1.95,"u":"7,80 €/KG","img":"https://fd9-photos.leclercdrive.fr/image.ashx?id=3002512&use=l&cat=p&typeid=i","cat":284382},{"id":1006,"n":"Crème Chantilly sucrée Délisse Allégée sous pression - 250g","p":1.85,"u":"7,40 €/KG","img":"https://fd9-photos.leclercdrive.fr/image.ashx?id=1732322&use=l&cat=p&typeid=i","cat":284382},{"id":1008,"n":"Crème entière fluide Délisse 30%mg - 3x20cl","p":2.65,"u":"4,42 €/L","img":"https://fd9-photos.leclercdrive.fr/image.ashx?id=2509977&use=l&cat=p&typeid=i","cat":284381},{"id":1009,"n":"Crème légère semi-épaisse   Délisse 18%mg - 3x20cl","p":2.11,"u":"3,52 €/L","img":"https://fd9-photos.leclercdrive.fr/image.ashx?id=3002554&use=l&cat=p&typeid=i","cat":284381},{"id":1011,"n":"Crème fraîche légère Délisse Epaisse - 15% MG - 20cl","p":0.7,"u":"3,50 €/L","img":"https://fd9-photos.leclercdrive.fr/image.ashx?id=832927&use=l&cat=p&typeid=i","cat":284381},{"id":1012,"n":"Crème fraîche légère Délisse Epaisse - 15% MG  - 50cl","p":1.55,"u":"3,10 €/L","img":"https://fd9-photos.leclercdrive.fr/image.ashx?id=3002539&use=l&cat=p&typeid=i","cat":284381},{"id":1013,"n":"Crème fraîche entière Délisse Epaisse - 30% MG - 20cl","p":0.84,"u":"4,20 €/L","img":"https://fd9-photos.leclercdrive.fr/image.ashx?id=832931&use=l&cat=p&typeid=i","cat":284381},{"id":1014,"n":"Crème fraîche entière Délisse Epaisse - 30% MG- 50cl","p":1.95,"u":"3,90 €/L","img":"https://fd9-photos.leclercdrive.fr/image.ashx?id=3002524&use=l&cat=p&typeid=i","cat":284381},{"id":1019,"n":"Jambon Italien Saint Azay x6 - 100g","p":1.75,"u":"17,50 €/KG","img":"https://fd9-photos.leclercdrive.fr/image.ashx?id=2466871&use=l&cat=p&typeid=i","cat":316007},{"id":1022,"n":"Bacon Saint Azay x15 - 150g","p":1.79,"u":"11,93 €/KG","img":"https://fd9-photos.leclercdrive.fr/image.ashx?id=2974957&use=l&cat=p&typeid=i","cat":316007},{"id":1029,"n":"Mini saucissons secs Saint Azay Nature - 75g","p":1.29,"u":"17,20 €/KG","img":"https://fd9-photos.leclercdrive.fr/image.ashx?id=2943617&use=l&cat=p&typeid=i","cat":316006},{"id":1032,"n":"Saucisse sèche Saint Azay Qualité supérieure - 300g","p":3.46,"u":"11,53 €/KG","img":"https://fd9-photos.leclercdrive.fr/image.ashx?id=2283978&use=l&cat=p&typeid=i","cat":316006},{"id":1033,"n":"Chorizo Doux Saint Azay 225g","p":1.89,"u":"8,40 €/KG","img":"https://fd9-photos.leclercdrive.fr/image.ashx?id=2293375&use=l&cat=p&typeid=i","cat":316006},{"id":1034,"n":"Chorizo Fort Saint Azay 225g","p":1.89,"u":"8,40 €/KG","img":"https://fd9-photos.leclercdrive.fr/image.ashx?id=2293378&use=l&cat=p&typeid=i","cat":316006},{"id":1035,"n":"Chorizo Extra Fort Saint Azay 225g","p":1.89,"u":"8,40 €/KG","img":"https://fd9-photos.leclercdrive.fr/image.ashx?id=2753466&use=l&cat=p&typeid=i","cat":316006},{"id":1058,"n":"Jambon serrano IGP Saint Azay 6 tranches - 100g","p":1.69,"u":"16,90 €/KG","img":"https://fd9-photos.leclercdrive.fr/image.ashx?id=2850422&use=l&cat=p&typeid=i","cat":316007},{"id":1069,"n":"Saucisses de Montbéliard IGP NRT - 250g","p":3.19,"u":"12,76 €/KG","img":"https://fd9-photos.leclercdrive.fr/image.ashx?id=2552029&use=l&cat=p&typeid=i","cat":316012},{"id":1070,"n":"Saucisse de Morteau NRT IGP - 350g","p":5.41,"u":"15,46 €/KG","img":"https://fd9-photos.leclercdrive.fr/image.ashx?id=2991464&use=l&cat=p&typeid=i","cat":316012},{"id":1071,"n":"Coppa italienne Saint Azay 10 tranches 100 g","p":1.98,"u":"19,80 €/KG","img":"https://fd9-photos.leclercdrive.fr/image.ashx?id=1873970&use=l&cat=p&typeid=i","cat":316007},{"id":1087,"n":"Pâté en croûte St Azay 450g","p":2.65,"u":"5,89 €/KG","img":"https://fd9-photos.leclercdrive.fr/image.ashx?id=2414970&use=l&cat=p&typeid=i","cat":316003},{"id":1103,"n":"Foie gras de canard entier Pierre de Chaumeyrac - 180g","p":15.48,"u":"86,00 €/KG","img":"https://fd9-photos.leclercdrive.fr/image.ashx?id=2025500&use=l&cat=p&typeid=i","cat":316008},{"id":1104,"n":"Foie gras canard IGP Périgord Entier NRT - 300g","p":23.9,"u":"79,67 €/KG","img":"https://fd9-photos.leclercdrive.fr/image.ashx?id=1858550&use=l&cat=p&typeid=i","cat":316008},{"id":1105,"n":"Carottes râpées Menu Fraîcheur  Assaisonnées - 500g","p":1.02,"u":"2,04 €/KG","img":"https://fd9-photos.leclercdrive.fr/image.ashx?id=2850811&use=l&cat=p&typeid=i","cat":333657},{"id":1106,"n":"Céleri Menu Fraîcheur  Rémoulade - 300g","p":0.99,"u":"3,30 €/KG","img":"https://fd9-photos.leclercdrive.fr/image.ashx?id=2645882&use=l&cat=p&typeid=i","cat":333657},{"id":1107,"n":"Taboulé Menu Fraîcheur A l'orientale - 300g","p":0.99,"u":"3,30 €/KG","img":"https://fd9-photos.leclercdrive.fr/image.ashx?id=2552397&use=l&cat=p&typeid=i","cat":333657},{"id":1108,"n":"Taboulé Menu Fraîcheur A l'orientale - 500g","p":1.39,"u":"2,78 €/KG","img":"https://fd9-photos.leclercdrive.fr/image.ashx?id=2816549&use=l&cat=p&typeid=i","cat":333657},{"id":1118,"n":"Manchons de poulet Côté Croc Méxicaine - 250g","p":2.49,"u":"9,96 €/KG","img":"https://fd9-photos.leclercdrive.fr/image.ashx?id=2570031&use=l&cat=p&typeid=i","cat":333685},{"id":1125,"n":"Cordons bleus Côté Croc Dinde - 200g","p":1.95,"u":"9,75 €/KG","img":"https://fd9-photos.leclercdrive.fr/image.ashx?id=2795535&use=l&cat=p&typeid=i","cat":333683},{"id":1126,"n":"Nuggets de poulet Côté Croc x10 - 200g","p":1.52,"u":"7,60 €/KG","img":"https://fd9-photos.leclercdrive.fr/image.ashx?id=2883312&use=l&cat=p&typeid=i","cat":333684},{"id":1127,"n":"Croque Fromage Père Dodu  x2 - 200g","p":1.86,"u":"9,30 €/KG","img":"https://fd9-photos.leclercdrive.fr/image.ashx?id=2956981&use=l&cat=p&typeid=i","cat":333683},{"id":1133,"n":"Nuggets de Poulet Père Dodu  x10 - 200g","p":2.15,"u":"10,75 €/KG","img":"https://fd9-photos.leclercdrive.fr/image.ashx?id=2956972&use=l&cat=p&typeid=i","cat":333684},{"id":1134,"n":"Nuggets de Fromage Père Dodu  x10 - 180g","p":2.4,"u":"13,33 €/KG","img":"https://fd9-photos.leclercdrive.fr/image.ashx?id=2956990&use=l&cat=p&typeid=i","cat":333684},{"id":1136,"n":"Pizza fraîche Turini 4 fromages - 450g","p":2.49,"u":"5,53 €/KG","img":"https://fd9-photos.leclercdrive.fr/image.ashx?id=2590412&use=l&cat=p&typeid=i","cat":333679},{"id":1137,"n":"Pizza Turini Chèvre lardons - 450g","p":2.58,"u":"5,73 €/KG","img":"https://fd9-photos.leclercdrive.fr/image.ashx?id=2727611&use=l&cat=p&typeid=i","cat":333679},{"id":1142,"n":"Ravioli Lustucru Selection  Boeuf - 300g","p":1.81,"u":"6,03 €/KG","img":"https://fd9-photos.leclercdrive.fr/image.ashx?id=2938659&use=l&cat=p&typeid=i","cat":333682},{"id":1145,"n":"Ravioli 4 fromages Turini 300g","p":1.49,"u":"4,97 €/KG","img":"https://fd9-photos.leclercdrive.fr/image.ashx?id=813114&use=l&cat=p&typeid=i","cat":333682},{"id":1149,"n":"Pâte à pizza Tablier Blanc 260g","p":1.05,"u":"4,04 €/KG","img":"https://fd9-photos.leclercdrive.fr/image.ashx?id=2041773&use=l&cat=p&typeid=i","cat":333681},{"id":1150,"n":"Pâte sablée Tablier Blanc 230g","p":1.09,"u":"4,74 €/KG","img":"https://fd9-photos.leclercdrive.fr/image.ashx?id=2635898&use=l&cat=p&typeid=i","cat":333681},{"id":1151,"n":"Pâte feuilletée Tablier Blanc Au beurre - 230g","p":1.14,"u":"4,96 €/KG","img":"https://fd9-photos.leclercdrive.fr/image.ashx?id=2942780&use=l&cat=p&typeid=i","cat":333681},{"id":1152,"n":"Pâte feuilletée Tablier Blanc Prête à dérouler - 230g","p":0.74,"u":"3,22 €/KG","img":"https://fd9-photos.leclercdrive.fr/image.ashx?id=2922388&use=l&cat=p&typeid=i","cat":333681},{"id":1163,"n":"Mini blinis Ronde des Mers x16 - 135g","p":0.99,"u":"7,33 €/KG","img":"https://fd9-photos.leclercdrive.fr/image.ashx?id=2981849&use=l&cat=p&typeid=i","cat":285191},{"id":1164,"n":"Bâtonnets surimi Pêche Océan MSC - 400g","p":2.19,"u":"5,48 €/KG","img":"https://fd9-photos.leclercdrive.fr/image.ashx?id=2981840&use=l&cat=p&typeid=i","cat":285189},{"id":1165,"n":"Bâtonnets Surimi Pêche Océan MSC - x30 - 500g","p":2.74,"u":"5,48 €/KG","img":"https://fd9-photos.leclercdrive.fr/image.ashx?id=2981864&use=l&cat=p&typeid=i","cat":285189},{"id":1166,"n":"Miettes de surimi Pêche Océan MSC - 180g","p":1.64,"u":"9,11 €/KG","img":"https://fd9-photos.leclercdrive.fr/image.ashx?id=2981861&use=l&cat=p&typeid=i","cat":285189},{"id":1167,"n":"Oeufs de lompe Ronde des mers Noir - MSC - 100g","p":2.6,"u":"26,00 €/KG","img":"https://fd9-photos.leclercdrive.fr/image.ashx?id=2981843&use=l&cat=p&typeid=i","cat":285191},{"id":1169,"n":"Filets d'anchois Pêche Océan À l'huile d'olive - 105g","p":2.45,"u":"23,33 €/KG","img":"https://fd9-photos.leclercdrive.fr/image.ashx?id=2992504&use=l&cat=p&typeid=i","cat":285190},{"id":1175,"n":"Pizza Cuite sur pierre Turini Saumon crevettes - 400g","p":2.25,"u":"5,63 €/KG","img":"https://fd9-photos.leclercdrive.fr/image.ashx?id=2815217&use=l&cat=p&typeid=i","cat":284256},{"id":1178,"n":"Pizza Cuite sur pierre Volpone  Bolognaise - 400g","p":1.97,"u":"4,93 €/KG","img":"https://fd9-photos.leclercdrive.fr/image.ashx?id=2815208&use=l&cat=p&typeid=i","cat":284256},{"id":1179,"n":"Pizza Royale Turini Cuite au feu de bois - 440g","p":2.15,"u":"4,89 €/KG","img":"https://fd9-photos.leclercdrive.fr/image.ashx?id=2815199&use=l&cat=p&typeid=i","cat":284256},{"id":1180,"n":"Quiche Lorraine Côté Table 400g","p":2.49,"u":"6,23 €/KG","img":"https://fd9-photos.leclercdrive.fr/image.ashx?id=2390299&use=l&cat=p&typeid=i","cat":284257},{"id":1181,"n":"Tarte aux poireaux Côté Table - 400g","p":2.55,"u":"6,38 €/KG","img":"https://fd9-photos.leclercdrive.fr/image.ashx?id=2791710&use=l&cat=p&typeid=i","cat":284257},{"id":1182,"n":"Crêpes Côté Table Jambon fromage x6 - 300g","p":1.99,"u":"6,63 €/KG","img":"https://fd9-photos.leclercdrive.fr/image.ashx?id=2508488&use=l&cat=p&typeid=i","cat":319776},{"id":1183,"n":"Crêpes Côté Table Jambon fromage x20 1kg","p":3.89,"u":"3,89 €/KG","img":"https://fd9-photos.leclercdrive.fr/image.ashx?id=2607470&use=l&cat=p&typeid=i","cat":319776},{"id":1185,"n":"Steaks hachés Charal Pur Bœuf 15% MG 10x100g - 1kg","p":13.7,"u":"13,70 €/KG","img":"https://fd9-photos.leclercdrive.fr/image.ashx?id=2659300&use=l&cat=p&typeid=i","cat":319778},{"id":1186,"n":"Haché Extra Moelleux Charal 10x100g - 1kg","p":11.61,"u":"11,61 €/KG","img":"https://fd9-photos.leclercdrive.fr/image.ashx?id=2731735&use=l&cat=p&typeid=i","cat":319778},{"id":1191,"n":"Poisson Bordelaise Pêche Océan MSC - 400g","p":2.99,"u":"7,48 €/KG","img":"https://fd9-photos.leclercdrive.fr/image.ashx?id=2930081&use=l&cat=p&typeid=i","cat":319788},{"id":1192,"n":"Colin d'Alaska MSC Pêche Océan À l'oseille x2 - 400g","p":3.15,"u":"7,88 €/KG","img":"https://fd9-photos.leclercdrive.fr/image.ashx?id=2930099&use=l&cat=p&typeid=i","cat":319786},{"id":1193,"n":"Pané colin d'Alaska Pêche Océan x15 bâtonnets - MSC - 450g","p":2.27,"u":"5,04 €/KG","img":"https://fd9-photos.leclercdrive.fr/image.ashx?id=1682702&use=l&cat=p&typeid=i","cat":319788},{"id":1194,"n":"Calamars Pêche Océan A la romaine 40/60 - 500g","p":4.45,"u":"8,90 €/KG","img":"https://fd9-photos.leclercdrive.fr/image.ashx?id=2216298&use=l&cat=p&typeid=i","cat":319788},{"id":1196,"n":"Coquilles Saint-Jacques Coté Table - 4x90g","p":4.79,"u":"13,31 €/KG","img":"https://fd9-photos.leclercdrive.fr/image.ashx?id=2520819&use=l&cat=p&typeid=i","cat":319775},{"id":1197,"n":"Paëlla royale Côté Table Fruits de mer poulet 1kg","p":4.07,"u":"4,07 €/KG","img":"https://fd9-photos.leclercdrive.fr/image.ashx?id=2663353&use=l&cat=p&typeid=i","cat":284254},{"id":1201,"n":"Poêlée campagnarde Côté Table 900g","p":4.64,"u":"5,16 €/KG","img":"https://fd9-photos.leclercdrive.fr/image.ashx?id=2147539&use=l&cat=p&typeid=i","cat":319823},{"id":1202,"n":"Pâtes Carbonara Côté Table 900g","p":4.18,"u":"4,64 €/KG","img":"https://fd9-photos.leclercdrive.fr/image.ashx?id=1765166&use=l&cat=p&typeid=i","cat":284254},{"id":1211,"n":"Choux fleurs Notre Jardin Fleurettes 1kg","p":1.69,"u":"1,69 €/KG","img":"https://fd9-photos.leclercdrive.fr/image.ashx?id=1648806&use=l&cat=p&typeid=i","cat":319805},{"id":1212,"n":"Choux de Bruxelles Notre Jardin 1kg","p":1.99,"u":"1,99 €/KG","img":"https://fd9-photos.leclercdrive.fr/image.ashx?id=2487416&use=l&cat=p&typeid=i","cat":319805},{"id":1214,"n":"Haricots verts Notre jardin Très fins 1kg","p":1.82,"u":"1,82 €/KG","img":"https://fd9-photos.leclercdrive.fr/image.ashx?id=2900040&use=l&cat=p&typeid=i","cat":319805},{"id":1215,"n":"Haricots verts Notre Jardin Extra fins 1kg","p":1.85,"u":"1,85 €/KG","img":"https://fd9-photos.leclercdrive.fr/image.ashx?id=2873051&use=l&cat=p&typeid=i","cat":319805},{"id":1216,"n":"Courgettes Notre Jardin Rondelles 1kg","p":1.29,"u":"1,29 €/KG","img":"https://fd9-photos.leclercdrive.fr/image.ashx?id=2873099&use=l&cat=p&typeid=i","cat":319805},{"id":1217,"n":"Epinards Notre Jardin Branches - 1kg","p":1.3,"u":"1,30 €/KG","img":"https://fd9-photos.leclercdrive.fr/image.ashx?id=2873069&use=l&cat=p&typeid=i","cat":319805},{"id":1218,"n":"Epinards Notre Jardin Hâchés - 1kg","p":1.34,"u":"1,34 €/KG","img":"https://fd9-photos.leclercdrive.fr/image.ashx?id=2682759&use=l&cat=p&typeid=i","cat":319805},{"id":1219,"n":"Epinards Notre Jardin Hachés A la crème fraîche - 1kg","p":1.67,"u":"1,67 €/KG","img":"https://fd9-photos.leclercdrive.fr/image.ashx?id=2916656&use=l&cat=p&typeid=i","cat":319805},{"id":1220,"n":"Carottes Notre Jardin En rondelles 1kg","p":1.09,"u":"1,09 €/KG","img":"https://fd9-photos.leclercdrive.fr/image.ashx?id=2900070&use=l&cat=p&typeid=i","cat":319805},{"id":1221,"n":"Petits pois carottes Notre Jardin 1kg","p":2.25,"u":"2,25 €/KG","img":"https://fd9-photos.leclercdrive.fr/image.ashx?id=2873057&use=l&cat=p&typeid=i","cat":319805},{"id":1222,"n":"Petits pois Notre Jardin Extra fins 1kg","p":1.89,"u":"1,89 €/KG","img":"https://fd9-photos.leclercdrive.fr/image.ashx?id=2202087&use=l&cat=p&typeid=i","cat":319805},{"id":1223,"n":"Champignons Paris Notre jardin Emincés 1kg","p":1.95,"u":"1,95 €/KG","img":"https://fd9-photos.leclercdrive.fr/image.ashx?id=2873027&use=l&cat=p&typeid=i","cat":319805},{"id":1226,"n":"Légumes potage Notre Jardin 1kg","p":1.28,"u":"1,28 €/KG","img":"https://fd9-photos.leclercdrive.fr/image.ashx?id=2916647&use=l&cat=p&typeid=i","cat":319805},{"id":1227,"n":"Poêlée de légumes Notre Jardin Méridionale - 1kg","p":2.95,"u":"2,95 €/KG","img":"https://fd9-photos.leclercdrive.fr/image.ashx?id=1960240&use=l&cat=p&typeid=i","cat":319823},{"id":1228,"n":"Poêlée de légumes Notre jardin Champêtre - 1kg","p":2.99,"u":"2,99 €/KG","img":"https://fd9-photos.leclercdrive.fr/image.ashx?id=2404281&use=l&cat=p&typeid=i","cat":319823},{"id":1229,"n":"Poêlée de légumes Notre Jardin Bretonne - 1kg","p":2.61,"u":"2,61 €/KG","img":"https://fd9-photos.leclercdrive.fr/image.ashx?id=1960243&use=l&cat=p&typeid=i","cat":319823},{"id":1238,"n":"Pommes rissolées Pom'lisse 1kg","p":1.56,"u":"1,56 €/KG","img":"https://fd9-photos.leclercdrive.fr/image.ashx?id=2704597&use=l&cat=p&typeid=i","cat":319792},{"id":1239,"n":"Frites allumettes Pom'lisse 1kg","p":1.87,"u":"1,87 €/KG","img":"https://fd9-photos.leclercdrive.fr/image.ashx?id=2699381&use=l&cat=p&typeid=i","cat":319791},{"id":1240,"n":"Frites Pom'lisse 2.5 kg","p":4.55,"u":"1,82 €/KG","img":"https://fd9-photos.leclercdrive.fr/image.ashx?id=2699387&use=l&cat=p&typeid=i","cat":319791},{"id":1243,"n":"Frites Pom'lisse Au four - 600g","p":1.15,"u":"1,92 €/KG","img":"https://fd9-photos.leclercdrive.fr/image.ashx?id=2699660&use=l&cat=p&typeid=i","cat":319791},{"id":1244,"n":"Potatoes Pom'lisse Finement épicées - 600g","p":1.18,"u":"1,97 €/KG","img":"https://fd9-photos.leclercdrive.fr/image.ashx?id=2699663&use=l&cat=p&typeid=i","cat":319791},{"id":1245,"n":"Pommes noisettes Pom'lisse 1kg","p":1.88,"u":"1,88 €/KG","img":"https://fd9-photos.leclercdrive.fr/image.ashx?id=2699645&use=l&cat=p&typeid=i","cat":319792},{"id":1246,"n":"Pommes dauphine Pom'lisse 500g","p":1.49,"u":"2,98 €/KG","img":"https://fd9-photos.leclercdrive.fr/image.ashx?id=2699657&use=l&cat=p&typeid=i","cat":319792},{"id":1248,"n":"Frites Pom'lisse 1kg","p":1.87,"u":"1,87 €/KG","img":"https://fd9-photos.leclercdrive.fr/image.ashx?id=2699648&use=l&cat=p&typeid=i","cat":319791},{"id":1309,"n":"Lessive Epsil gel main express Tube 250ml","p":1.55,"u":"6,20 €/L","img":"https://fd9-photos.leclercdrive.fr/image.ashx?id=2602724&use=l&cat=p&typeid=i","cat":284643},{"id":1335,"n":"Liquide vaisselle Visior Citron - 750ml","p":1.2,"u":"1,60 €/L","img":"https://fd9-photos.leclercdrive.fr/image.ashx?id=2435684&use=l&cat=p&typeid=i","cat":284655},{"id":1336,"n":"Liquide vaisselle Visior Ultra Peaux sensibles 500ml","p":0.64,"u":"1,28 €/L","img":"https://fd9-photos.leclercdrive.fr/image.ashx?id=2930855&use=l&cat=p&typeid=i","cat":284655},{"id":1344,"n":"Gants jetables Mamison latex T6 x10","p":1.33,"img":"https://fd9-photos.leclercdrive.fr/image.ashx?id=554721&use=l&cat=p&typeid=i","cat":284668},{"id":1345,"n":"Gants jetables Mamison latex T8 x10","p":1.33,"img":"https://fd9-photos.leclercdrive.fr/image.ashx?id=2742691&use=l&cat=p&typeid=i","cat":284668},{"id":1346,"n":"Eponges Mamison végétales Super absorbantes x3","p":1.17,"u":"0,39 €/P","img":"https://fd9-photos.leclercdrive.fr/image.ashx?id=2458052&use=l&cat=p&typeid=i","cat":284667},{"id":1358,"n":"Nettoyant Gel avec javel Clair 1L","p":1.09,"u":"1,09 €/L","img":"https://fd9-photos.leclercdrive.fr/image.ashx?id=2705062&use=l&cat=p&typeid=i","cat":284907},{"id":1359,"n":"Pastilles javel Clair x48 - 150g","p":1.65,"u":"11,00 €/KG","img":"https://fd9-photos.leclercdrive.fr/image.ashx?id=2631426&use=l&cat=p&typeid=i","cat":284661},{"id":1376,"n":"Lingettes nettoyantes Clair Sols muguet larges x15","p":1.14,"img":"https://fd9-photos.leclercdrive.fr/image.ashx?id=1733521&use=l&cat=p&typeid=i","cat":325364},{"id":1385,"n":"Spray nettoyant Vitroclen  Vitrocéramique - 250ml","p":2.43,"u":"9,72 €/L","img":"https://fd9-photos.leclercdrive.fr/image.ashx?id=2263727&use=l&cat=p&typeid=i","cat":325363},{"id":1386,"n":"Nettoyant four Clair 500ml","p":1.53,"u":"3,06 €/L","img":"https://fd9-photos.leclercdrive.fr/image.ashx?id=1695771&use=l&cat=p&typeid=i","cat":325363},{"id":1392,"n":"Blocs wc eau bleue Syphon x2 80g","p":1.12,"u":"14,00 €/KG","img":"https://fd9-photos.leclercdrive.fr/image.ashx?id=2302537&use=l&cat=p&typeid=i","cat":284662},{"id":1398,"n":"Recharge diffuseur électrique Insectivor anti-moustiques - x1","p":2.26,"img":"https://fd9-photos.leclercdrive.fr/image.ashx?id=1938546&use=l&cat=p&typeid=i","cat":298368},{"id":1400,"n":"Papier aluminium Elembal 20m","p":2.62,"img":"https://fd9-photos.leclercdrive.fr/image.ashx?id=2492252&use=l&cat=p&typeid=i","cat":334134},{"id":1401,"n":"Barquettes aluminium Elembal x10 0.5L","p":2.56,"img":"https://fd9-photos.leclercdrive.fr/image.ashx?id=1733306&use=l&cat=p&typeid=i","cat":334134},{"id":1403,"n":"Barquettes aluminium Elembal Profondes x10 1L","p":4.3,"img":"https://fd9-photos.leclercdrive.fr/image.ashx?id=1733315&use=l&cat=p&typeid=i","cat":334134},{"id":1404,"n":"Barquettes aluminium Elembal x5 1,5L","p":2.77,"img":"https://fd9-photos.leclercdrive.fr/image.ashx?id=1733309&use=l&cat=p&typeid=i","cat":334134},{"id":1407,"n":"Film étirable Elembal 30m","p":1.2,"img":"https://fd9-photos.leclercdrive.fr/image.ashx?id=2431191&use=l&cat=p&typeid=i","cat":334134},{"id":1412,"n":"Sacs congélation Elembal Grand modèle x25","p":1.08,"img":"https://fd9-photos.leclercdrive.fr/image.ashx?id=2169147&use=l&cat=p&typeid=i","cat":334134},{"id":1413,"n":"Sacs congélation Elembal Petit modèle x50","p":1.1,"img":"https://fd9-photos.leclercdrive.fr/image.ashx?id=2158155&use=l&cat=p&typeid=i","cat":334134},{"id":1414,"n":"Sacs poubelle 30L Elembal à liens classiques - x25","p":1.26,"u":"0,05 €/P","img":"https://fd9-photos.leclercdrive.fr/image.ashx?id=2791737&use=l&cat=p&typeid=i","cat":285168},{"id":1416,"n":"Sacs poubelle 100L Elembal Poignées coulissantes - x10","p":1.62,"u":"0,16 €/P","img":"https://fd9-photos.leclercdrive.fr/image.ashx?id=2791731&use=l&cat=p&typeid=i","cat":285168},{"id":1417,"n":"Sacs poubelle 100L Elembal à liens classiques - x10","p":1.54,"u":"0,15 €/P","img":"https://fd9-photos.leclercdrive.fr/image.ashx?id=1959151&use=l&cat=p&typeid=i","cat":285168},{"id":1418,"n":"Sacs poubelle 50L Elembal à liens classiques - x15","p":2.19,"u":"0,15 €/P","img":"https://fd9-photos.leclercdrive.fr/image.ashx?id=2048605&use=l&cat=p&typeid=i","cat":285168},{"id":1419,"n":"Sacs poubelle Elembal 20L x20","p":1.2,"u":"0,06 €/P","img":"https://fd9-photos.leclercdrive.fr/image.ashx?id=2791728&use=l&cat=p&typeid=i","cat":285168},{"id":1420,"n":"Sacs poubelle Elembal 20L A poignées - x30","p":2.09,"u":"0,07 €/P","img":"https://fd9-photos.leclercdrive.fr/image.ashx?id=2791674&use=l&cat=p&typeid=i","cat":285168},{"id":1423,"n":"Sacs poubelle 50L Elembal Poignées coulissantes - x15","p":2.3,"u":"0,15 €/P","img":"https://fd9-photos.leclercdrive.fr/image.ashx?id=2791725&use=l&cat=p&typeid=i","cat":285168},{"id":1427,"n":"Gel douche Manava Pétales d'Orient - 250ml","p":1.15,"u":"4,60 €/L","img":"https://fd9-photos.leclercdrive.fr/image.ashx?id=2494214&use=l&cat=p&typeid=i","cat":284594},{"id":1428,"n":"Lait de douche Manava Coeur de vanille - 250ml","p":0.94,"u":"3,76 €/L","img":"https://fd9-photos.leclercdrive.fr/image.ashx?id=2456141&use=l&cat=p&typeid=i","cat":284594},{"id":1429,"n":"Gel douche Manava Boisé - 250ml","p":1.15,"u":"4,60 €/L","img":"https://fd9-photos.leclercdrive.fr/image.ashx?id=2040284&use=l&cat=p&typeid=i","cat":284594},{"id":1433,"n":"Recharge savon mains Manava Crème perles d'oranger - 250ml","p":0.68,"u":"2,72 €/L","img":"https://fd9-photos.leclercdrive.fr/image.ashx?id=1209173&use=l&cat=p&typeid=i","cat":284597},{"id":1435,"n":"Recharge savon mains Manava Crème Amande - 250ml","p":0.57,"u":"2,28 €/L","img":"https://fd9-photos.leclercdrive.fr/image.ashx?id=1211686&use=l&cat=p&typeid=i","cat":284597},{"id":1436,"n":"Lait de douche Manava Amande douce - 250ml","p":0.94,"u":"3,76 €/L","img":"https://fd9-photos.leclercdrive.fr/image.ashx?id=1628280&use=l&cat=p&typeid=i","cat":284594},{"id":1437,"n":"Lait de douche Manava Lait de coco - 250ml","p":0.94,"u":"3,76 €/L","img":"https://fd9-photos.leclercdrive.fr/image.ashx?id=2443176&use=l&cat=p&typeid=i","cat":284594},{"id":1449,"n":"Déodorant Manava fraîcheur Vanille glacée spray 200ml","p":1.39,"u":"6,95 €/L","img":"https://fd9-photos.leclercdrive.fr/image.ashx?id=1948547&use=l&cat=p&typeid=i","cat":284595},{"id":1464,"n":"Rasoirs jetables Bic 1 Sensitive - x10","p":1.65,"u":"0,17 €/P","img":"https://fd9-photos.leclercdrive.fr/image.ashx?id=2218035&use=l&cat=p&typeid=i","cat":284616},{"id":1465,"n":"Rasoirs jetables Comfort 2 Bic x10","p":2.73,"u":"0,27 €/P","img":"https://fd9-photos.leclercdrive.fr/image.ashx?id=2984862&use=l&cat=p&typeid=i","cat":284616},{"id":1473,"n":"Gel à raser Carré Homme Hydratant 200ml","p":1.69,"u":"8,45 €/L","img":"https://fd9-photos.leclercdrive.fr/image.ashx?id=2704645&use=l&cat=p&typeid=i","cat":284617},{"id":1474,"n":"Rasoirs jetables Carré Homme 2 lames - x10","p":1.5,"u":"0,15 €/P","img":"https://fd9-photos.leclercdrive.fr/image.ashx?id=2042954&use=l&cat=p&typeid=i","cat":284616},{"id":1481,"n":"Dentifrice Dentamyl Protection caries - 75ml","p":0.73,"u":"9,73 €/L","img":"https://fd9-photos.leclercdrive.fr/image.ashx?id=2699129&use=l&cat=p&typeid=i","cat":284612},{"id":1482,"n":"Dentifrice enfant Dentamyl Fraise - 3-6 ans - 50ml","p":0.89,"u":"17,80 €/L","img":"https://fd9-photos.leclercdrive.fr/image.ashx?id=2075188&use=l&cat=p&typeid=i","cat":288898},{"id":1484,"n":"Brosse à dents junior Dentamyl 1 pièce","p":0.49,"img":"https://fd9-photos.leclercdrive.fr/image.ashx?id=827070&use=l&cat=p&typeid=i","cat":288897},{"id":1486,"n":"Brosse à dents enfant Dentamyl 2-6 ans x1","p":0.51,"img":"https://fd9-photos.leclercdrive.fr/image.ashx?id=1980485&use=l&cat=p&typeid=i","cat":288897},{"id":1488,"n":"Mouchoirs blancs 4 plis Caresse Mouchoirs papier Lotion x12","p":2.28,"u":"0,19 €/P","img":"https://fd9-photos.leclercdrive.fr/image.ashx?id=2006582&use=l&cat=p&typeid=i","cat":284638},{"id":1627,"n":"Lingettes bébé Mots d'Enfants Ultra-douces - x72","p":1.75,"u":"0,02 €/P","img":"https://fd9-photos.leclercdrive.fr/image.ashx?id=3015039&use=l&cat=p&typeid=i","cat":284738},{"id":1629,"n":"Lingettes bébé Mots d'Enfants Sensitive - x63","p":1.32,"u":"0,02 €/P","img":"https://fd9-photos.leclercdrive.fr/image.ashx?id=1878518&use=l&cat=p&typeid=i","cat":284738},{"id":1665,"n":"Feuilles blanches Esquisse A4 90g - 500 feuilles","p":5.9,"img":"https://fd9-photos.leclercdrive.fr/image.ashx?id=2943193&use=l&cat=p&typeid=i","cat":284697},{"id":1666,"n":"Feuilles blanches Esquisse A4 80g - 500 feuilles","p":4.49,"img":"https://fd9-photos.leclercdrive.fr/image.ashx?id=2943196&use=l&cat=p&typeid=i","cat":284697},{"id":1685,"n":"Piles alcalines Foxter D/LR20 - x2","p":1.99,"img":"https://fd9-photos.leclercdrive.fr/image.ashx?id=2162171&use=l&cat=p&typeid=i","cat":300572},{"id":1687,"n":"Pile alcaline Foxter 3LR12 4,5V - x1","p":2.27,"img":"https://fd9-photos.leclercdrive.fr/image.ashx?id=2162177&use=l&cat=p&typeid=i","cat":300572},{"id":1707,"n":"Eau déminéralisée Onyx 5L","p":1.45,"u":"0,29 €/L","img":"https://fd9-photos.leclercdrive.fr/image.ashx?id=2827050&use=l&cat=p&typeid=i","cat":284653},{"id":1729,"n":"Croquettes chiens Lydog poulet Petit chien - Poulet - 1kg","p":2.92,"u":"2,92 €/KG","img":"https://fd9-photos.leclercdrive.fr/image.ashx?id=1928380&use=l&cat=p&typeid=i","cat":294526},{"id":1730,"n":"Barquette chiens Lydog Au Saumon et Truite - 300g","p":1.45,"u":"4,83 €/KG","img":"https://fd9-photos.leclercdrive.fr/image.ashx?id=2042433&use=l&cat=p&typeid=i","cat":284673},{"id":1735,"n":"Croquettes chiens Tous Mes Amis Spécial Forme - 10kg","p":12.25,"u":"1,23 €/KG","img":"https://fd9-photos.leclercdrive.fr/image.ashx?id=1972608&use=l&cat=p&typeid=i","cat":284672},{"id":1751,"n":"Croquettes chat Purina One Adulte - Saumon/Céréales - 450g","p":2.48,"u":"5,51 €/KG","img":"https://fd9-photos.leclercdrive.fr/image.ashx?id=2683220&use=l&cat=p&typeid=i","cat":284680},{"id":1753,"n":"Croquettes chat Purina One Adulte - Saumon/Céréales -1.5kg","p":6.32,"u":"4,21 €/KG","img":"https://fd9-photos.leclercdrive.fr/image.ashx?id=2902268&use=l&cat=p&typeid=i","cat":284680},{"id":1754,"n":"Croquettes chat Purina One Adulte - Poulet/Céréales - 3kg","p":11.64,"u":"3,88 €/KG","img":"https://fd9-photos.leclercdrive.fr/image.ashx?id=2432007&use=l&cat=p&typeid=i","cat":284680},{"id":1755,"n":"Bouchées chiens Lydog Adulte - Boeuf - 4kg","p":7.49,"u":"1,87 €/KG","img":"https://fd9-photos.leclercdrive.fr/image.ashx?id=1936602&use=l&cat=p&typeid=i","cat":284672},{"id":1756,"n":"Emincés en sauce Tous mes amis pour chats -  800g","p":1.45,"u":"1,81 €/KG","img":"https://fd9-photos.leclercdrive.fr/image.ashx?id=2606798&use=l&cat=p&typeid=i","cat":285601},{"id":1762,"n":"Croquettes chat Tous mes amis Poulet légumes - 4kg","p":5.76,"u":"1,44 €/KG","img":"https://fd9-photos.leclercdrive.fr/image.ashx?id=2301406&use=l&cat=p&typeid=i","cat":284680},{"id":1763,"n":"Croquettes chat Tous mes amis Boeuf Poulet Légumes - 2kg","p":2.79,"u":"1,40 €/KG","img":"https://fd9-photos.leclercdrive.fr/image.ashx?id=2319049&use=l&cat=p&typeid=i","cat":284680},{"id":1764,"n":"Croquettes chat Tous mes amis Poulet dinde canard olive - 2kg","p":3.62,"u":"1,81 €/KG","img":"https://fd9-photos.leclercdrive.fr/image.ashx?id=2301400&use=l&cat=p&typeid=i","cat":284680},{"id":1765,"n":"Croquettes chat Tous mes amis Saumon & Légumes - 2kg","p":2.79,"u":"1,40 €/KG","img":"https://fd9-photos.leclercdrive.fr/image.ashx?id=2301394&use=l&cat=p&typeid=i","cat":284680},{"id":1767,"n":"Barquette chats Tous mes amis au Boeuf - 100g","p":0.61,"u":"6,10 €/KG","img":"https://fd9-photos.leclercdrive.fr/image.ashx?id=2042418&use=l&cat=p&typeid=i","cat":285286},{"id":1768,"n":"Barquette chats Tous mes amis à l'agneau - 100g","p":0.62,"u":"6,20 €/KG","img":"https://fd9-photos.leclercdrive.fr/image.ashx?id=2052760&use=l&cat=p&typeid=i","cat":285286},{"id":1769,"n":"Barquette chats Lycat au Foie et Volaille - 100g","p":0.59,"u":"5,90 €/KG","img":"https://fd9-photos.leclercdrive.fr/image.ashx?id=2042415&use=l&cat=p&typeid=i","cat":285286},{"id":1770,"n":"Barquette chats Tous mes amis au Saumon 100g","p":0.58,"u":"5,80 €/KG","img":"https://fd9-photos.leclercdrive.fr/image.ashx?id=2042412&use=l&cat=p&typeid=i","cat":285286},{"id":1771,"n":"Terrines chats Tous mes amis Délices Multi-viandes - 3x400g","p":3.22,"u":"2,68 €/KG","img":"https://fd9-photos.leclercdrive.fr/image.ashx?id=1671538&use=l&cat=p&typeid=i","cat":285601},{"id":1772,"n":"Sachet repas chat Tous mes amis Poissons en gelée - 12x100g","p":3.65,"u":"3,04 €/KG","img":"https://fd9-photos.leclercdrive.fr/image.ashx?id=2027592&use=l&cat=p&typeid=i","cat":285286},{"id":1775,"n":"Litière minérale Catsan Hygiène plus pour chat - 10L","p":5.09,"u":"0,51 €/L","img":"https://fd9-photos.leclercdrive.fr/image.ashx?id=2692677&use=l&cat=p&typeid=i","cat":284683},{"id":1776,"n":"Litière chats Eco+ 7L","p":1.2,"u":"0,17 €/L","img":"https://fd9-photos.leclercdrive.fr/image.ashx?id=2757509&use=l&cat=p&typeid=i","cat":284683},{"id":1786,"n":"Blocs WC Syphon Activ' effect Fraîcheur marine x3","p":1.22,"u":"0,41 €/P","img":"https://fd9-photos.leclercdrive.fr/image.ashx?id=1858481&use=l&cat=p&typeid=i","cat":284662},{"id":1795,"n":"Lingettes nettoyantes Clair Multi-surfaces citron x50","p":1.38,"u":"0,03 €/P","img":"https://fd9-photos.leclercdrive.fr/image.ashx?id=2379834&use=l&cat=p&typeid=i","cat":325358},{"id":1798,"n":"Eponges Multi-usages Mamison grattantes - x3","p":0.89,"u":"0,30 €/P","img":"https://fd9-photos.leclercdrive.fr/image.ashx?id=2202341&use=l&cat=p&typeid=i","cat":284667},{"id":1799,"n":"Haricots verts Notre Jardin Très fins - 3x110g","p":1.83,"u":"5,55 €/KG","img":"https://fd9-photos.leclercdrive.fr/image.ashx?id=2537355&use=l&cat=p&typeid=i","cat":312606},{"id":1800,"n":"Lingettes nettoyantes Clair Muguet x50","p":1.72,"u":"0,03 €/P","img":"https://fd9-photos.leclercdrive.fr/image.ashx?id=1735014&use=l&cat=p&typeid=i","cat":325358},{"id":1801,"n":"Boules inox Mamison x2","p":0.44,"img":"https://fd9-photos.leclercdrive.fr/image.ashx?id=555602&use=l&cat=p&typeid=i","cat":284667},{"id":1802,"n":"Insecticide Insectivor cafards Fourmis araignées 400ml","p":2.49,"u":"6,23 €/L","img":"https://fd9-photos.leclercdrive.fr/image.ashx?id=1929304&use=l&cat=p&typeid=i","cat":298368},{"id":1804,"n":"Asperges vertes miniatures  Notre Jardin - 100g","p":1.49,"u":"14,90 €/KG","img":"https://fd9-photos.leclercdrive.fr/image.ashx?id=2591515&use=l&cat=p&typeid=i","cat":312611},{"id":1806,"n":"Insecticide Insectivor guêpes Mouches moustiques - 400ml","p":2.22,"u":"5,55 €/L","img":"https://fd9-photos.leclercdrive.fr/image.ashx?id=1875479&use=l&cat=p&typeid=i","cat":298368},{"id":1810,"n":"Gel nettoyant wc Syphon 750ml","p":1.03,"u":"1,37 €/L","img":"https://fd9-photos.leclercdrive.fr/image.ashx?id=2558775&use=l&cat=p&typeid=i","cat":284662},{"id":1812,"n":"Gel nettoyant wc Syphon 750ml","p":0.66,"u":"0,88 €/L","img":"https://fd9-photos.leclercdrive.fr/image.ashx?id=2067935&use=l&cat=p&typeid=i","cat":284662},{"id":1816,"n":"Déboucheur canalisations Syphon Gel 1L","p":1.39,"u":"1,39 €/L","img":"https://fd9-photos.leclercdrive.fr/image.ashx?id=2202347&use=l&cat=p&typeid=i","cat":284908},{"id":1821,"n":"Confiture Bonne Maman Figues violettes - 370g","p":1.9,"u":"5,14 €/KG","img":"https://fd9-photos.leclercdrive.fr/image.ashx?id=2547477&use=l&cat=p&typeid=i","cat":284480},{"id":1822,"n":"Confiture Bonne Maman Myrtilles - 370g","p":3.0,"u":"8,11 €/KG","img":"https://fd9-photos.leclercdrive.fr/image.ashx?id=2132361&use=l&cat=p&typeid=i","cat":284480},{"id":1825,"n":"Confiture Bonne Maman Cerises griottes - 370g","p":2.39,"u":"6,46 €/KG","img":"https://fd9-photos.leclercdrive.fr/image.ashx?id=2474981&use=l&cat=p&typeid=i","cat":284480},{"id":1826,"n":"Confiture Douceur du Verger Abricots - Allégée - 340g","p":1.14,"u":"3,35 €/KG","img":"https://fd9-photos.leclercdrive.fr/image.ashx?id=2965437&use=l&cat=p&typeid=i","cat":284480},{"id":1828,"n":"Confiture Bonne Maman Framboises - 370g","p":2.46,"u":"6,65 €/KG","img":"https://fd9-photos.leclercdrive.fr/image.ashx?id=2544807&use=l&cat=p&typeid=i","cat":284480},{"id":1832,"n":"Confiture Bonne Maman Oranges amères 370g","p":1.4,"u":"3,78 €/KG","img":"https://fd9-photos.leclercdrive.fr/image.ashx?id=2559184&use=l&cat=p&typeid=i","cat":284480},{"id":1833,"n":"Confiture Douceur du Verger Fraises - 340g","p":1.05,"u":"3,09 €/KG","img":"https://fd9-photos.leclercdrive.fr/image.ashx?id=2965428&use=l&cat=p&typeid=i","cat":284480},{"id":1845,"n":"Barres de céréales Frosties Kellogg's - 6x25g","p":1.8,"u":"12,00 €/KG","img":"https://fd9-photos.leclercdrive.fr/image.ashx?id=2300062&use=l&cat=p&typeid=i","cat":285869},{"id":1846,"n":"Compote Douceur du Verger Gourdes Pomme Fraise - 4x90g","p":1.39,"u":"3,86 €/KG","img":"https://fd9-photos.leclercdrive.fr/image.ashx?id=1964942&use=l&cat=p&typeid=i","cat":284508},{"id":1847,"n":"Barres céréales Fitness Nestlé Chocolat - 6x23.5g","p":1.94,"u":"13,76 €/KG","img":"https://fd9-photos.leclercdrive.fr/image.ashx?id=2947009&use=l&cat=p&typeid=i","cat":285869},{"id":1850,"n":"Chocolat au lait Tablette d'Or Céréales croustillantes 2x100g","p":2.01,"u":"10,05 €/KG","img":"https://fd9-photos.leclercdrive.fr/image.ashx?id=2555952&use=l&cat=p&typeid=i","cat":284497},{"id":1851,"n":"Chocolat au lait Tablette d'Or 3x100g","p":3.13,"u":"10,43 €/KG","img":"https://fd9-photos.leclercdrive.fr/image.ashx?id=2771508&use=l&cat=p&typeid=i","cat":284497},{"id":1864,"n":"Chocolat Tablette d'Or Noir amandes entières 200g","p":1.84,"u":"9,20 €/KG","img":"https://fd9-photos.leclercdrive.fr/image.ashx?id=1979890&use=l&cat=p&typeid=i","cat":284956},{"id":1867,"n":"Chocolat au lait Tablette d'Or Noisettes entières - 200g","p":2.31,"u":"11,55 €/KG","img":"https://fd9-photos.leclercdrive.fr/image.ashx?id=3005531&use=l&cat=p&typeid=i","cat":284497},{"id":1870,"n":"Tablette de chocolat Equador Noir 85% cacao - 100g","p":1.53,"u":"15,30 €/KG","img":"https://fd9-photos.leclercdrive.fr/image.ashx?id=2368512&use=l&cat=p&typeid=i","cat":284956},{"id":1871,"n":"Céréales mini-pack Kellogg's Multi-variétés - 215g","p":2.83,"u":"13,16 €/KG","img":"https://fd9-photos.leclercdrive.fr/image.ashx?id=3014467&use=l&cat=p&typeid=i","cat":309513},{"id":1872,"n":"Pâte à tartiner Nustikao Gressins 3x60g","p":1.8,"u":"10,00 €/KG","img":"https://fd9-photos.leclercdrive.fr/image.ashx?id=2440703&use=l&cat=p&typeid=i","cat":284488},{"id":1873,"n":"Petits pains grillés Epi d'Or Complet - 225g","p":0.89,"u":"3,96 €/KG","img":"https://fd9-photos.leclercdrive.fr/image.ashx?id=2448861&use=l&cat=p&typeid=i","cat":284479},{"id":1874,"n":"Chocolat Tablette d'Or Noir noisettes entières 200g","p":2.05,"u":"10,25 €/KG","img":"https://fd9-photos.leclercdrive.fr/image.ashx?id=2582516&use=l&cat=p&typeid=i","cat":284956},{"id":1878,"n":"Compote Douceur du Verger Coupelle pomme pêche - 4x100g","p":1.19,"u":"2,98 €/KG","img":"https://fd9-photos.leclercdrive.fr/image.ashx?id=2663464&use=l&cat=p&typeid=i","cat":284508},{"id":1883,"n":"Compote Douceur du Verger Gourdes Pomme Banane - 4x90g","p":1.59,"u":"4,42 €/KG","img":"https://fd9-photos.leclercdrive.fr/image.ashx?id=2837027&use=l&cat=p&typeid=i","cat":284508},{"id":1884,"n":"Compote Douceur du Verger Gourdes Pomme - 4x90g","p":0.99,"u":"2,75 €/KG","img":"https://fd9-photos.leclercdrive.fr/image.ashx?id=2837018&use=l&cat=p&typeid=i","cat":284508},{"id":1885,"n":"Haricots verts Notre Jardin Extra fins - 440g","p":2.58,"u":"5,86 €/KG","img":"https://fd9-photos.leclercdrive.fr/image.ashx?id=2050618&use=l&cat=p&typeid=i","cat":312606},{"id":1886,"n":"Petits pois Notre Jardin A l'étuvée - Extra fins - 560g","p":1.29,"u":"2,30 €/KG","img":"https://fd9-photos.leclercdrive.fr/image.ashx?id=2526267&use=l&cat=p&typeid=i","cat":312607},{"id":1887,"n":"Champignons Paris Notre Jardin Pieds et morceaux - 3x115g","p":1.99,"u":"5,77 €/KG","img":"https://fd9-photos.leclercdrive.fr/image.ashx?id=2623583&use=l&cat=p&typeid=i","cat":312610},{"id":1888,"n":"Flageolets verts Notre Jardin Extra fins - 530g","p":1.29,"u":"2,43 €/KG","img":"https://fd9-photos.leclercdrive.fr/image.ashx?id=2468819&use=l&cat=p&typeid=i","cat":312606},{"id":1889,"n":"Macédoine légumes Notre Jardin 3x130g","p":1.75,"u":"4,49 €/KG","img":"https://fd9-photos.leclercdrive.fr/image.ashx?id=2537349&use=l&cat=p&typeid=i","cat":312612},{"id":1890,"n":"Choux Bruxelles Notre Jardin 265g","p":1.29,"u":"4,87 €/KG","img":"https://fd9-photos.leclercdrive.fr/image.ashx?id=2050609&use=l&cat=p&typeid=i","cat":312612},{"id":1893,"n":"Sardines Pêche Océan Huile d'olive - 135g","p":1.19,"u":"8,81 €/KG","img":"https://fd9-photos.leclercdrive.fr/image.ashx?id=2550375&use=l&cat=p&typeid=i","cat":305146},{"id":1895,"n":"Foie de morue Connétable MSC - Fumé - 121g","p":2.2,"u":"18,18 €/KG","img":"https://fd9-photos.leclercdrive.fr/image.ashx?id=2804454&use=l&cat=p&typeid=i","cat":305147},{"id":1897,"n":"Pâté NRT Campagne porc breton - 200g","p":1.91,"u":"9,55 €/KG","img":"https://fd9-photos.leclercdrive.fr/image.ashx?id=2560494&use=l&cat=p&typeid=i","cat":305149},{"id":1898,"n":"Cassoulet Côté Table 840g","p":2.19,"u":"2,61 €/KG","img":"https://fd9-photos.leclercdrive.fr/image.ashx?id=2977096&use=l&cat=p&typeid=i","cat":284440},{"id":1901,"n":"Taboulé Côté Table Etui 730g","p":1.87,"u":"2,56 €/KG","img":"https://fd9-photos.leclercdrive.fr/image.ashx?id=2977093&use=l&cat=p&typeid=i","cat":325094},{"id":1902,"n":"Chips à l'ancienne Pom'Lisse Nature - 150g","p":1.04,"u":"6,93 €/KG","img":"https://fd9-photos.leclercdrive.fr/image.ashx?id=2441114&use=l&cat=p&typeid=i","cat":284447},{"id":1903,"n":"Saucisses cocktail Tokapi  240g","p":1.95,"u":"8,13 €/KG","img":"https://fd9-photos.leclercdrive.fr/image.ashx?id=2943614&use=l&cat=p&typeid=i","cat":284450},{"id":1906,"n":"Huile de tournesol Lesieur  1L","p":2.63,"u":"2,63 €/L","img":"https://fd9-photos.leclercdrive.fr/image.ashx?id=2916839&use=l&cat=p&typeid=i","cat":284453},{"id":1909,"n":"Olives vertes Rustica Entières - 200g","p":1.24,"u":"6,20 €/KG","img":"https://fd9-photos.leclercdrive.fr/image.ashx?id=2499073&use=l&cat=p&typeid=i","cat":284458},{"id":1913,"n":"Pâtes Barilla Coquillettes - 500g","p":0.94,"u":"1,88 €/KG","img":"https://fd9-photos.leclercdrive.fr/image.ashx?id=2392218&use=l&cat=p&typeid=i","cat":284427},{"id":1925,"n":"Petits beurre P'tit Déli x24 - 200g","p":0.95,"u":"4,75 €/KG","img":"https://fd9-photos.leclercdrive.fr/image.ashx?id=1898886&use=l&cat=p&typeid=i","cat":284487},{"id":1935,"n":"Café Soluble Nescafé Sélection - 200g","p":6.15,"u":"30,75 €/KG","img":"https://fd9-photos.leclercdrive.fr/image.ashx?id=2968847&use=l&cat=p&typeid=i","cat":284843},{"id":1937,"n":"Filtre à café Plantation n°4 - x80 + 1 détartrant","p":1.33,"u":"0,02 €/P","img":"https://fd9-photos.leclercdrive.fr/image.ashx?id=1695780&use=l&cat=p&typeid=i","cat":284751},{"id":1939,"n":"Infusion Tiséa verveine menthe x25","p":0.92,"u":"23,00 €/KG","img":"https://fd9-photos.leclercdrive.fr/image.ashx?id=2441102&use=l&cat=p&typeid=i","cat":293234},{"id":1942,"n":"Chocolat en poudre Nesquik Boîte 1kg","p":6.4,"u":"6,40 €/KG","img":"https://fd9-photos.leclercdrive.fr/image.ashx?id=2493805&use=l&cat=p&typeid=i","cat":293235},{"id":1943,"n":"Confiture Bonne Maman Fraises - 750g","p":3.38,"u":"4,51 €/KG","img":"https://fd9-photos.leclercdrive.fr/image.ashx?id=2906073&use=l&cat=p&typeid=i","cat":284480},{"id":1955,"n":"Farine de blé T45 Tablier Blanc 1kg","p":0.69,"u":"0,69 €/KG","img":"https://fd9-photos.leclercdrive.fr/image.ashx?id=2832625&use=l&cat=p&typeid=i","cat":284503},{"id":1956,"n":"Compote Douceur du Verger Coupelle pomme banane - 4x100g","p":1.3,"u":"3,25 €/KG","img":"https://fd9-photos.leclercdrive.fr/image.ashx?id=3014344&use=l&cat=p&typeid=i","cat":284508},{"id":1961,"n":"Tablette de chocolat Equador Noir 72% cacao 100g","p":1.39,"u":"13,90 €/KG","img":"https://fd9-photos.leclercdrive.fr/image.ashx?id=2638497&use=l&cat=p&typeid=i","cat":284956},{"id":1962,"n":"Tablette de Chocolat Blanc Galak - 2x100g","p":2.87,"u":"14,35 €/KG","img":"https://fd9-photos.leclercdrive.fr/image.ashx?id=2769618&use=l&cat=p&typeid=i","cat":284957},{"id":1972,"n":"Eau minérale gazeuse Perrier  Bouteilles en verre 8x20cl","p":3.23,"u":"2,02 €/L","img":"https://fd9-photos.leclercdrive.fr/image.ashx?id=2587551&use=l&cat=p&typeid=i","cat":284536},{"id":1975,"n":"Sirop Frucci Menthe - 75cl","p":1.85,"u":"2,47 €/L","img":"https://fd9-photos.leclercdrive.fr/image.ashx?id=2842208&use=l&cat=p&typeid=i","cat":295020},{"id":1980,"n":"Pur Jus d'ananas Jafaden Brique élopack 1L","p":2.09,"u":"2,09 €/L","img":"https://fd9-photos.leclercdrive.fr/image.ashx?id=2955683&use=l&cat=p&typeid=i","cat":284916},{"id":1984,"n":"Thé glacé Fresh Tea Pêche - 2L","p":1.69,"u":"0,85 €/L","img":"https://fd9-photos.leclercdrive.fr/image.ashx?id=2715281&use=l&cat=p&typeid=i","cat":295019},{"id":1990,"n":"Scotch Whisky Label 5 40%vol - 70cl","p":12.81,"u":"18,30 €/L","img":"https://fd9-photos.leclercdrive.fr/image.ashx?id=2639468&use=l&cat=p&typeid=i","cat":284547},{"id":1994,"n":"Whisky J&B Rare 40%vol - 70cl","p":14.82,"u":"21,17 €/L","img":"https://fd9-photos.leclercdrive.fr/image.ashx?id=2301028&use=l&cat=p&typeid=i","cat":284547},{"id":1995,"n":"Whisky Ballantine's Finest Blended Scotch 40% vol - 70cl","p":15.4,"pp":14.4,"u":"20,57 €/L","img":"https://fd9-photos.leclercdrive.fr/image.ashx?id=2981298&use=l&cat=p&typeid=i","cat":284547},{"id":1997,"n":"Whisky Clan Campbell Blended Scotch 40% vol - 70cl","p":14.99,"u":"21,41 €/L","img":"https://fd9-photos.leclercdrive.fr/image.ashx?id=2868365&use=l&cat=p&typeid=i","cat":284547},{"id":2001,"n":"Pastis Ricard Anisé 45% vol - 1L","p":19.89,"pp":18.89,"u":"18,89 €/L","img":"https://fd9-photos.leclercdrive.fr/image.ashx?id=2947820&use=l&cat=p&typeid=i","cat":284548},{"id":2002,"n":"Pastis de Marseille Vivalis 45%vol - 1L","p":17.02,"u":"17,02 €/L","img":"https://fd9-photos.leclercdrive.fr/image.ashx?id=2590400&use=l&cat=p&typeid=i","cat":284548},{"id":2003,"n":"Vodka premium Eristoff Original 37,5° - 70cl","p":12.87,"u":"18,39 €/L","img":"https://fd9-photos.leclercdrive.fr/image.ashx?id=2850734&use=l&cat=p&typeid=i","cat":284550},{"id":2006,"n":"Vodka Novotna  Pure grain 37.5%vol - 70cl","p":10.47,"u":"14,96 €/L","img":"https://fd9-photos.leclercdrive.fr/image.ashx?id=1654441&use=l&cat=p&typeid=i","cat":284550},{"id":2010,"n":"Rhum blanc Old Nick  40%vol - 70cl","p":10.46,"u":"14,94 €/L","img":"https://fd9-photos.leclercdrive.fr/image.ashx?id=2483747&use=l&cat=p&typeid=i","cat":284550},{"id":2012,"n":"Rhum ambré Negrita 40%vol - 1L","p":13.06,"u":"13,06 €/L","img":"https://fd9-photos.leclercdrive.fr/image.ashx?id=2519633&use=l&cat=p&typeid=i","cat":284550},{"id":2019,"n":"Sucre de canne Lagoa 70cl","p":1.65,"u":"2,36 €/L","img":"https://fd9-photos.leclercdrive.fr/image.ashx?id=2966472&use=l&cat=p&typeid=i","cat":284551},{"id":2021,"n":"Apéritif Suze L'Originale 15% vol - 1L","p":9.89,"pp":8.89,"u":"8,89 €/L","img":"https://fd9-photos.leclercdrive.fr/image.ashx?id=2914462&use=l&cat=p&typeid=i","cat":284913},{"id":2025,"n":"Muscat de Rivesaltes G. d'Arria 15.5%vol - 75cl","p":4.99,"u":"6,65 €/L","img":"https://fd9-photos.leclercdrive.fr/image.ashx?id=2974741&use=l&cat=p&typeid=i","cat":284913},{"id":2028,"n":"AOP Bordeaux rouge Baron de Lestac - 75cl","p":3.84,"u":"5,12 €/L","img":"https://fd9-photos.leclercdrive.fr/image.ashx?id=2471148&use=l&cat=p&typeid=i","cat":289556},{"id":2029,"n":"AOP Bordeaux rouge Malesan - 75 cl","p":4.63,"u":"6,17 €/L","img":"https://fd9-photos.leclercdrive.fr/image.ashx?id=2917432&use=l&cat=p&typeid=i","cat":289556},{"id":2045,"n":"IGP Pays d'Oc vin rouge Vieux Carion 12.5% vol -75 cl","p":2.25,"u":"3,00 €/L","img":"https://fd9-photos.leclercdrive.fr/image.ashx?id=2457662&use=l&cat=p&typeid=i","cat":289556},{"id":2049,"n":"IGP Pays d'Oc Gris vin rosé Rives & Terrasses - 75cl -12,5%","p":2.89,"u":"3,85 €/L","img":"https://fd9-photos.leclercdrive.fr/image.ashx?id=2586363&use=l&cat=p&typeid=i","cat":289558},{"id":2051,"n":"IGP Pays d'Oc Syrah vin rosé Vieux Carion 12.5% vol -75 cl","p":2.25,"u":"3,00 €/L","img":"https://fd9-photos.leclercdrive.fr/image.ashx?id=1887175&use=l&cat=p&typeid=i","cat":289558},{"id":2058,"n":"IGP Pays d'Oc Sauvignon Blanc Vieux Carion 12% vol -75 cl","p":2.25,"u":"3,00 €/L","img":"https://fd9-photos.leclercdrive.fr/image.ashx?id=2440709&use=l&cat=p&typeid=i","cat":289557},{"id":2072,"n":"AOP Champagne Mumm Cordon Rouge Brut 12% vol - 75cl","p":28.9,"pp":27.9,"u":"37,20 €/L","img":"https://fd9-photos.leclercdrive.fr/image.ashx?id=3011005&use=l&cat=p&typeid=i","cat":284542},{"id":2073,"n":"AOC Champagne brut rosé Pol Carson - 75cl","p":19.95,"u":"26,60 €/L","img":"https://fd9-photos.leclercdrive.fr/image.ashx?id=1703881&use=l&cat=p&typeid=i","cat":284542},{"id":2075,"n":"AOP Champagne brut Pol Carson - 75cl","p":17.99,"u":"23,99 €/L","img":"https://fd9-photos.leclercdrive.fr/image.ashx?id=2909843&use=l&cat=p&typeid=i","cat":284542},{"id":2078,"n":"Pétillant Gibus pomme Sans alcool 75cl","p":2.31,"u":"3,08 €/L","img":"https://fd9-photos.leclercdrive.fr/image.ashx?id=1887586&use=l&cat=p&typeid=i","cat":289460},{"id":2079,"n":"Cidre bouché Les Goelleries Breton doux 2%vol. - 75cl","p":2.12,"u":"2,83 €/L","img":"https://fd9-photos.leclercdrive.fr/image.ashx?id=2842187&use=l&cat=p&typeid=i","cat":334880},{"id":2081,"n":"AOC Blanquette Limoux Aimery Brut - 75cl","p":6.07,"u":"8,09 €/L","img":"https://fd9-photos.leclercdrive.fr/image.ashx?id=2517324&use=l&cat=p&typeid=i","cat":284545},{"id":2087,"n":"Jus de pomme pétillant Champomy L'Original Pomme - 75cl","p":2.66,"u":"3,55 €/L","img":"https://fd9-photos.leclercdrive.fr/image.ashx?id=2688683&use=l&cat=p&typeid=i","cat":289460},{"id":2090,"n":"Emmental fromage bloc Les Croisés - 500g","p":4.19,"u":"8,38 €/KG","img":"https://fd9-photos.leclercdrive.fr/image.ashx?id=2897769&use=l&cat=p&typeid=i","cat":314034},{"id":2095,"n":"Emmental Fromage râpé Les Croisés - 3x70g","p":1.89,"u":"9,00 €/KG","img":"https://fd9-photos.leclercdrive.fr/image.ashx?id=2919595&use=l&cat=p&typeid=i","cat":314035},{"id":2104,"n":"Mousse à la liégeoise Délisse Chocolat - 8x80g","p":2.35,"u":"3,67 €/KG","img":"https://fd9-photos.leclercdrive.fr/image.ashx?id=3009490&use=l&cat=p&typeid=i","cat":284417},{"id":2108,"n":"Lait entier Délisse UHT - Brique : 1L","p":1.08,"u":"1,08 €/L","img":"https://fd9-photos.leclercdrive.fr/image.ashx?id=2981819&use=l&cat=p&typeid=i","cat":285610},{"id":2111,"n":"Beurre Extra fin Les Croisés Doux - 82% MG - 250g","p":2.35,"u":"9,40 €/KG","img":"https://fd9-photos.leclercdrive.fr/image.ashx?id=2791221&use=l&cat=p&typeid=i","cat":284379},{"id":2112,"n":"Sauce Béchamel Bridélice 3x20cl","p":3.07,"u":"5,12 €/L","img":"https://fd9-photos.leclercdrive.fr/image.ashx?id=2888458&use=l&cat=p&typeid=i","cat":284382},{"id":2121,"n":"Carottes râpées Menu Fraîcheur  Assaisonnées - 300g","p":0.71,"u":"2,37 €/KG","img":"https://fd9-photos.leclercdrive.fr/image.ashx?id=2552403&use=l&cat=p&typeid=i","cat":333657},{"id":2125,"n":"Tagliatelle fraîche Turini 350g","p":1.24,"u":"3,54 €/KG","img":"https://fd9-photos.leclercdrive.fr/image.ashx?id=2846514&use=l&cat=p&typeid=i","cat":333682},{"id":2126,"n":"Pâte brisée Tablier Blanc Prête à dérouler - 230g","p":0.65,"u":"2,83 €/KG","img":"https://fd9-photos.leclercdrive.fr/image.ashx?id=2922385&use=l&cat=p&typeid=i","cat":333681},{"id":2128,"n":"Bâtonnets Surimi Pêche Océan MSC - x12 - 200g","p":1.38,"u":"6,90 €/KG","img":"https://fd9-photos.leclercdrive.fr/image.ashx?id=2981837&use=l&cat=p&typeid=i","cat":285189},{"id":2130,"n":"Filets d'anchois Pêche Océan Huile d'olive - 50g","p":1.36,"u":"27,20 €/KG","img":"https://fd9-photos.leclercdrive.fr/image.ashx?id=2992498&use=l&cat=p&typeid=i","cat":285190},{"id":2139,"n":"Gants jetables Mamison latex T7 x10","p":1.33,"img":"https://fd9-photos.leclercdrive.fr/image.ashx?id=2742688&use=l&cat=p&typeid=i","cat":284668},{"id":2141,"n":"Crème nettoyante Clair 3en1 - 750ml","p":1.44,"u":"1,92 €/L","img":"https://fd9-photos.leclercdrive.fr/image.ashx?id=2363534&use=l&cat=p&typeid=i","cat":325357},{"id":2175,"n":"Sucre cristal Saint Louis Sachet 1 kg","p":2.12,"u":"2,12 €/KG","img":"https://fd9-photos.leclercdrive.fr/image.ashx?id=2624245&use=l&cat=p&typeid=i","cat":284502},{"id":2187,"n":"Mascarpone Les Croisés - 250g","p":1.78,"u":"7,12 €/KG","img":"https://fd9-photos.leclercdrive.fr/image.ashx?id=2992507&use=l&cat=p&typeid=i","cat":314026},{"id":2192,"n":"Papier aluminium Elembal 50m","p":4.35,"img":"https://fd9-photos.leclercdrive.fr/image.ashx?id=1732760&use=l&cat=p&typeid=i","cat":334134},{"id":2194,"n":"Sacs congélation Elembal Moyen modèle x50","p":1.08,"img":"https://fd9-photos.leclercdrive.fr/image.ashx?id=2257205&use=l&cat=p&typeid=i","cat":334134},{"id":2195,"n":"Sacs poubelle 30L Elembal Poignées coulissantes - x20","p":2.11,"u":"0,11 €/P","img":"https://fd9-photos.leclercdrive.fr/image.ashx?id=1959157&use=l&cat=p&typeid=i","cat":285168},{"id":2198,"n":"Cassoulet La Belle Chaurienne Porc 4/4 840g","p":4.82,"u":"5,74 €/KG","img":"https://fd9-photos.leclercdrive.fr/image.ashx?id=2837355&use=l&cat=p&typeid=i","cat":284440},{"id":2200,"n":"Muffins nature Epi d'Or x4 - 250g","p":1.58,"u":"6,32 €/KG","img":"https://fd9-photos.leclercdrive.fr/image.ashx?id=1944096&use=l&cat=p&typeid=i","cat":284985},{"id":2224,"n":"Boisson lactée Candy'UP Chocolat - 6x20cl","p":2.65,"u":"2,21 €/L","img":"https://fd9-photos.leclercdrive.fr/image.ashx?id=2485635&use=l&cat=p&typeid=i","cat":295246},{"id":2239,"n":"Gélatine alimentaire Vahiné 9 feuilles - 17g","p":1.2,"u":"70,59 €/KG","img":"https://fd9-photos.leclercdrive.fr/image.ashx?id=2876305&use=l&cat=p&typeid=i","cat":284504},{"id":2244,"n":"Démaquillant Diadermine Yeux douceur 125 ml","p":1.99,"u":"16,58 €/L","img":"https://fd9-photos.leclercdrive.fr/image.ashx?id=2334935&use=l&cat=p&typeid=i","cat":284603},{"id":2257,"n":"Crème Hydratante Soft Nivea Visage Corps Mains - 75ml","p":1.56,"u":"22,29 €/L","img":"https://fd9-photos.leclercdrive.fr/image.ashx?id=3005215&use=l&cat=p&typeid=i","cat":325350},{"id":2259,"n":"Crème Hydratante Soft Nivea Visage Corps Mains - 200ml","p":2.82,"u":"14,10 €/L","img":"https://fd9-photos.leclercdrive.fr/image.ashx?id=3014608&use=l&cat=p&typeid=i","cat":325350},{"id":2276,"n":"Antiseptique Mercurochrome Incolore spray - 100ml","p":2.83,"u":"28,30 €/L","img":"https://fd9-photos.leclercdrive.fr/image.ashx?id=2662268&use=l&cat=p&typeid=i","cat":284630},{"id":2277,"n":"Gel lubrifiant Intimy Classic - 70ml","p":3.48,"u":"49,71 €/L","img":"https://fd9-photos.leclercdrive.fr/image.ashx?id=2927330&use=l&cat=p&typeid=i","cat":285160},{"id":2317,"n":"Mousse Coiffante Franck Provost Cheveux Bouclés - 200ml","p":4.4,"u":"22,00 €/L","img":"https://fd9-photos.leclercdrive.fr/image.ashx?id=2575606&use=l&cat=p&typeid=i","cat":284609},{"id":2338,"n":"Lotion Après-Rasage Mennen Apaisante - 125ml","p":3.56,"u":"28,48 €/L","img":"https://fd9-photos.leclercdrive.fr/image.ashx?id=2469620&use=l&cat=p&typeid=i","cat":288147},{"id":2438,"n":"Eponges Spontex grattantes Stop-graisse x2","p":1.3,"u":"0,65 €/P","img":"https://fd9-photos.leclercdrive.fr/image.ashx?id=2973078&use=l&cat=p&typeid=i","cat":284667},{"id":2479,"n":"Après-rasage Brut original 100ml","p":3.06,"u":"30,60 €/L","img":"https://fd9-photos.leclercdrive.fr/image.ashx?id=2061777&use=l&cat=p&typeid=i","cat":288147},{"id":2484,"n":"Dentifrice Signal Haleine Pure 75ml","p":1.27,"u":"16,93 €/L","img":"https://fd9-photos.leclercdrive.fr/image.ashx?id=1984459&use=l&cat=p&typeid=i","cat":284612},{"id":2504,"n":"Levure de bière Gerblé à saupoudrer - 150g","p":2.33,"u":"15,53 €/KG","img":"https://fd9-photos.leclercdrive.fr/image.ashx?id=2575036&use=l&cat=p&typeid=i","cat":288382},{"id":2505,"n":"Crème au chocolat GERLINEA   Repas minceur - 3x210g","p":4.34,"u":"6,89 €/KG","img":"https://fd9-photos.leclercdrive.fr/image.ashx?id=2653450&use=l&cat=p&typeid=i","cat":318652},{"id":2506,"n":"Coupelle crème Gerlinea Vanille caramel -  3x210g","p":4.44,"u":"7,05 €/KG","img":"https://fd9-photos.leclercdrive.fr/image.ashx?id=2653453&use=l&cat=p&typeid=i","cat":318652},{"id":2510,"n":"Biscuits soja figue GERBLE   - 4x4, 270g","p":2.01,"u":"7,44 €/KG","img":"https://fd9-photos.leclercdrive.fr/image.ashx?id=2812720&use=l&cat=p&typeid=i","cat":318651},{"id":2511,"n":"Biscuits diététiques Gerblé Soja Orange - 280g","p":1.39,"u":"4,96 €/KG","img":"https://fd9-photos.leclercdrive.fr/image.ashx?id=2623166&use=l&cat=p&typeid=i","cat":318651},{"id":2525,"n":"Cerneaux noix Couleurs Vives 125g","p":1.78,"u":"14,83 €/KG","img":"https://fd9-photos.leclercdrive.fr/image.ashx?id=2149667&use=l&cat=p&typeid=i","cat":284357},{"id":2530,"n":"Salade Notre Jardin Mâche - 125g","p":0.95,"u":"7,60 €/KG","img":"https://fd9-photos.leclercdrive.fr/image.ashx?id=2096649&use=l&cat=p&typeid=i","cat":284353},{"id":2531,"n":"Salade Notre Jardin Coeurs de laitue - 200g","p":0.99,"u":"4,95 €/KG","img":"https://fd9-photos.leclercdrive.fr/image.ashx?id=2686323&use=l&cat=p&typeid=i","cat":284353},{"id":2532,"n":"Laitue Iceberg Notre Jardin 300g","p":0.89,"u":"2,97 €/KG","img":"https://fd9-photos.leclercdrive.fr/image.ashx?id=2096652&use=l&cat=p&typeid=i","cat":284353},{"id":2571,"n":"Gel Coiffant L'Oréal Paris Ultra Fixant 24H - 150ml","p":3.48,"u":"23,20 €/L","img":"https://fd9-photos.leclercdrive.fr/image.ashx?id=2576163&use=l&cat=p&typeid=i","cat":284609},{"id":2588,"n":"Eau minérale Thonon 6x1.5L","p":2.76,"u":"0,31 €/L","img":"https://fd9-photos.leclercdrive.fr/image.ashx?id=2915557&use=l&cat=p&typeid=i","cat":284535},{"id":2612,"n":"Lait demi-écrémé UHT Délisse  Brique - 6x1L","p":5.94,"u":"0,99 €/L","img":"https://fd9-photos.leclercdrive.fr/image.ashx?id=2970539&use=l&cat=p&typeid=i","cat":284377},{"id":2613,"n":"Lait demi-écrémé UHT Délisse Bouteille - 6x1L","p":6.3,"u":"1,05 €/L","img":"https://fd9-photos.leclercdrive.fr/image.ashx?id=2970533&use=l&cat=p&typeid=i","cat":284377},{"id":2616,"n":"Lait entier Délisse UHT - Brique : 6x1L","p":6.48,"u":"1,08 €/L","img":"https://fd9-photos.leclercdrive.fr/image.ashx?id=2970548&use=l&cat=p&typeid=i","cat":285610},{"id":2619,"n":"Lait bio Bio Village Bouteille  Demi-écrémé UHT -  6x1L","p":6.48,"u":"1,08 €/L","img":"https://fd9-photos.leclercdrive.fr/image.ashx?id=2969997&use=l&cat=p&typeid=i","cat":284377},{"id":2623,"n":"Joker Pur Jus Engagé  Multifruits - 1L","p":2.3,"u":"2,30 €/L","img":"https://fd9-photos.leclercdrive.fr/image.ashx?id=3001287&use=l&cat=p&typeid=i","cat":284917},{"id":2631,"n":"Salade Catalane Petit Navire 220g","p":2.05,"u":"9,32 €/KG","img":"https://fd9-photos.leclercdrive.fr/image.ashx?id=2796213&use=l&cat=p&typeid=i","cat":284437},{"id":2638,"n":"Eau minérale Courmayeur 6x1.5L","p":2.64,"u":"0,29 €/L","img":"https://fd9-photos.leclercdrive.fr/image.ashx?id=2964105&use=l&cat=p&typeid=i","cat":284535},{"id":2649,"n":"Eau de source de Montagne 6x1.5L","p":1.68,"u":"0,19 €/L","img":"https://fd9-photos.leclercdrive.fr/image.ashx?id=2590427&use=l&cat=p&typeid=i","cat":284535},{"id":2650,"n":"Whisky William Lawson's Finest Blend 40° - 100cl","p":17.88,"u":"17,88 €/L","img":"https://fd9-photos.leclercdrive.fr/image.ashx?id=2966134&use=l&cat=p&typeid=i","cat":284547},{"id":2722,"n":"Yaourts aromatisés Délisse Vanille - 8x125g","p":2.58,"u":"2,58 €/KG","img":"https://fd9-photos.leclercdrive.fr/image.ashx?id=1541381&use=l&cat=p&typeid=i","cat":286006},{"id":2729,"n":"Pistaches grillées à sec Tokapi 300g","p":3.86,"u":"12,87 €/KG","img":"https://fd9-photos.leclercdrive.fr/image.ashx?id=2795541&use=l&cat=p&typeid=i","cat":284448},{"id":2734,"n":"Eau de source Eco+ 6x 1.5L","p":1.14,"u":"0,13 €/L","img":"https://fd9-photos.leclercdrive.fr/image.ashx?id=2959575&use=l&cat=p&typeid=i","cat":284535},{"id":2737,"n":"Eau minérale Des Alpes  6x1.5L","p":2.1,"u":"0,23 €/L","img":"https://fd9-photos.leclercdrive.fr/image.ashx?id=557699&use=l&cat=p&typeid=i","cat":284535},{"id":2757,"n":"Lait Bio demi-écrémé Lactel  UHT Bouteille - 6x1l","p":9.42,"u":"1,57 €/L","img":"https://fd9-photos.leclercdrive.fr/image.ashx?id=2886918&use=l&cat=p&typeid=i","cat":284377},{"id":2758,"n":"Lait Matin Léger de Lactel Sans lactose 1.2% mg - 6x50cl","p":6.69,"u":"2,23 €/L","img":"https://fd9-photos.leclercdrive.fr/image.ashx?id=2883564&use=l&cat=p&typeid=i","cat":317169},{"id":2760,"n":"Lait vitaminé Viva Candia  1%MG Brique - 6x1L","p":6.84,"u":"1,14 €/L","img":"https://fd9-photos.leclercdrive.fr/image.ashx?id=2891511&use=l&cat=p&typeid=i","cat":317169},{"id":2776,"n":"Crème Mains Réparatrice Mixa Mains abîmées - 100ml","p":2.18,"u":"21,80 €/L","img":"https://fd9-photos.leclercdrive.fr/image.ashx?id=2276024&use=l&cat=p&typeid=i","cat":325354},{"id":2777,"n":"Crème mains protectrice Mixa Anti-dessèchement - 100ml","p":2.18,"u":"21,80 €/L","img":"https://fd9-photos.leclercdrive.fr/image.ashx?id=2299873&use=l&cat=p&typeid=i","cat":325354},{"id":2799,"n":"Fromage frais Délisse Fruits panachés - 24x50g","p":2.88,"u":"2,40 €/KG","img":"https://fd9-photos.leclercdrive.fr/image.ashx?id=2922494&use=l&cat=p&typeid=i","cat":284414},{"id":2813,"n":"Pizza Chèvre Turini Cuite au feu de bois - 420g","p":2.21,"u":"5,26 €/KG","img":"https://fd9-photos.leclercdrive.fr/image.ashx?id=2815214&use=l&cat=p&typeid=i","cat":284256},{"id":2814,"n":"Pizza 4 fromages Turini Cuite au feu de bois - 420g","p":2.23,"u":"5,31 €/KG","img":"https://fd9-photos.leclercdrive.fr/image.ashx?id=2815211&use=l&cat=p&typeid=i","cat":284256},{"id":2872,"n":"Poireau Botte 1kg","p":2.99,"u":"2,99 €/KG","img":"https://fd9-photos.leclercdrive.fr/image.ashx?id=1633169&use=l&cat=p&typeid=i","cat":284352},{"id":2873,"n":"Mélange de poivrons doux  500g","p":2.29,"u":"4,58 €/KG","img":"https://fd9-photos.leclercdrive.fr/image.ashx?id=1633178&use=l&cat=p&typeid=i","cat":284352},{"id":2929,"n":"Biscuits raisins GERBLE   - 4x4, 270g","p":1.8,"u":"6,67 €/KG","img":"https://fd9-photos.leclercdrive.fr/image.ashx?id=2662298&use=l&cat=p&typeid=i","cat":318651},{"id":2930,"n":"Biscuits pomme noisette GERBLE   4x4 - 230g","p":1.5,"u":"6,52 €/KG","img":"https://fd9-photos.leclercdrive.fr/image.ashx?id=2967753&use=l&cat=p&typeid=i","cat":318651},{"id":2934,"n":"Barres Amande GERBLE   - 6 sachets 150g","p":2.55,"u":"17,00 €/KG","img":"https://fd9-photos.leclercdrive.fr/image.ashx?id=2664088&use=l&cat=p&typeid=i","cat":318652},{"id":2935,"n":"Biscuits écorce confite GERBLE   - 4x5,  360g","p":1.57,"u":"4,36 €/KG","img":"https://fd9-photos.leclercdrive.fr/image.ashx?id=2662907&use=l&cat=p&typeid=i","cat":318651},{"id":2937,"n":"Biscuits goûter chocolat GERBLE  - 3x4,  250g","p":1.55,"u":"6,20 €/KG","img":"https://fd9-photos.leclercdrive.fr/image.ashx?id=2625181&use=l&cat=p&typeid=i","cat":318651},{"id":2938,"n":"Biscuits germe de blé GERBLE   - 5x5, 210g","p":1.28,"u":"6,10 €/KG","img":"https://fd9-photos.leclercdrive.fr/image.ashx?id=2573540&use=l&cat=p&typeid=i","cat":318651},{"id":2939,"n":"Galette bio Céréal Bio  Sarrasin Emmental x2 - 200g","p":2.05,"u":"10,25 €/KG","img":"https://fd9-photos.leclercdrive.fr/image.ashx?id=2590589&use=l&cat=p&typeid=i","cat":284953},{"id":2950,"n":"Biscuits lait chocolat GERBLE   - 5x4, 230g","p":1.53,"u":"6,65 €/KG","img":"https://fd9-photos.leclercdrive.fr/image.ashx?id=2575030&use=l&cat=p&typeid=i","cat":318651},{"id":2951,"n":"Biscuit chocolat GERLINEA  Encas minceur - 4x4, 200g","p":1.98,"u":"9,90 €/KG","img":"https://fd9-photos.leclercdrive.fr/image.ashx?id=2654770&use=l&cat=p&typeid=i","cat":318652},{"id":2969,"n":"Sticks et bretzels Tokapi 300g","p":1.2,"u":"4,00 €/KG","img":"https://fd9-photos.leclercdrive.fr/image.ashx?id=2431104&use=l&cat=p&typeid=i","cat":297000},{"id":2971,"n":"Chips ondulées Pom'Lisse  Nature - 150g","p":0.93,"u":"6,20 €/KG","img":"https://fd9-photos.leclercdrive.fr/image.ashx?id=2441177&use=l&cat=p&typeid=i","cat":284447},{"id":2973,"n":"Chips Pom'Lisse Barbecue - 135g","p":0.89,"u":"6,59 €/KG","img":"https://fd9-photos.leclercdrive.fr/image.ashx?id=2919601&use=l&cat=p&typeid=i","cat":284447},{"id":2994,"n":"Chicorée soluble Leroux Nature - 200g","p":3.91,"u":"19,55 €/KG","img":"https://fd9-photos.leclercdrive.fr/image.ashx?id=2693512&use=l&cat=p&typeid=i","cat":284843},{"id":3000,"n":"Oeufs frais plein air Bio Bio Village - x6","p":2.09,"u":"0,35 €/P","img":"https://fd9-photos.leclercdrive.fr/image.ashx?id=1520549&use=l&cat=p&typeid=i","cat":284378},{"id":3011,"n":"Sauce Mexicaine Tables du Monde Medium - 315g","p":1.49,"u":"4,73 €/KG","img":"https://fd9-photos.leclercdrive.fr/image.ashx?id=2476963&use=l&cat=p&typeid=i","cat":288993},{"id":3012,"n":"Sauce Fajitas Tables du Monde 430g","p":1.97,"u":"4,58 €/KG","img":"https://fd9-photos.leclercdrive.fr/image.ashx?id=2470228&use=l&cat=p&typeid=i","cat":288993},{"id":3013,"n":"Pain de mie 7 céréales Epi d'Or Grandes tranches - 550g","p":1.19,"u":"2,16 €/KG","img":"https://fd9-photos.leclercdrive.fr/image.ashx?id=1959532&use=l&cat=p&typeid=i","cat":284477},{"id":3033,"n":"Pâtes fraîches Turini Fettuccini - 350g","p":1.49,"u":"4,26 €/KG","img":"https://fd9-photos.leclercdrive.fr/image.ashx?id=2220293&use=l&cat=p&typeid=i","cat":333682},{"id":3034,"n":"Fromage Parmesan Parmareggio 60g","p":1.38,"u":"23,00 €/KG","img":"https://fd9-photos.leclercdrive.fr/image.ashx?id=2975458&use=l&cat=p&typeid=i","cat":314035},{"id":3040,"n":"Beurre moulé bio Bio Village Doux - 82% MG - 250g","p":3.03,"u":"12,12 €/KG","img":"https://fd9-photos.leclercdrive.fr/image.ashx?id=2437052&use=l&cat=p&typeid=i","cat":284379},{"id":3055,"n":"Gel à raser féminin Siliss Velours abricot - 200ml","p":1.69,"u":"8,45 €/L","img":"https://fd9-photos.leclercdrive.fr/image.ashx?id=2510720&use=l&cat=p&typeid=i","cat":325352},{"id":3072,"n":"Serviette hygiénique Doulys Maxi confort - Super - x16","p":1.45,"u":"0,09 €/P","img":"https://fd9-photos.leclercdrive.fr/image.ashx?id=2637844&use=l&cat=p&typeid=i","cat":284624},{"id":3091,"n":"Cordons bleus Maître coq Poulet - 1kg","p":5.87,"u":"5,87 €/KG","img":"https://fd9-photos.leclercdrive.fr/image.ashx?id=2762103&use=l&cat=p&typeid=i","cat":333683},{"id":3093,"n":"Cake fruits P'tit déli Tranché 300g","p":1.66,"u":"5,53 €/KG","img":"https://fd9-photos.leclercdrive.fr/image.ashx?id=2823078&use=l&cat=p&typeid=i","cat":284493},{"id":3099,"n":"Mini cakes P'tit Déli  aux fruits x10","p":2.96,"u":"9,87 €/KG","img":"https://fd9-photos.leclercdrive.fr/image.ashx?id=2047019&use=l&cat=p&typeid=i","cat":284493},{"id":3101,"n":"Biscuits fourrés Chamonix LU Orange - 250g","p":1.51,"u":"6,04 €/KG","img":"https://fd9-photos.leclercdrive.fr/image.ashx?id=2982982&use=l&cat=p&typeid=i","cat":284489},{"id":3104,"n":"Sablés P'tit Déli Fourrés Figue x16 - 165g","p":1.09,"u":"6,61 €/KG","img":"https://fd9-photos.leclercdrive.fr/image.ashx?id=2140902&use=l&cat=p&typeid=i","cat":284489},{"id":3106,"n":"Biscuits Cookies P'tit Déli Noix coco Chocolat - 200g","p":1.39,"u":"6,95 €/KG","img":"https://fd9-photos.leclercdrive.fr/image.ashx?id=2171539&use=l&cat=p&typeid=i","cat":325066},{"id":3107,"n":"Biscuits petit beurre LU Pocket - 300g","p":1.92,"u":"6,40 €/KG","img":"https://fd9-photos.leclercdrive.fr/image.ashx?id=3001940&use=l&cat=p&typeid=i","cat":284487},{"id":3108,"n":"Biscuits petit déjeuner Prince Céréales - 300g","p":1.96,"u":"6,53 €/KG","img":"https://fd9-photos.leclercdrive.fr/image.ashx?id=2346648&use=l&cat=p&typeid=i","cat":284491},{"id":3142,"n":"Café et Chicorée Soluble Ricoré  Original - 100g","p":2.7,"u":"27,00 €/KG","img":"https://fd9-photos.leclercdrive.fr/image.ashx?id=2951542&use=l&cat=p&typeid=i","cat":284843},{"id":3147,"n":"Madeleines P'tit déli coquilles 500g","p":1.7,"u":"3,40 €/KG","img":"https://fd9-photos.leclercdrive.fr/image.ashx?id=2520301&use=l&cat=p&typeid=i","cat":284492},{"id":3151,"n":"Café moulu Plantation  Tradition - 250g","p":2.52,"u":"10,08 €/KG","img":"https://fd9-photos.leclercdrive.fr/image.ashx?id=2580886&use=l&cat=p&typeid=i","cat":284750},{"id":3152,"n":"Café Plantation  Kenya - 250g","p":3.92,"u":"15,68 €/KG","img":"https://fd9-photos.leclercdrive.fr/image.ashx?id=2591518&use=l&cat=p&typeid=i","cat":284750},{"id":3153,"n":"Café moulu Plantation  Tradition décaféiné - 250g","p":2.95,"u":"11,80 €/KG","img":"https://fd9-photos.leclercdrive.fr/image.ashx?id=1956823&use=l&cat=p&typeid=i","cat":284750},{"id":3158,"n":"Café moulu Plantation  doux - 2x250g","p":6.88,"u":"13,76 €/KG","img":"https://fd9-photos.leclercdrive.fr/image.ashx?id=1926933&use=l&cat=p&typeid=i","cat":284750},{"id":3166,"n":"Dessert fruitier pomme Douceur du Verger 16x100g","p":2.8,"u":"1,75 €/KG","img":"https://fd9-photos.leclercdrive.fr/image.ashx?id=798031&use=l&cat=p&typeid=i","cat":284416},{"id":3169,"n":"Tortellini iTurini Ricotta épinard - 300g","p":1.48,"u":"4,93 €/KG","img":"https://fd9-photos.leclercdrive.fr/image.ashx?id=2869266&use=l&cat=p&typeid=i","cat":333682},{"id":3171,"n":"Tortellini Turini Jambon cru - 250g","p":1.96,"u":"7,84 €/KG","img":"https://fd9-photos.leclercdrive.fr/image.ashx?id=2778039&use=l&cat=p&typeid=i","cat":333682},{"id":3186,"n":"Liquide vaisselle Visior citron 1,5L","p":2.15,"u":"1,43 €/L","img":"https://fd9-photos.leclercdrive.fr/image.ashx?id=1966352&use=l&cat=p&typeid=i","cat":284655},{"id":3192,"n":"Détachant sans javel Textil 2L","p":3.13,"u":"1,57 €/L","img":"https://fd9-photos.leclercdrive.fr/image.ashx?id=2123193&use=l&cat=p&typeid=i","cat":284651},{"id":3200,"n":"Petits pains grillés Epi d'Or  Froment - 225g","p":0.79,"u":"3,51 €/KG","img":"https://fd9-photos.leclercdrive.fr/image.ashx?id=2496410&use=l&cat=p&typeid=i","cat":284479},{"id":3208,"n":"Confiture Allégée aux Fraises Andros - 350g","p":1.72,"u":"4,91 €/KG","img":"https://fd9-photos.leclercdrive.fr/image.ashx?id=2911229&use=l&cat=p&typeid=i","cat":284480},{"id":3212,"n":"Farine pour pain Francine Multi-céréales - 1,5kg","p":2.61,"u":"1,74 €/KG","img":"https://fd9-photos.leclercdrive.fr/image.ashx?id=2220611&use=l&cat=p&typeid=i","cat":284503},{"id":3213,"n":"Farine pour pain Francine Campagne - 1,5kg","p":2.41,"u":"1,61 €/KG","img":"https://fd9-photos.leclercdrive.fr/image.ashx?id=2238690&use=l&cat=p&typeid=i","cat":284503},{"id":3215,"n":"Riz long Comptoir du Grain Etuvé - 1kg","p":1.72,"u":"1,72 €/KG","img":"https://fd9-photos.leclercdrive.fr/image.ashx?id=2076640&use=l&cat=p&typeid=i","cat":284428},{"id":3217,"n":"Riz Basmati Comptoir du Grain Sélection Riz long - 500g","p":1.35,"u":"2,70 €/KG","img":"https://fd9-photos.leclercdrive.fr/image.ashx?id=2076643&use=l&cat=p&typeid=i","cat":284428},{"id":3221,"n":"Purée pomme de terre Pom'lisse Nature - 8x125g - 1kg","p":3.19,"u":"3,19 €/KG","img":"https://fd9-photos.leclercdrive.fr/image.ashx?id=2929864&use=l&cat=p&typeid=i","cat":284431},{"id":3223,"n":"Pâtes capellini Panzani 500g","p":1.1,"u":"2,20 €/KG","img":"https://fd9-photos.leclercdrive.fr/image.ashx?id=2876038&use=l&cat=p&typeid=i","cat":284427},{"id":3224,"n":"Pâtes Barilla Spaghetti n°5 - 1kg","p":1.76,"u":"1,76 €/KG","img":"https://fd9-photos.leclercdrive.fr/image.ashx?id=2481182&use=l&cat=p&typeid=i","cat":284427},{"id":3225,"n":"Pâtes Lasagnes Panzani - 500G","p":1.75,"u":"3,50 €/KG","img":"https://fd9-photos.leclercdrive.fr/image.ashx?id=2896105&use=l&cat=p&typeid=i","cat":284427},{"id":3226,"n":"Pâtes cannelloni Panzani  A farcir - 250g","p":1.1,"u":"4,40 €/KG","img":"https://fd9-photos.leclercdrive.fr/image.ashx?id=2896108&use=l&cat=p&typeid=i","cat":284427},{"id":3239,"n":"Biscuit Petit beurre P'tit Déli Tablette chocolat noir - 150g","p":1.35,"u":"9,00 €/KG","img":"https://fd9-photos.leclercdrive.fr/image.ashx?id=2711641&use=l&cat=p&typeid=i","cat":284488},{"id":3240,"n":"Biscuit Petit beurre P'tit Déli Tablette lait noisette - 150g","p":1.61,"u":"10,73 €/KG","img":"https://fd9-photos.leclercdrive.fr/image.ashx?id=2116074&use=l&cat=p&typeid=i","cat":284488},{"id":3256,"n":"Bûche glacée Eskiss Crème brulée - 527g","p":3.8,"u":"7,21 €/KG","img":"https://fd9-photos.leclercdrive.fr/image.ashx?id=2791257&use=l&cat=p&typeid=i","cat":284266},{"id":3257,"n":"Bûche glacée Eskiss 3 chocolats - 536g","p":3.49,"u":"6,51 €/KG","img":"https://fd9-photos.leclercdrive.fr/image.ashx?id=2209711&use=l&cat=p&typeid=i","cat":284266},{"id":3258,"n":"Champignons Paris Notre Jardin Pieds et morceaux - 460g","p":2.29,"u":"4,98 €/KG","img":"https://fd9-photos.leclercdrive.fr/image.ashx?id=2553893&use=l&cat=p&typeid=i","cat":312610},{"id":3262,"n":"Carottes Notre Jardin Extra-fines - 530g","p":1.69,"u":"3,19 €/KG","img":"https://fd9-photos.leclercdrive.fr/image.ashx?id=2987976&use=l&cat=p&typeid=i","cat":312607},{"id":3263,"n":"Champignons Paris Notre Jardin Entiers - 460g","p":2.69,"u":"5,85 €/KG","img":"https://fd9-photos.leclercdrive.fr/image.ashx?id=2553887&use=l&cat=p&typeid=i","cat":312610},{"id":3269,"n":"Coeurs de palmiers Notre Jardin Extra tendres - 220g","p":2.27,"u":"10,32 €/KG","img":"https://fd9-photos.leclercdrive.fr/image.ashx?id=2072701&use=l&cat=p&typeid=i","cat":312611},{"id":3270,"n":"Coeurs de palmiers Notre Jardin Extra tendres - 250g","p":4.74,"u":"18,96 €/KG","img":"https://fd9-photos.leclercdrive.fr/image.ashx?id=2669666&use=l&cat=p&typeid=i","cat":312611},{"id":3271,"n":"Maïs Notre Jardin Tendre - 3x140g","p":1.89,"u":"4,50 €/KG","img":"https://fd9-photos.leclercdrive.fr/image.ashx?id=2074653&use=l&cat=p&typeid=i","cat":312611},{"id":3277,"n":"Chips à l'ancienne Pom'lisse Nature - 6x30g","p":1.57,"u":"8,72 €/KG","img":"https://fd9-photos.leclercdrive.fr/image.ashx?id=2657193&use=l&cat=p&typeid=i","cat":284447},{"id":3282,"n":"Moutarde Amora Mi-forte - 230g Divers coloris","p":1.94,"u":"8,43 €/KG","img":"https://fd9-photos.leclercdrive.fr/image.ashx?id=2504473&use=l&cat=p&typeid=i","cat":288850},{"id":3285,"n":"Vinaigre balsamique Rustica 50cl","p":1.57,"u":"3,14 €/L","img":"https://fd9-photos.leclercdrive.fr/image.ashx?id=2381544&use=l&cat=p&typeid=i","cat":298543},{"id":3292,"n":"Tomates pelées Notre Jardin Entières - 238g","p":0.85,"u":"3,57 €/KG","img":"https://fd9-photos.leclercdrive.fr/image.ashx?id=2190002&use=l&cat=p&typeid=i","cat":312608},{"id":3305,"n":"Sauce Provençale Turini 420g","p":0.97,"u":"2,31 €/KG","img":"https://fd9-photos.leclercdrive.fr/image.ashx?id=2047010&use=l&cat=p&typeid=i","cat":287599},{"id":3307,"n":"Cidre bouché Les Goelleries Normand brut 5.5%vol. - 75cl","p":1.79,"u":"2,39 €/L","img":"https://fd9-photos.leclercdrive.fr/image.ashx?id=2320731&use=l&cat=p&typeid=i","cat":334880},{"id":3309,"n":"Pur jus de pomme Jafaden 1L","p":1.34,"u":"1,34 €/L","img":"https://fd9-photos.leclercdrive.fr/image.ashx?id=2955632&use=l&cat=p&typeid=i","cat":284522},{"id":3310,"n":"Pur jus de pomme Bio Village Bio - 1L","p":1.49,"u":"1,49 €/L","img":"https://fd9-photos.leclercdrive.fr/image.ashx?id=2901527&use=l&cat=p&typeid=i","cat":284522},{"id":3311,"n":"Thé glacé Fresh Tea Pêche - 1,5L","p":1.29,"u":"0,86 €/L","img":"https://fd9-photos.leclercdrive.fr/image.ashx?id=2622242&use=l&cat=p&typeid=i","cat":295019},{"id":3316,"n":"Sirop Frucci Grenadine - 1L","p":2.76,"u":"2,76 €/L","img":"https://fd9-photos.leclercdrive.fr/image.ashx?id=2955659&use=l&cat=p&typeid=i","cat":295020},{"id":3323,"n":"Dentifrice Sanogyl Soin gencives 75ml","p":2.58,"u":"34,40 €/L","img":"https://fd9-photos.leclercdrive.fr/image.ashx?id=2734018&use=l&cat=p&typeid=i","cat":284612},{"id":3324,"n":"Dentifrice Vademecum Blancheur & plantes 75ml","p":1.49,"u":"19,87 €/L","img":"https://fd9-photos.leclercdrive.fr/image.ashx?id=2438225&use=l&cat=p&typeid=i","cat":284612},{"id":3325,"n":"Dentifrice Vademecum Fluor et plantes 75ml","p":1.53,"u":"20,40 €/L","img":"https://fd9-photos.leclercdrive.fr/image.ashx?id=2438228&use=l&cat=p&typeid=i","cat":284612},{"id":3338,"n":"Protège-slips Doulys Mince - Plié - x30","p":1.24,"u":"0,04 €/P","img":"https://fd9-photos.leclercdrive.fr/image.ashx?id=2390407&use=l&cat=p&typeid=i","cat":284625},{"id":3343,"n":"Vodka Poliakov 37.5%vol - 70cl","p":11.09,"u":"15,84 €/L","img":"https://fd9-photos.leclercdrive.fr/image.ashx?id=2810759&use=l&cat=p&typeid=i","cat":284550},{"id":3344,"n":"Nectar Jafaden Banane - 1L","p":2.09,"u":"2,09 €/L","img":"https://fd9-photos.leclercdrive.fr/image.ashx?id=2955701&use=l&cat=p&typeid=i","cat":284915},{"id":3345,"n":"Nectar Jafaden Poire - 1L","p":2.49,"u":"2,49 €/L","img":"https://fd9-photos.leclercdrive.fr/image.ashx?id=2955692&use=l&cat=p&typeid=i","cat":284915},{"id":3355,"n":"World Mix Haribo Sachet bonbons - 500g","p":2.91,"u":"5,82 €/KG","img":"https://fd9-photos.leclercdrive.fr/image.ashx?id=2805207&use=l&cat=p&typeid=i","cat":304250},{"id":3356,"n":"Banan's Haribo Sachet bonbons - 300g","p":1.52,"u":"5,07 €/KG","img":"https://fd9-photos.leclercdrive.fr/image.ashx?id=1739936&use=l&cat=p&typeid=i","cat":304250},{"id":3359,"n":"Compote Andros Pomme 750g","p":1.43,"u":"1,91 €/KG","img":"https://fd9-photos.leclercdrive.fr/image.ashx?id=2327716&use=l&cat=p&typeid=i","cat":284508},{"id":3361,"n":"Pâtée chats Gourmet gold Mousselines 4x85g","p":1.85,"u":"5,44 €/KG","img":"https://fd9-photos.leclercdrive.fr/image.ashx?id=2711103&use=l&cat=p&typeid=i","cat":285286},{"id":3364,"n":"Huile de douche Manava Bien être oriental 250ml","p":1.16,"u":"4,64 €/L","img":"https://fd9-photos.leclercdrive.fr/image.ashx?id=2029361&use=l&cat=p&typeid=i","cat":284594},{"id":3372,"n":"Terrines Tous Mes Amis Pour chats  3 saveurs - 3x400g","p":3.29,"u":"2,74 €/KG","img":"https://fd9-photos.leclercdrive.fr/image.ashx?id=559162&use=l&cat=p&typeid=i","cat":285601},{"id":3373,"n":"Tortillas Tables du Monde Galettes de blé x8 320g","p":1.71,"u":"5,34 €/KG","img":"https://fd9-photos.leclercdrive.fr/image.ashx?id=2679729&use=l&cat=p&typeid=i","cat":288993},{"id":3376,"n":"Café moulu Bio Village Bio  Pérou - 250g","p":4.21,"u":"16,84 €/KG","img":"https://fd9-photos.leclercdrive.fr/image.ashx?id=2552436&use=l&cat=p&typeid=i","cat":284750},{"id":3387,"n":"Gel à raser Carré Homme Vitaminé protecteur 200ml","p":1.89,"u":"9,45 €/L","img":"https://fd9-photos.leclercdrive.fr/image.ashx?id=2704642&use=l&cat=p&typeid=i","cat":284617},{"id":3393,"n":"Dentifrice Protection Signal Caries 100ml","p":1.17,"u":"11,70 €/L","img":"https://fd9-photos.leclercdrive.fr/image.ashx?id=2961810&use=l&cat=p&typeid=i","cat":284612},{"id":3395,"n":"Dentifrice Dentamyl Aux plantes 75ml","p":0.94,"u":"12,53 €/L","img":"https://fd9-photos.leclercdrive.fr/image.ashx?id=2489104&use=l&cat=p&typeid=i","cat":284612},{"id":3396,"n":"Dentifrice Dentamyl Haleine fraîche 75ml","p":0.76,"u":"10,13 €/L","img":"https://fd9-photos.leclercdrive.fr/image.ashx?id=2489101&use=l&cat=p&typeid=i","cat":284612},{"id":3401,"n":"Serviette hygiénique Doulys Maxi - Spécial nuit - x12","p":0.95,"u":"0,08 €/P","img":"https://fd9-photos.leclercdrive.fr/image.ashx?id=2637859&use=l&cat=p&typeid=i","cat":284624},{"id":3416,"n":"Ratatouille Notre Jardin A la provençale - 750g","p":1.29,"u":"1,72 €/KG","img":"https://fd9-photos.leclercdrive.fr/image.ashx?id=2526291&use=l&cat=p&typeid=i","cat":312612},{"id":3424,"n":"Plat moussaka Côté table 850g","p":4.63,"u":"5,45 €/KG","img":"https://fd9-photos.leclercdrive.fr/image.ashx?id=2045175&use=l&cat=p&typeid=i","cat":284254},{"id":3428,"n":"Feuilletés paniers Côté Table St Jacques Fruits de mer 4x100g","p":4.45,"u":"11,13 €/KG","img":"https://fd9-photos.leclercdrive.fr/image.ashx?id=2549379&use=l&cat=p&typeid=i","cat":319776},{"id":3429,"n":"Lasagnes bolognaises Côté table 1kg","p":3.49,"u":"3,49 €/KG","img":"https://fd9-photos.leclercdrive.fr/image.ashx?id=2545628&use=l&cat=p&typeid=i","cat":284254},{"id":3441,"n":"AOP Freixenet Cava Cordon Negro Brut - 75cl","p":5.7,"u":"7,60 €/L","img":"https://fd9-photos.leclercdrive.fr/image.ashx?id=3011929&use=l&cat=p&typeid=i","cat":289461},{"id":3455,"n":"Saumon et torsades Côté Table  Sauce à l'oseille - 300g","p":2.59,"u":"8,63 €/KG","img":"https://fd9-photos.leclercdrive.fr/image.ashx?id=2499480&use=l&cat=p&typeid=i","cat":284953},{"id":3459,"n":"Petit Pois et Carottes Cassegrain 465g","p":2.64,"u":"5,68 €/KG","img":"https://fd9-photos.leclercdrive.fr/image.ashx?id=2912971&use=l&cat=p&typeid=i","cat":312607},{"id":3462,"n":"Pain précuit Epi d'Or Demi-baguette x2 - 300g","p":0.65,"u":"2,17 €/KG","img":"https://fd9-photos.leclercdrive.fr/image.ashx?id=2684814&use=l&cat=p&typeid=i","cat":325069},{"id":3517,"n":"Bonbons Haribo Réglisse Carensac - 250g","p":1.86,"u":"7,44 €/KG","img":"https://fd9-photos.leclercdrive.fr/image.ashx?id=2982405&use=l&cat=p&typeid=i","cat":304250},{"id":3520,"n":"Boîtes chiens Lydog Terrines Viande volaille - 4x405g","p":3.48,"u":"2,15 €/KG","img":"https://fd9-photos.leclercdrive.fr/image.ashx?id=2815746&use=l&cat=p&typeid=i","cat":288578},{"id":3525,"n":"Crêpes fourrées P'tit déli Chocolat x8 - 256g","p":1.65,"u":"6,45 €/KG","img":"https://fd9-photos.leclercdrive.fr/image.ashx?id=2656335&use=l&cat=p&typeid=i","cat":284494},{"id":3549,"n":"IGP Pays d'Oc rosé J.P. Chenet 12.5% vol - 75cl","p":3.24,"u":"4,32 €/L","img":"https://fd9-photos.leclercdrive.fr/image.ashx?id=2985108&use=l&cat=p&typeid=i","cat":289558},{"id":3550,"n":"AOP Côtes de Provence rosé Billette Bouquet - 75cl","p":5.98,"u":"7,97 €/L","img":"https://fd9-photos.leclercdrive.fr/image.ashx?id=2625433&use=l&cat=p&typeid=i","cat":289558},{"id":3553,"n":"Whisky Chivas Regal 12 ans Blended Scotch 40% vol - 70cl","p":28.9,"pp":26.01,"u":"37,16 €/L","img":"https://fd9-photos.leclercdrive.fr/image.ashx?id=2914444&use=l&cat=p&typeid=i","cat":284547},{"id":3558,"n":"IGP Pays d'Oc rouge J-P Chenet Cabernet-Syrah 13% vol - 75 cl","p":3.24,"u":"4,32 €/L","img":"https://fd9-photos.leclercdrive.fr/image.ashx?id=2810864&use=l&cat=p&typeid=i","cat":289556},{"id":3559,"n":"IGP Pays d'Oc rouge J-P Chenet Merlot HVE - 75 cl","p":3.24,"u":"4,32 €/L","img":"https://fd9-photos.leclercdrive.fr/image.ashx?id=2837157&use=l&cat=p&typeid=i","cat":289556},{"id":3564,"n":"Vin de l'Union Européenne  La Villageoise - 6x25cl","p":4.39,"u":"2,93 €/L","img":"https://fd9-photos.leclercdrive.fr/image.ashx?id=2731651&use=l&cat=p&typeid=i","cat":289557},{"id":3570,"n":"Concentré à diluer Pulco Citron - 70cl","p":2.13,"u":"3,04 €/L","img":"https://fd9-photos.leclercdrive.fr/image.ashx?id=2687845&use=l&cat=p&typeid=i","cat":295020},{"id":3571,"n":"Nectar Jafaden Abricot - 1L","p":2.59,"u":"2,59 €/L","img":"https://fd9-photos.leclercdrive.fr/image.ashx?id=2955713&use=l&cat=p&typeid=i","cat":284915},{"id":3575,"n":"Litière chats Tous mes Amis Végétale - 10L","p":4.39,"u":"0,44 €/L","img":"https://fd9-photos.leclercdrive.fr/image.ashx?id=2055217&use=l&cat=p&typeid=i","cat":284683},{"id":3576,"n":"Litière chats Tous mes Amis Minérale - Hygiénique - 10L","p":4.65,"u":"0,47 €/L","img":"https://fd9-photos.leclercdrive.fr/image.ashx?id=2055211&use=l&cat=p&typeid=i","cat":284683},{"id":3580,"n":"Le Haricot vert Cueilli Main Bonduelle Extra Fin 280g","p":2.58,"u":"9,21 €/KG","img":"https://fd9-photos.leclercdrive.fr/image.ashx?id=2910019&use=l&cat=p&typeid=i","cat":312606},{"id":3584,"n":"Macédoine de Légumes Bonduelle 530g","p":1.61,"u":"3,04 €/KG","img":"https://fd9-photos.leclercdrive.fr/image.ashx?id=2939235&use=l&cat=p&typeid=i","cat":312612},{"id":3587,"n":"AOP Bordeaux rouge Blaissac - 75cl","p":4.01,"u":"5,35 €/L","img":"https://fd9-photos.leclercdrive.fr/image.ashx?id=2917429&use=l&cat=p&typeid=i","cat":289556},{"id":3588,"n":"IGP Pays d'Oc rouge Roche Mazet Cabernet Sauvignon 12.5% 75cl","p":2.95,"u":"3,93 €/L","img":"https://fd9-photos.leclercdrive.fr/image.ashx?id=2333000&use=l&cat=p&typeid=i","cat":289556},{"id":3589,"n":"IGP Pays d'Oc rouge Roche Mazet Merlot - 75cl","p":3.02,"u":"4,03 €/L","img":"https://fd9-photos.leclercdrive.fr/image.ashx?id=2332997&use=l&cat=p&typeid=i","cat":289556},{"id":3590,"n":"IGP Pays d'Oc rosé Roche Mazet Cinsault Grenache 12% vol 75cl","p":2.94,"u":"3,92 €/L","img":"https://fd9-photos.leclercdrive.fr/image.ashx?id=2341510&use=l&cat=p&typeid=i","cat":289558},{"id":3599,"n":"IGP Pays d'Oc rosé Listel Grain De gris 12.5% vol - 75cl","p":3.43,"u":"4,57 €/L","img":"https://fd9-photos.leclercdrive.fr/image.ashx?id=2556135&use=l&cat=p&typeid=i","cat":289558},{"id":3600,"n":"Miel Lune de Miel Tartimiel 250g","p":2.25,"u":"9,00 €/KG","img":"https://fd9-photos.leclercdrive.fr/image.ashx?id=2662610&use=l&cat=p&typeid=i","cat":287643},{"id":3604,"n":"Allume-feu Silex cubes x28 200g","p":1.11,"u":"5,55 €/KG","img":"https://fd9-photos.leclercdrive.fr/image.ashx?id=2558781&use=l&cat=p&typeid=i","cat":300578},{"id":3610,"n":"Petits pois Notre Jardin A l'étuvée -Extra fins - 3x140g","p":1.57,"u":"3,74 €/KG","img":"https://fd9-photos.leclercdrive.fr/image.ashx?id=2537343&use=l&cat=p&typeid=i","cat":312607},{"id":3617,"n":"Galettes de riz bio Bio Village Complet x17 - 130g","p":0.91,"u":"7,00 €/KG","img":"https://fd9-photos.leclercdrive.fr/image.ashx?id=2130847&use=l&cat=p&typeid=i","cat":318651},{"id":3630,"n":"Filets colin Alaska Pêche océan 4 tranches - MSC - 400g","p":2.49,"u":"6,23 €/KG","img":"https://fd9-photos.leclercdrive.fr/image.ashx?id=2930087&use=l&cat=p&typeid=i","cat":319786},{"id":3633,"n":"Colin d'Alaska Pêche Océan x10 tranches - MSC - 1kg","p":6.25,"u":"6,25 €/KG","img":"https://fd9-photos.leclercdrive.fr/image.ashx?id=2930096&use=l&cat=p&typeid=i","cat":319786},{"id":3640,"n":"Fromage Apéritif Apérivrais  Saveurs de Provence - 100g","p":2.08,"u":"20,80 €/KG","img":"https://fd9-photos.leclercdrive.fr/image.ashx?id=2885348&use=l&cat=p&typeid=i","cat":314027},{"id":3641,"n":"Fromage Apéritif Apérivrais  Saveurs d'Italie - 100g","p":2.08,"u":"20,80 €/KG","img":"https://fd9-photos.leclercdrive.fr/image.ashx?id=2944705&use=l&cat=p&typeid=i","cat":314027},{"id":3651,"n":"Vin du Portugal rosé Mateus - VSIG - 12% vol 75cl","p":4.62,"u":"6,16 €/L","img":"https://fd9-photos.leclercdrive.fr/image.ashx?id=2794619&use=l&cat=p&typeid=i","cat":289558},{"id":3681,"n":"Confit canard 4/5 cuisses Nos Régions ont du Talent 745g","p":15.28,"u":"20,51 €/KG","img":"https://fd9-photos.leclercdrive.fr/image.ashx?id=2723210&use=l&cat=p&typeid=i","cat":305149},{"id":3694,"n":"Pâtes Torti Legumes Panzani - 500G","p":1.24,"u":"2,48 €/KG","img":"https://fd9-photos.leclercdrive.fr/image.ashx?id=2876032&use=l&cat=p&typeid=i","cat":284427},{"id":3699,"n":"Café moulu Bio Village Bio Amérique latine - 250g","p":4.99,"u":"19,96 €/KG","img":"https://fd9-photos.leclercdrive.fr/image.ashx?id=1952940&use=l&cat=p&typeid=i","cat":284750},{"id":3705,"n":"Collants Well Elastivoile Résistant ibiza T3","p":3.45,"img":"https://fd9-photos.leclercdrive.fr/image.ashx?id=2560843&use=l&cat=p&typeid=i","cat":334130},{"id":3710,"n":"Cassoulet La Belle Chaurienne Porc - 420g","p":2.62,"u":"6,24 €/KG","img":"https://fd9-photos.leclercdrive.fr/image.ashx?id=2837358&use=l&cat=p&typeid=i","cat":284440},{"id":3712,"n":"Emincé poulet Côté Table Sauce curry - 300g","p":2.0,"u":"6,67 €/KG","img":"https://fd9-photos.leclercdrive.fr/image.ashx?id=2257223&use=l&cat=p&typeid=i","cat":284953},{"id":3713,"n":"Huile d'olive Rustica Vierge extra - 50cl","p":4.8,"u":"9,60 €/L","img":"https://fd9-photos.leclercdrive.fr/image.ashx?id=2930340&use=l&cat=p&typeid=i","cat":284453},{"id":3714,"n":"Serviette hygiénique Doulys Ultra minces - Normal - x16","p":1.03,"u":"0,06 €/P","img":"https://fd9-photos.leclercdrive.fr/image.ashx?id=2704639&use=l&cat=p&typeid=i","cat":284624},{"id":3716,"n":"Pizza cuite sur pierre Turini Royale - 400g","p":1.99,"u":"4,98 €/KG","img":"https://fd9-photos.leclercdrive.fr/image.ashx?id=2815205&use=l&cat=p&typeid=i","cat":284256},{"id":3719,"n":"Gomme Coiffante L'Oréal Paris Effet Remodelable - 150ml","p":3.48,"u":"23,20 €/L","img":"https://fd9-photos.leclercdrive.fr/image.ashx?id=2614194&use=l&cat=p&typeid=i","cat":284609},{"id":3736,"n":"Chocolat Pâtissier Menier Tablette Noir - 200g","p":2.14,"u":"10,70 €/KG","img":"https://fd9-photos.leclercdrive.fr/image.ashx?id=2624146&use=l&cat=p&typeid=i","cat":285562},{"id":3741,"n":"Biscottes fourrées Cracotte LU  Fraise - 200g","p":1.67,"u":"8,35 €/KG","img":"https://fd9-photos.leclercdrive.fr/image.ashx?id=3004807&use=l&cat=p&typeid=i","cat":284479},{"id":3743,"n":"Mini brownie Brossard Chocolat pépites x8 - 240g","p":2.46,"u":"10,25 €/KG","img":"https://fd9-photos.leclercdrive.fr/image.ashx?id=2965100&use=l&cat=p&typeid=i","cat":294776},{"id":3748,"n":"Soufflés Grignot' Tokapi  Saveur Fromage - 90g","p":0.7,"u":"7,78 €/KG","img":"https://fd9-photos.leclercdrive.fr/image.ashx?id=1870921&use=l&cat=p&typeid=i","cat":284449},{"id":3754,"n":"Crackers Tuc Bacon - 100g","p":0.79,"u":"7,90 €/KG","img":"https://fd9-photos.leclercdrive.fr/image.ashx?id=3002198&use=l&cat=p&typeid=i","cat":297000},{"id":3756,"n":"Mélange Exotique Tokapi  Bananes et papaye - 120g","p":1.47,"u":"12,25 €/KG","img":"https://fd9-photos.leclercdrive.fr/image.ashx?id=2793991&use=l&cat=p&typeid=i","cat":284448},{"id":3758,"n":"Sachet repas chats Gourmet 4 variétés de filets - 4x85g","p":1.79,"u":"5,26 €/KG","img":"https://fd9-photos.leclercdrive.fr/image.ashx?id=2902274&use=l&cat=p&typeid=i","cat":285286},{"id":3759,"n":"Sachet repas chats Gourmet Filets en sachet - 4x85g","p":1.79,"u":"5,26 €/KG","img":"https://fd9-photos.leclercdrive.fr/image.ashx?id=2902337&use=l&cat=p&typeid=i","cat":285286},{"id":3773,"n":"Feuilletés paniers Côté Table Jambon fromage - 4x100g","p":2.15,"u":"5,38 €/KG","img":"https://fd9-photos.leclercdrive.fr/image.ashx?id=2549382&use=l&cat=p&typeid=i","cat":319776},{"id":3775,"n":"Feuilletés paniers Côté Table Fromage de chèvre - 4x100g","p":2.95,"u":"7,38 €/KG","img":"https://fd9-photos.leclercdrive.fr/image.ashx?id=2549385&use=l&cat=p&typeid=i","cat":319776},{"id":3784,"n":"Coquilles poisson Côté Table Et fruits de mer x6 - 660g","p":5.35,"u":"8,11 €/KG","img":"https://fd9-photos.leclercdrive.fr/image.ashx?id=2520822&use=l&cat=p&typeid=i","cat":319775},{"id":3786,"n":"Poisson pané Pêche Océan MSC - x20 - 1kg","p":6.95,"u":"6,95 €/KG","img":"https://fd9-photos.leclercdrive.fr/image.ashx?id=1919342&use=l&cat=p&typeid=i","cat":319788},{"id":3789,"n":"Pavés de saumon Pêche Océan ASC - 2x125g","p":4.99,"u":"19,96 €/KG","img":"https://fd9-photos.leclercdrive.fr/image.ashx?id=2953722&use=l&cat=p&typeid=i","cat":319786},{"id":3794,"n":"Poisson pané Pêche Océan - MSC Colin d'alaska - x8 - 400g","p":2.78,"u":"6,95 €/KG","img":"https://fd9-photos.leclercdrive.fr/image.ashx?id=2176092&use=l&cat=p&typeid=i","cat":319788},{"id":3795,"n":"Poisson pané Pêche Océan Cabillaud - MSC - x8 400g","p":4.45,"u":"11,13 €/KG","img":"https://fd9-photos.leclercdrive.fr/image.ashx?id=1724533&use=l&cat=p&typeid=i","cat":319788},{"id":3796,"n":"Croquettes poisson Pêche Océan MSC - x6 - 300g","p":1.72,"u":"5,73 €/KG","img":"https://fd9-photos.leclercdrive.fr/image.ashx?id=2856157&use=l&cat=p&typeid=i","cat":319788},{"id":3797,"n":"Brandade morue Côté Table 1kg","p":3.99,"u":"3,99 €/KG","img":"https://fd9-photos.leclercdrive.fr/image.ashx?id=2047028&use=l&cat=p&typeid=i","cat":284254},{"id":3810,"n":"Epinards Notre Jardin Branches A la crème fraîche 1kg","p":2.98,"u":"2,98 €/KG","img":"https://fd9-photos.leclercdrive.fr/image.ashx?id=2873081&use=l&cat=p&typeid=i","cat":319805},{"id":3828,"n":"Pansements Mercurochrome Economiques x20","p":2.16,"img":"https://fd9-photos.leclercdrive.fr/image.ashx?id=2748269&use=l&cat=p&typeid=i","cat":284630},{"id":3844,"n":"Sirop érable Maple Joe Du Canada - 250g","p":3.78,"u":"15,12 €/KG","img":"https://fd9-photos.leclercdrive.fr/image.ashx?id=2656559&use=l&cat=p&typeid=i","cat":287643},{"id":3862,"n":"Cacahuètes grillées Tokapi Salées - 500g","p":1.44,"u":"2,88 €/KG","img":"https://fd9-photos.leclercdrive.fr/image.ashx?id=2795532&use=l&cat=p&typeid=i","cat":284448},{"id":3864,"n":"Jus multifruits Jafaden 12 fruits - 1L","p":1.33,"u":"1,33 €/L","img":"https://fd9-photos.leclercdrive.fr/image.ashx?id=2461387&use=l&cat=p&typeid=i","cat":284917},{"id":3871,"n":"Pain grillé Pelletier Blé complet - 500g","p":1.91,"u":"3,82 €/KG","img":"https://fd9-photos.leclercdrive.fr/image.ashx?id=2345376&use=l&cat=p&typeid=i","cat":284479},{"id":3904,"n":"Viande bovine Charal3x steak*** À griller - 300g","p":7.32,"u":"24,40 €/KG","img":"https://fd9-photos.leclercdrive.fr/image.ashx?id=2485907&use=l&cat=p&typeid=i","cat":284328},{"id":3944,"n":"Jus multifruits Jafaden Briquettes - 6x20cl","p":1.79,"u":"1,49 €/L","img":"https://fd9-photos.leclercdrive.fr/image.ashx?id=2751880&use=l&cat=p&typeid=i","cat":284524},{"id":3946,"n":"Pâtes Barilla Spaghettoni n°7 - 500g","p":0.96,"u":"1,92 €/KG","img":"https://fd9-photos.leclercdrive.fr/image.ashx?id=2392221&use=l&cat=p&typeid=i","cat":284427},{"id":3951,"n":"Sucre vanillé Tablier blanc x10 75g","p":0.79,"u":"10,53 €/KG","img":"https://fd9-photos.leclercdrive.fr/image.ashx?id=2487431&use=l&cat=p&typeid=i","cat":294686},{"id":3955,"n":"Ravioli pur bœuf  Panzani - 400g","p":1.55,"u":"3,88 €/KG","img":"https://fd9-photos.leclercdrive.fr/image.ashx?id=2876050&use=l&cat=p&typeid=i","cat":284442},{"id":3956,"n":"Confit canard 2 cuisses NRT 425g","p":9.59,"u":"22,56 €/KG","img":"https://fd9-photos.leclercdrive.fr/image.ashx?id=2430145&use=l&cat=p&typeid=i","cat":284440},{"id":3980,"n":"Sauce bolognaise Turini 680g","p":2.44,"u":"3,59 €/KG","img":"https://fd9-photos.leclercdrive.fr/image.ashx?id=2634863&use=l&cat=p&typeid=i","cat":287599},{"id":3981,"n":"Petits pois carottes Extra fins Notre Jardin - 3x130g","p":1.69,"u":"4,33 €/KG","img":"https://fd9-photos.leclercdrive.fr/image.ashx?id=2537346&use=l&cat=p&typeid=i","cat":312607},{"id":3983,"n":"Flageolets verts Notre Jardin Extra fins - 3x130g","p":1.99,"u":"5,10 €/KG","img":"https://fd9-photos.leclercdrive.fr/image.ashx?id=2537352&use=l&cat=p&typeid=i","cat":312606},{"id":3989,"n":"Soda Jean's Cola  2L","p":1.5,"u":"0,75 €/L","img":"https://fd9-photos.leclercdrive.fr/image.ashx?id=2699423&use=l&cat=p&typeid=i","cat":284530},{"id":3991,"n":"Tarte aux 3 fromages Côté Table - 400g","p":2.78,"u":"6,95 €/KG","img":"https://fd9-photos.leclercdrive.fr/image.ashx?id=2791707&use=l&cat=p&typeid=i","cat":284257},{"id":3997,"n":"Hachis parmentier Côté table 1kg","p":4.83,"u":"4,83 €/KG","img":"https://fd9-photos.leclercdrive.fr/image.ashx?id=2045172&use=l&cat=p&typeid=i","cat":284254},{"id":3998,"n":"Frites allumettes Pom'lisse Au four - 600g","p":1.27,"u":"2,12 €/KG","img":"https://fd9-photos.leclercdrive.fr/image.ashx?id=2699666&use=l&cat=p&typeid=i","cat":319791},{"id":3999,"n":"Crêpes Côté Table Champignons x6 - 300g","p":1.88,"u":"6,27 €/KG","img":"https://fd9-photos.leclercdrive.fr/image.ashx?id=2499352&use=l&cat=p&typeid=i","cat":319776},{"id":4000,"n":"Quiche lorraine Côté Table Mini - 8x100g","p":6.5,"u":"8,13 €/KG","img":"https://fd9-photos.leclercdrive.fr/image.ashx?id=2390305&use=l&cat=p&typeid=i","cat":284257},{"id":4008,"n":"Julienne légumes Notre jardin 600g","p":1.38,"u":"2,30 €/KG","img":"https://fd9-photos.leclercdrive.fr/image.ashx?id=2873102&use=l&cat=p&typeid=i","cat":319823},{"id":4009,"n":"Printanière légumes Notre jardin 1kg","p":1.47,"u":"1,47 €/KG","img":"https://fd9-photos.leclercdrive.fr/image.ashx?id=2873030&use=l&cat=p&typeid=i","cat":319823},{"id":4024,"n":"Sauce crudité Rustica Nature - 50cl","p":0.88,"u":"1,76 €/L","img":"https://fd9-photos.leclercdrive.fr/image.ashx?id=1972910&use=l&cat=p&typeid=i","cat":284456},{"id":4025,"n":"Pois chiches Notre Jardin 530g","p":1.19,"u":"2,25 €/KG","img":"https://fd9-photos.leclercdrive.fr/image.ashx?id=2988006&use=l&cat=p&typeid=i","cat":312609},{"id":4026,"n":"Cuisses poulet rôti Le gaulois x2 - 350g","p":3.9,"u":"11,14 €/KG","img":"https://fd9-photos.leclercdrive.fr/image.ashx?id=2277122&use=l&cat=p&typeid=i","cat":284336},{"id":4028,"n":"Filets poulet rôti Le gaulois 230g","p":3.99,"u":"17,35 €/KG","img":"https://fd9-photos.leclercdrive.fr/image.ashx?id=2686879&use=l&cat=p&typeid=i","cat":284336},{"id":4063,"n":"Cidre bouché Les Goelleries Normand doux 2%vol. - 75cl","p":1.79,"u":"2,39 €/L","img":"https://fd9-photos.leclercdrive.fr/image.ashx?id=2842199&use=l&cat=p&typeid=i","cat":334880},{"id":4101,"n":"Pâtes coquillettes Panzani 1kg","p":1.74,"u":"1,74 €/KG","img":"https://fd9-photos.leclercdrive.fr/image.ashx?id=2873823&use=l&cat=p&typeid=i","cat":284427},{"id":4103,"n":"Compotes Andros Pomme Fraise - 8x100g","p":2.79,"u":"3,49 €/KG","img":"https://fd9-photos.leclercdrive.fr/image.ashx?id=2883940&use=l&cat=p&typeid=i","cat":284416},{"id":4120,"n":"Bouchées chocolatées Mon Chéri Liqueur cerise x16 - 168g","p":5.48,"u":"32,62 €/KG","img":"https://fd9-photos.leclercdrive.fr/image.ashx?id=2964018&use=l&cat=p&typeid=i","cat":327601},{"id":4141,"n":"Infusion Tiséa réglisse menthe x25","p":0.9,"u":"22,50 €/KG","img":"https://fd9-photos.leclercdrive.fr/image.ashx?id=1759879&use=l&cat=p&typeid=i","cat":293234},{"id":4249,"n":"Crème glacée Eskiss Chocolat noir - 494g","p":2.35,"u":"4,76 €/KG","img":"https://fd9-photos.leclercdrive.fr/image.ashx?id=2698162&use=l&cat=p&typeid=i","cat":284263},{"id":4250,"n":"Crème glacée Eskiss Café - 494g","p":2.14,"u":"4,33 €/KG","img":"https://fd9-photos.leclercdrive.fr/image.ashx?id=2982577&use=l&cat=p&typeid=i","cat":284263},{"id":4255,"n":"Crème glacée Eskiss Rhum raisin - 494g","p":2.45,"u":"4,96 €/KG","img":"https://fd9-photos.leclercdrive.fr/image.ashx?id=2982589&use=l&cat=p&typeid=i","cat":284263},{"id":4258,"n":"Glace Tyrolia Eskiss 320g","p":2.03,"u":"6,34 €/KG","img":"https://fd9-photos.leclercdrive.fr/image.ashx?id=2075663&use=l&cat=p&typeid=i","cat":284266},{"id":4259,"n":"Pâtes spaghetti Panzani 1kg","p":1.65,"u":"1,65 €/KG","img":"https://fd9-photos.leclercdrive.fr/image.ashx?id=2869555&use=l&cat=p&typeid=i","cat":284427},{"id":4260,"n":"Biscuits sablés P'tit Déli Chocolat au lait - 200g","p":1.19,"u":"5,95 €/KG","img":"https://fd9-photos.leclercdrive.fr/image.ashx?id=2398314&use=l&cat=p&typeid=i","cat":284488},{"id":4290,"n":"Marrons entiers Notre Jardin - 510g","p":5.19,"u":"10,18 €/KG","img":"https://fd9-photos.leclercdrive.fr/image.ashx?id=2263143&use=l&cat=p&typeid=i","cat":312612},{"id":4327,"n":"Collants Well Elastivoile Satiné ibiza T3","p":4.45,"img":"https://fd9-photos.leclercdrive.fr/image.ashx?id=2056383&use=l&cat=p&typeid=i","cat":334130},{"id":4328,"n":"Collants Well Elastivoile Satiné ibiza T4","p":4.45,"img":"https://fd9-photos.leclercdrive.fr/image.ashx?id=2056386&use=l&cat=p&typeid=i","cat":334130},{"id":4346,"n":"Crêpes Côté Table Fromage x6 - 300g","p":1.75,"u":"5,83 €/KG","img":"https://fd9-photos.leclercdrive.fr/image.ashx?id=1871050&use=l&cat=p&typeid=i","cat":319776},{"id":4369,"n":"Gel wc menthe pin Uni Vert 750ml","p":1.62,"u":"2,16 €/L","img":"https://fd9-photos.leclercdrive.fr/image.ashx?id=2965446&use=l&cat=p&typeid=i","cat":284662},{"id":4381,"n":"Safran poudre Rustica 3 doses de 0,1g","p":2.96,"img":"https://fd9-photos.leclercdrive.fr/image.ashx?id=1209710&use=l&cat=p&typeid=i","cat":298297},{"id":4407,"n":"Biscuits duo glacier P'tit Déli 100g","p":1.25,"u":"12,50 €/KG","img":"https://fd9-photos.leclercdrive.fr/image.ashx?id=1938831&use=l&cat=p&typeid=i","cat":284487},{"id":4412,"n":"Boisson énergisante Red Bull 250ml","p":1.12,"u":"4,48 €/L","img":"https://fd9-photos.leclercdrive.fr/image.ashx?id=2340300&use=l&cat=p&typeid=i","cat":284533},{"id":4420,"n":"Sauce aux Morilles Charal 2 personnes - 120g","p":1.9,"pp":1.33,"u":"11,08 €/KG","img":"https://fd9-photos.leclercdrive.fr/image.ashx?id=2105023&use=l&cat=p&typeid=i","cat":284382},{"id":4425,"n":"Sauce aux 3 poivres Charal 2 personnes - 120g","p":1.86,"u":"15,50 €/KG","img":"https://fd9-photos.leclercdrive.fr/image.ashx?id=2105014&use=l&cat=p&typeid=i","cat":284382},{"id":4426,"n":"Sauce au Roquefort Charal 2 personnes - 120g","p":1.76,"u":"14,67 €/KG","img":"https://fd9-photos.leclercdrive.fr/image.ashx?id=2881329&use=l&cat=p&typeid=i","cat":284382},{"id":4431,"n":"Plumeaux Clair jetables Avec poignée x5","p":3.03,"img":"https://fd9-photos.leclercdrive.fr/image.ashx?id=2832924&use=l&cat=p&typeid=i","cat":325364},{"id":4458,"n":"Pâtes cheveux d'anges Panzani 500g","p":1.23,"u":"2,46 €/KG","img":"https://fd9-photos.leclercdrive.fr/image.ashx?id=2896069&use=l&cat=p&typeid=i","cat":284427},{"id":4469,"n":"Combustible poêle pétrole PTX 2000 20L","p":21.85,"u":"1,09 €/L","img":"https://fd9-photos.leclercdrive.fr/image.ashx?id=2798328&use=l&cat=p&typeid=i","cat":300577},{"id":4484,"n":"Salade : Sucrine 3p","p":0.95,"u":"0,32 €/P","img":"https://fd9-photos.leclercdrive.fr/image.ashx?id=1632539&use=l&cat=p&typeid=i","cat":284352},{"id":4512,"n":"Pur jus orange Jafaden Sans pulpe - 1L","p":2.43,"u":"2,43 €/L","img":"https://fd9-photos.leclercdrive.fr/image.ashx?id=2414976&use=l&cat=p&typeid=i","cat":285435},{"id":4519,"n":"Bande à découper Primoplast Multi-usages - 10x6cm","p":0.79,"img":"https://fd9-photos.leclercdrive.fr/image.ashx?id=2885560&use=l&cat=p&typeid=i","cat":284630},{"id":4524,"n":"Filtre café Eco+ N°4 - x100","p":1.01,"u":"0,01 €/P","img":"https://fd9-photos.leclercdrive.fr/image.ashx?id=2593806&use=l&cat=p&typeid=i","cat":284751},{"id":4566,"n":"Nuggets de poulet Maître coq 1kg","p":5.87,"u":"5,87 €/KG","img":"https://fd9-photos.leclercdrive.fr/image.ashx?id=2877826&use=l&cat=p&typeid=i","cat":333684},{"id":4567,"n":"Panés de poulet Maître Coq 1kg","p":7.25,"u":"7,25 €/KG","img":"https://fd9-photos.leclercdrive.fr/image.ashx?id=2877823&use=l&cat=p&typeid=i","cat":333684},{"id":4570,"n":"Coq'ailes Maître coq Nature - 250g","p":3.11,"u":"12,44 €/KG","img":"https://fd9-photos.leclercdrive.fr/image.ashx?id=2412591&use=l&cat=p&typeid=i","cat":333685},{"id":4583,"n":"Sucre vanillé Vahiné Madagascar - 5x7,5g","p":1.72,"u":"45,26 €/KG","img":"https://fd9-photos.leclercdrive.fr/image.ashx?id=2489190&use=l&cat=p&typeid=i","cat":294686},{"id":4624,"n":"Dattes Couleurs Vives 500g","p":2.75,"u":"5,50 €/KG","img":"https://fd9-photos.leclercdrive.fr/image.ashx?id=1762682&use=l&cat=p&typeid=i","cat":284357},{"id":4626,"n":"Vinaigrette Rustica Nature - 50cl","p":0.88,"u":"1,76 €/L","img":"https://fd9-photos.leclercdrive.fr/image.ashx?id=1972898&use=l&cat=p&typeid=i","cat":284456},{"id":4628,"n":"Moutarde de Dijon Rustica  Fine et forte - 440g","p":1.13,"u":"2,57 €/KG","img":"https://fd9-photos.leclercdrive.fr/image.ashx?id=2954340&use=l&cat=p&typeid=i","cat":288850},{"id":4629,"n":"Moutarde à l'ancienne Rustica Vinaigre - 350g","p":1.12,"u":"3,20 €/KG","img":"https://fd9-photos.leclercdrive.fr/image.ashx?id=2055467&use=l&cat=p&typeid=i","cat":288850},{"id":4630,"n":"Pâté piment d'Espelette NRT Label Rouge - 180g","p":2.39,"u":"13,28 €/KG","img":"https://fd9-photos.leclercdrive.fr/image.ashx?id=2590469&use=l&cat=p&typeid=i","cat":305149},{"id":4640,"n":"Petits pois carottes Notre Jard Extra fins - 420g","p":1.35,"u":"3,21 €/KG","img":"https://fd9-photos.leclercdrive.fr/image.ashx?id=2987943&use=l&cat=p&typeid=i","cat":312607},{"id":4641,"n":"Croquettes chaton Purina One Junior - Poulet/Céréales - 450g","p":2.63,"u":"5,84 €/KG","img":"https://fd9-photos.leclercdrive.fr/image.ashx?id=2499883&use=l&cat=p&typeid=i","cat":284680},{"id":4679,"n":"Gel WC nettoyant Syphon Javel eucalyptus - 750ml","p":0.87,"u":"1,16 €/L","img":"https://fd9-photos.leclercdrive.fr/image.ashx?id=1873973&use=l&cat=p&typeid=i","cat":284662},{"id":4682,"n":"Petits pois Notre Jardin A l'étuvée - Extra fins - 445g","p":1.28,"u":"2,88 €/KG","img":"https://fd9-photos.leclercdrive.fr/image.ashx?id=2987940&use=l&cat=p&typeid=i","cat":312607},{"id":4727,"n":"Chocolat au lait Tablette d'Or Raisins secs & Noisettes - 200g","p":2.19,"u":"10,95 €/KG","img":"https://fd9-photos.leclercdrive.fr/image.ashx?id=2482875&use=l&cat=p&typeid=i","cat":284497},{"id":4770,"n":"Betterave épluchée Allaire Entière 2x500g","p":1.75,"u":"1,75 €/KG","img":"https://fd9-photos.leclercdrive.fr/image.ashx?id=2425724&use=l&cat=p&typeid=i","cat":284352},{"id":4852,"n":"Thon blanc Petit Navire Au naturel - 140g","p":3.45,"u":"24,64 €/KG","img":"https://fd9-photos.leclercdrive.fr/image.ashx?id=2570996&use=l&cat=p&typeid=i","cat":303867},{"id":4879,"n":"Petits pots bébé NATURNES Courgettes 4M+ - 2x130g","p":1.01,"u":"3,88 €/KG","img":"https://fd9-photos.leclercdrive.fr/image.ashx?id=2532249&use=l&cat=p&typeid=i","cat":312234},{"id":4880,"n":"Petits pots bébé NATURNES Epinards 4M+ - 2x130g","p":0.99,"u":"3,81 €/KG","img":"https://fd9-photos.leclercdrive.fr/image.ashx?id=2736973&use=l&cat=p&typeid=i","cat":312234},{"id":4881,"n":"Petits pots bébé NATURNES Potiron 4M+ - 2x130g","p":1.01,"u":"3,88 €/KG","img":"https://fd9-photos.leclercdrive.fr/image.ashx?id=2532252&use=l&cat=p&typeid=i","cat":312234},{"id":4957,"n":"Cuillère douce silicone Tigex Vert taille unique - 1 pièce","p":4.05,"img":"https://fd9-photos.leclercdrive.fr/image.ashx?id=1971299&use=l&cat=p&typeid=i","cat":289435},{"id":4996,"n":"Cordon bleu Le Gaulois Dinde - 200g","p":1.86,"u":"9,30 €/KG","img":"https://fd9-photos.leclercdrive.fr/image.ashx?id=2860220&use=l&cat=p&typeid=i","cat":333683},{"id":4997,"n":"Gésiers de volaille Le Gaulois 300g","p":2.96,"u":"9,87 €/KG","img":"https://fd9-photos.leclercdrive.fr/image.ashx?id=2732722&use=l&cat=p&typeid=i","cat":284715},{"id":5000,"n":"Frites de poulet Le Gaulois Panées France - 200g","p":2.34,"u":"11,70 €/KG","img":"https://fd9-photos.leclercdrive.fr/image.ashx?id=2261657&use=l&cat=p&typeid=i","cat":333684},{"id":5015,"n":"Yaourts Les Zaros Délisse Fruits panachés - 16x125g","p":2.48,"u":"1,24 €/KG","img":"https://fd9-photos.leclercdrive.fr/image.ashx?id=2970444&use=l&cat=p&typeid=i","cat":284414},{"id":5016,"n":"Yaourts nature Déli'light 0% MG - 12x125g","p":1.91,"u":"1,27 €/KG","img":"https://fd9-photos.leclercdrive.fr/image.ashx?id=2922482&use=l&cat=p&typeid=i","cat":315000},{"id":5017,"n":"Betterave rouge Notre Jardin Entière cuite sous vide - 500g","p":0.71,"u":"1,42 €/KG","img":"https://fd9-photos.leclercdrive.fr/image.ashx?id=2885116&use=l&cat=p&typeid=i","cat":284352},{"id":5018,"n":"Yaourts Délisse Nature - 4x125g","p":0.65,"u":"1,30 €/KG","img":"https://fd9-photos.leclercdrive.fr/image.ashx?id=3003052&use=l&cat=p&typeid=i","cat":284409},{"id":5021,"n":"Crottin de chèvre Les Croisés 23%mg - 2x60g","p":1.78,"u":"14,83 €/KG","img":"https://fd9-photos.leclercdrive.fr/image.ashx?id=2048618&use=l&cat=p&typeid=i","cat":314031},{"id":5024,"n":"Viande des grisons Saint Azay 10 tranches - 80g","p":4.09,"u":"51,13 €/KG","img":"https://fd9-photos.leclercdrive.fr/image.ashx?id=2039192&use=l&cat=p&typeid=i","cat":316007},{"id":5025,"n":"Salade Notre Jardin Jeunes pousses - 125g","p":1.49,"u":"11,92 €/KG","img":"https://fd9-photos.leclercdrive.fr/image.ashx?id=2671807&use=l&cat=p&typeid=i","cat":284353},{"id":5026,"n":"Ravioli Turini Boeuf aux oignons - 300g","p":1.53,"u":"5,10 €/KG","img":"https://fd9-photos.leclercdrive.fr/image.ashx?id=2082558&use=l&cat=p&typeid=i","cat":333682},{"id":5028,"n":"Piémontaise Menu Fraîcheur Au jambon - 500g","p":2.2,"u":"4,40 €/KG","img":"https://fd9-photos.leclercdrive.fr/image.ashx?id=2552412&use=l&cat=p&typeid=i","cat":333657},{"id":5031,"n":"Petits chèvres doux Les Croisés 200g","p":2.02,"u":"10,10 €/KG","img":"https://fd9-photos.leclercdrive.fr/image.ashx?id=2033141&use=l&cat=p&typeid=i","cat":314031},{"id":5032,"n":"Pizza Turini Chorizo - 450g","p":2.69,"u":"5,98 €/KG","img":"https://fd9-photos.leclercdrive.fr/image.ashx?id=2422168&use=l&cat=p&typeid=i","cat":333679},{"id":5033,"n":"Galette au blé noir Côté Table Jambon  emmental 195g","p":1.49,"u":"7,64 €/KG","img":"https://fd9-photos.leclercdrive.fr/image.ashx?id=2246185&use=l&cat=p&typeid=i","cat":333672},{"id":5037,"n":"Gésiers de volaille Volandrie 300g","p":2.49,"u":"8,30 €/KG","img":"https://fd9-photos.leclercdrive.fr/image.ashx?id=2488809&use=l&cat=p&typeid=i","cat":284715},{"id":5041,"n":"Fromage blanc Déli'light Nature 0% MG - 1kg","p":1.79,"u":"1,79 €/KG","img":"https://fd9-photos.leclercdrive.fr/image.ashx?id=2905213&use=l&cat=p&typeid=i","cat":315000},{"id":5044,"n":"Fromage à tartiner Les Croisés  Ail et fines herbes 25%mg 150g","p":1.29,"u":"8,60 €/KG","img":"https://fd9-photos.leclercdrive.fr/image.ashx?id=2476122&use=l&cat=p&typeid=i","cat":314029},{"id":5045,"n":"Riz au lait Délisse Vanille - 8x115g","p":2.08,"u":"2,26 €/KG","img":"https://fd9-photos.leclercdrive.fr/image.ashx?id=2489116&use=l&cat=p&typeid=i","cat":284418},{"id":5047,"n":"Gratte éponge Spontex Sans rinçage x3","p":1.32,"u":"0,44 €/P","img":"https://fd9-photos.leclercdrive.fr/image.ashx?id=2975783&use=l&cat=p&typeid=i","cat":284667},{"id":5050,"n":"Sucre de canne Canadou 70cl","p":2.55,"u":"3,64 €/L","img":"https://fd9-photos.leclercdrive.fr/image.ashx?id=2534587&use=l&cat=p&typeid=i","cat":284551},{"id":5054,"n":"Olives Vertes Dénoyautées  100g","p":0.91,"u":"9,10 €/KG","img":"https://fd9-photos.leclercdrive.fr/image.ashx?id=2923432&use=l&cat=p&typeid=i","cat":284450},{"id":5070,"n":"Whisky Jack Daniel's Old N°7 70cL","p":20.06,"u":"28,66 €/L","img":"https://fd9-photos.leclercdrive.fr/image.ashx?id=2789763&use=l&cat=p&typeid=i","cat":284547},{"id":5073,"n":"Muscat Olympio Samos 75cl","p":4.31,"u":"5,75 €/L","img":"https://fd9-photos.leclercdrive.fr/image.ashx?id=2504077&use=l&cat=p&typeid=i","cat":284913},{"id":5080,"n":"Sucre poudre Béghin Say Etui 1kg","p":1.8,"u":"1,80 €/KG","img":"https://fd9-photos.leclercdrive.fr/image.ashx?id=2866346&use=l&cat=p&typeid=i","cat":284502},{"id":5081,"n":"Sucre poudre Béghin Say 1kg","p":1.75,"u":"1,75 €/KG","img":"https://fd9-photos.leclercdrive.fr/image.ashx?id=2866349&use=l&cat=p&typeid=i","cat":284502},{"id":5099,"n":"Huile touche d'olive Isio 4 1L","p":4.73,"u":"4,73 €/L","img":"https://fd9-photos.leclercdrive.fr/image.ashx?id=2918724&use=l&cat=p&typeid=i","cat":284453},{"id":5110,"n":"Pâtes Coquillettes Turini  1kg","p":1.32,"u":"1,32 €/KG","img":"https://fd9-photos.leclercdrive.fr/image.ashx?id=2980438&use=l&cat=p&typeid=i","cat":284427},{"id":5111,"n":"Couscous Comptoir du grain Grain fin - 500g","p":1.27,"u":"2,54 €/KG","img":"https://fd9-photos.leclercdrive.fr/image.ashx?id=2654242&use=l&cat=p&typeid=i","cat":284429},{"id":5117,"n":"Café soluble Plantation Qualité filtre - 200g","p":4.4,"u":"22,00 €/KG","img":"https://fd9-photos.leclercdrive.fr/image.ashx?id=2834269&use=l&cat=p&typeid=i","cat":284843},{"id":5121,"n":"Café moulu Plantation Ethiopie - 250g","p":3.79,"u":"15,16 €/KG","img":"https://fd9-photos.leclercdrive.fr/image.ashx?id=1920154&use=l&cat=p&typeid=i","cat":284750},{"id":5125,"n":"Farine de blé bio T65 Bio Village - 1kg","p":0.99,"u":"0,99 €/KG","img":"https://fd9-photos.leclercdrive.fr/image.ashx?id=2448418&use=l&cat=p&typeid=i","cat":284503},{"id":5126,"n":"Riz long Comptoir du Grain Cuisson rapide 10min - 1kg","p":1.69,"u":"1,69 €/KG","img":"https://fd9-photos.leclercdrive.fr/image.ashx?id=2045091&use=l&cat=p&typeid=i","cat":284428},{"id":5132,"n":"Croûtons Epi d'Or Nature - 2x90g","p":0.99,"u":"5,50 €/KG","img":"https://fd9-photos.leclercdrive.fr/image.ashx?id=2606037&use=l&cat=p&typeid=i","cat":284464},{"id":5158,"n":"Déodorant Bille Femme Nivea Dry Confort 72H - 50ml","p":1.85,"u":"37,00 €/L","img":"https://fd9-photos.leclercdrive.fr/image.ashx?id=2871058&use=l&cat=p&typeid=i","cat":284595},{"id":5160,"n":"Pur jus de fruits Tropicana Réveil fruité - 1,5L","p":3.57,"u":"2,38 €/L","img":"https://fd9-photos.leclercdrive.fr/image.ashx?id=2606400&use=l&cat=p&typeid=i","cat":284521},{"id":5166,"n":"Sucettes Chupa Chups The Best x16 192g","p":1.83,"u":"9,53 €/KG","img":"https://fd9-photos.leclercdrive.fr/image.ashx?id=2647654&use=l&cat=p&typeid=i","cat":304250},{"id":5176,"n":"Pâtes Alphabet Panzani 500g","p":1.25,"u":"2,50 €/KG","img":"https://fd9-photos.leclercdrive.fr/image.ashx?id=2896063&use=l&cat=p&typeid=i","cat":284427},{"id":5227,"n":"Pâtes Lustucru coquillettes Oeufs frais - 250g","p":0.89,"u":"3,56 €/KG","img":"https://fd9-photos.leclercdrive.fr/image.ashx?id=2519474&use=l&cat=p&typeid=i","cat":284427},{"id":5228,"n":"Pâtes Lustucru spaghetti courts Oeufs frais - 250g","p":0.94,"u":"3,76 €/KG","img":"https://fd9-photos.leclercdrive.fr/image.ashx?id=2519477&use=l&cat=p&typeid=i","cat":284427},{"id":5250,"n":"Crème glacée Eskiss Pistache avec éclats - 494g","p":2.51,"u":"5,08 €/KG","img":"https://fd9-photos.leclercdrive.fr/image.ashx?id=2982586&use=l&cat=p&typeid=i","cat":284263},{"id":5255,"n":"Croc Côté Croc Poulet Fromage x2 - 200g","p":1.54,"u":"7,70 €/KG","img":"https://fd9-photos.leclercdrive.fr/image.ashx?id=2967549&use=l&cat=p&typeid=i","cat":333683},{"id":5265,"n":"Piémontaise Menu Fraîcheur  Au jambon - 300g","p":1.59,"u":"5,30 €/KG","img":"https://fd9-photos.leclercdrive.fr/image.ashx?id=2901425&use=l&cat=p&typeid=i","cat":333657},{"id":5271,"n":"Betteraves Menu Fraîcheur  Rouge en dés - 300g","p":1.19,"u":"3,97 €/KG","img":"https://fd9-photos.leclercdrive.fr/image.ashx?id=2552418&use=l&cat=p&typeid=i","cat":333657},{"id":5277,"n":"Yaourts Pâtissiers Délisse Spécialités gourmandes-12x125g","p":3.17,"u":"2,11 €/KG","img":"https://fd9-photos.leclercdrive.fr/image.ashx?id=2501667&use=l&cat=p&typeid=i","cat":314999},{"id":5281,"n":"Yaourts Petits Délis Chocolat - 6x100g","p":1.91,"u":"3,18 €/KG","img":"https://fd9-photos.leclercdrive.fr/image.ashx?id=2865188&use=l&cat=p&typeid=i","cat":284414},{"id":5284,"n":"Foies de volaille Volandrie confits - 300g","p":2.7,"u":"9,00 €/KG","img":"https://fd9-photos.leclercdrive.fr/image.ashx?id=2814857&use=l&cat=p&typeid=i","cat":284715},{"id":5288,"n":"Crème dessert Petits Délis Chocolat et lait - 6x70g","p":1.3,"u":"3,10 €/KG","img":"https://fd9-photos.leclercdrive.fr/image.ashx?id=2572061&use=l&cat=p&typeid=i","cat":285041},{"id":5289,"n":"Torti au surimi Menu Fraîcheur 300g","p":1.7,"u":"5,67 €/KG","img":"https://fd9-photos.leclercdrive.fr/image.ashx?id=2965443&use=l&cat=p&typeid=i","cat":333657},{"id":5291,"n":"Cordon bleu Côté Croc Dinde - 400g","p":3.67,"u":"9,18 €/KG","img":"https://fd9-photos.leclercdrive.fr/image.ashx?id=2795544&use=l&cat=p&typeid=i","cat":333683},{"id":5293,"n":"Biscuits apéritifs Tokapi 3 saveurs - 100g","p":0.79,"u":"7,90 €/KG","img":"https://fd9-photos.leclercdrive.fr/image.ashx?id=2044110&use=l&cat=p&typeid=i","cat":284449},{"id":5308,"n":"Biscuits Mini Rollos Pépito Chocolat au lait - 225g","p":1.84,"u":"8,18 €/KG","img":"https://fd9-photos.leclercdrive.fr/image.ashx?id=3014407&use=l&cat=p&typeid=i","cat":284488},{"id":5310,"n":"Petits pois d'aucy  Extra-fins - 560g","p":1.64,"u":"2,93 €/KG","img":"https://fd9-photos.leclercdrive.fr/image.ashx?id=2426361&use=l&cat=p&typeid=i","cat":312607},{"id":5311,"n":"Petits pois carottes d'Aucy A l'étuvée - Extra fins - 530g","p":1.59,"u":"3,00 €/KG","img":"https://fd9-photos.leclercdrive.fr/image.ashx?id=2426364&use=l&cat=p&typeid=i","cat":312607},{"id":5317,"n":"Lentilles cuisinées Raynal Et Roquelaure - 410g","p":1.13,"u":"2,76 €/KG","img":"https://fd9-photos.leclercdrive.fr/image.ashx?id=2928396&use=l&cat=p&typeid=i","cat":312609},{"id":5321,"n":"Chocolat poudre Benco 400g","p":2.25,"u":"5,63 €/KG","img":"https://fd9-photos.leclercdrive.fr/image.ashx?id=2871805&use=l&cat=p&typeid=i","cat":293235},{"id":5325,"n":"Confiture Bonne Maman Fraise - 370g","p":1.7,"u":"4,59 €/KG","img":"https://fd9-photos.leclercdrive.fr/image.ashx?id=2474984&use=l&cat=p&typeid=i","cat":284480},{"id":5342,"n":"Soda Canada Dry Ginger Ale 1,5L","p":1.95,"u":"1,30 €/L","img":"https://fd9-photos.leclercdrive.fr/image.ashx?id=2654674&use=l&cat=p&typeid=i","cat":284531},{"id":5364,"n":"Fromage blanc Délisse Nature 7% MG - 1kg","p":2.39,"u":"2,39 €/KG","img":"https://fd9-photos.leclercdrive.fr/image.ashx?id=2834999&use=l&cat=p&typeid=i","cat":284409},{"id":5366,"n":"Cire Dépilatoire Siliss Méthode orientale - 250ml","p":3.89,"u":"15,56 €/L","img":"https://fd9-photos.leclercdrive.fr/image.ashx?id=2510717&use=l&cat=p&typeid=i","cat":325351},{"id":5367,"n":"Biscuits tuiles P'tit Déli 100g","p":1.15,"u":"11,50 €/KG","img":"https://fd9-photos.leclercdrive.fr/image.ashx?id=1898889&use=l&cat=p&typeid=i","cat":284487},{"id":5368,"n":"Biscuits Croustillants Tokapi Gouda - 85g","p":0.99,"u":"11,65 €/KG","img":"https://fd9-photos.leclercdrive.fr/image.ashx?id=2507685&use=l&cat=p&typeid=i","cat":297000},{"id":5369,"n":"Légumes couscous Notre Jardin 800g","p":1.49,"u":"1,86 €/KG","img":"https://fd9-photos.leclercdrive.fr/image.ashx?id=2854213&use=l&cat=p&typeid=i","cat":312612},{"id":5385,"n":"Lait coco Tables du Monde 200ml","p":0.86,"u":"4,30 €/L","img":"https://fd9-photos.leclercdrive.fr/image.ashx?id=2920172&use=l&cat=p&typeid=i","cat":288992},{"id":5386,"n":"Biscuit Petit beurre P'tit Déli Tablette chocolat lait - 150g","p":1.29,"u":"8,60 €/KG","img":"https://fd9-photos.leclercdrive.fr/image.ashx?id=2711644&use=l&cat=p&typeid=i","cat":284488},{"id":5390,"n":"Crème anglaise Délisse 50cl","p":1.28,"u":"2,56 €/L","img":"https://fd9-photos.leclercdrive.fr/image.ashx?id=3002569&use=l&cat=p&typeid=i","cat":284382},{"id":5391,"n":"Yaourts à boire Délisse 3 parfums - 6x180g","p":2.39,"u":"2,21 €/KG","img":"https://fd9-photos.leclercdrive.fr/image.ashx?id=2757924&use=l&cat=p&typeid=i","cat":284415},{"id":5396,"n":"Bain de bouche Dentamyl Multi Protection - 500ml","p":1.89,"u":"3,78 €/L","img":"https://fd9-photos.leclercdrive.fr/image.ashx?id=2500806&use=l&cat=p&typeid=i","cat":284613},{"id":5399,"n":"Pur jus d'orange Bio Village Bio sans pulpe - 1L","p":2.45,"u":"2,45 €/L","img":"https://fd9-photos.leclercdrive.fr/image.ashx?id=2901521&use=l&cat=p&typeid=i","cat":284521},{"id":5405,"n":"Saucisse sèche d'Auvergne  NRT - 300g","p":5.63,"u":"18,77 €/KG","img":"https://fd9-photos.leclercdrive.fr/image.ashx?id=2991473&use=l&cat=p&typeid=i","cat":316006},{"id":5407,"n":"Coquillettes d'Alsace NRT 250g","p":1.39,"u":"5,56 €/KG","img":"https://fd9-photos.leclercdrive.fr/image.ashx?id=2839977&use=l&cat=p&typeid=i","cat":284427},{"id":5449,"n":"Boîte chat Whiskas Terrine du marché - 4x400g","p":4.61,"u":"2,88 €/KG","img":"https://fd9-photos.leclercdrive.fr/image.ashx?id=2759619&use=l&cat=p&typeid=i","cat":285601},{"id":5465,"n":"Eau de source de Montagne 6x50cl","p":1.67,"u":"0,56 €/L","img":"https://fd9-photos.leclercdrive.fr/image.ashx?id=2423502&use=l&cat=p&typeid=i","cat":284535},{"id":5472,"n":"Biscuits barquettes P'tit Déli Fraise - 2x120g","p":1.66,"u":"6,92 €/KG","img":"https://fd9-photos.leclercdrive.fr/image.ashx?id=2691168&use=l&cat=p&typeid=i","cat":284489},{"id":5501,"n":"Sel La Baleine  Fin iodé 125g","p":0.35,"u":"2,80 €/KG","img":"https://fd9-photos.leclercdrive.fr/image.ashx?id=2019879&use=l&cat=p&typeid=i","cat":284457},{"id":5509,"n":"Pâtes Torsades Turini 1kg","p":1.29,"u":"1,29 €/KG","img":"https://fd9-photos.leclercdrive.fr/image.ashx?id=2980459&use=l&cat=p&typeid=i","cat":284427},{"id":5511,"n":"Sparadrap Primoplast Peaux délicates 5mx2.5cm","p":1.48,"img":"https://fd9-photos.leclercdrive.fr/image.ashx?id=2856426&use=l&cat=p&typeid=i","cat":284630},{"id":5512,"n":"Sparadrap Primoplast résistant 5mx2.5cm","p":1.49,"img":"https://fd9-photos.leclercdrive.fr/image.ashx?id=2856435&use=l&cat=p&typeid=i","cat":284630},{"id":5513,"n":"Miel Nid d'Abeille Crémeux - 1 kg","p":6.39,"u":"6,39 €/KG","img":"https://fd9-photos.leclercdrive.fr/image.ashx?id=2522452&use=l&cat=p&typeid=i","cat":287643},{"id":5515,"n":"Vin mousseux d'Union Européenne  brut  -75cl","p":2.99,"u":"3,99 €/L","img":"https://fd9-photos.leclercdrive.fr/image.ashx?id=1951016&use=l&cat=p&typeid=i","cat":284544},{"id":5517,"n":"Canapés toasts Epi d'Or Nature - 280g","p":1.12,"u":"4,00 €/KG","img":"https://fd9-photos.leclercdrive.fr/image.ashx?id=1859140&use=l&cat=p&typeid=i","cat":285454},{"id":5526,"n":"Fromage Bleu d'Auvergne NRT  AOP - 125g","p":1.39,"u":"11,12 €/KG","img":"https://fd9-photos.leclercdrive.fr/image.ashx?id=2771040&use=l&cat=p&typeid=i","cat":314032},{"id":5529,"n":"Croquettes petits chiens Ultima  Poulet - Yorkshire - 800g","p":3.12,"u":"3,90 €/KG","img":"https://fd9-photos.leclercdrive.fr/image.ashx?id=2922224&use=l&cat=p&typeid=i","cat":294526},{"id":5536,"n":"Biscuits Pockitos Pépito Chocolat au lait - 295g","p":3.38,"u":"11,46 €/KG","img":"https://fd9-photos.leclercdrive.fr/image.ashx?id=3001955&use=l&cat=p&typeid=i","cat":284488},{"id":5545,"n":"Garniture Bouchées à la reine Petit Jean - 400g","p":1.95,"u":"4,88 €/KG","img":"https://fd9-photos.leclercdrive.fr/image.ashx?id=2677240&use=l&cat=p&typeid=i","cat":284441},{"id":5549,"n":"Lait Régilait nuage de lait 10x7.5g","p":0.5,"u":"6,67 €/KG","img":"https://fd9-photos.leclercdrive.fr/image.ashx?id=2018637&use=l&cat=p&typeid=i","cat":299162},{"id":5563,"n":"Biscuits P'tit Déli Délimousse 175g","p":1.51,"u":"8,63 €/KG","img":"https://fd9-photos.leclercdrive.fr/image.ashx?id=2540936&use=l&cat=p&typeid=i","cat":284495},{"id":5564,"n":"Lingettes nettoyantes Clair Vitres 3en1 x20","p":0.87,"u":"0,04 €/P","img":"https://fd9-photos.leclercdrive.fr/image.ashx?id=2345622&use=l&cat=p&typeid=i","cat":325363},{"id":5574,"n":"Quenelles Côté Table saumon Sauce crevette 400g","p":1.87,"u":"4,68 €/KG","img":"https://fd9-photos.leclercdrive.fr/image.ashx?id=2977138&use=l&cat=p&typeid=i","cat":284441},{"id":5575,"n":"Compote Douceur du Verger Gourdes Pomme - 12x90g","p":2.7,"u":"2,50 €/KG","img":"https://fd9-photos.leclercdrive.fr/image.ashx?id=1946841&use=l&cat=p&typeid=i","cat":284508},{"id":5576,"n":"Biscuits choco barre P'tit Déli Chocolat lait 295g","p":2.64,"u":"8,95 €/KG","img":"https://fd9-photos.leclercdrive.fr/image.ashx?id=2618229&use=l&cat=p&typeid=i","cat":284488},{"id":5578,"n":"Cuillers à pâtisserie  P'tit Déli 300g","p":2.49,"u":"8,30 €/KG","img":"https://fd9-photos.leclercdrive.fr/image.ashx?id=2046352&use=l&cat=p&typeid=i","cat":284487},{"id":5612,"n":"Eau de source Cristaline 6x1,5L","p":1.07,"u":"0,12 €/L","img":"https://fd9-photos.leclercdrive.fr/image.ashx?id=2389449&use=l&cat=p&typeid=i","cat":284535},{"id":5619,"n":"Oeufs de lompe Ronde des Mers Rouge - MSC - 100g","p":2.6,"u":"26,00 €/KG","img":"https://fd9-photos.leclercdrive.fr/image.ashx?id=2822720&use=l&cat=p&typeid=i","cat":285191},{"id":5622,"n":"Croquettes chiens Lydog Spécial Forme - Volaille - 4kg","p":4.99,"u":"1,25 €/KG","img":"https://fd9-photos.leclercdrive.fr/image.ashx?id=2191117&use=l&cat=p&typeid=i","cat":284672},{"id":5627,"n":"Lasagnes bolognaise Côté Table 1kg","p":4.14,"u":"4,14 €/KG","img":"https://fd9-photos.leclercdrive.fr/image.ashx?id=1671934&use=l&cat=p&typeid=i","cat":333666},{"id":5630,"n":"Papier toilette blanc Mimosa Ultra doux maxi rouleau - x12","p":5.4,"u":"0,45 €/P","img":"https://fd9-photos.leclercdrive.fr/image.ashx?id=2777848&use=l&cat=p&typeid=i","cat":284634},{"id":5633,"n":"Soufflés Grignot' Tokapi Cacahuète - 90g","p":0.7,"u":"7,78 €/KG","img":"https://fd9-photos.leclercdrive.fr/image.ashx?id=1951031&use=l&cat=p&typeid=i","cat":284449},{"id":5772,"n":"Biscuits tartelette Bonne Maman Citron 125g","p":1.32,"u":"10,56 €/KG","img":"https://fd9-photos.leclercdrive.fr/image.ashx?id=2962296&use=l&cat=p&typeid=i","cat":284489},{"id":5816,"n":"Rillettes de thon Cap Océan MSC 150g","p":1.88,"u":"12,53 €/KG","img":"https://fd9-photos.leclercdrive.fr/image.ashx?id=2668440&use=l&cat=p&typeid=i","cat":285191},{"id":5817,"n":"Rillettes de saumon Cap ocean 150g","p":1.88,"u":"12,53 €/KG","img":"https://fd9-photos.leclercdrive.fr/image.ashx?id=2985147&use=l&cat=p&typeid=i","cat":285191},{"id":5833,"n":"Biscuits Cuillers P'tit Déli Dégustation x20 - 200g","p":2.49,"u":"12,45 €/KG","img":"https://fd9-photos.leclercdrive.fr/image.ashx?id=1856164&use=l&cat=p&typeid=i","cat":284487},{"id":5850,"n":"Couscous Côté Table Poulet merguez 450g","p":2.7,"u":"6,00 €/KG","img":"https://fd9-photos.leclercdrive.fr/image.ashx?id=1936608&use=l&cat=p&typeid=i","cat":333665},{"id":5869,"n":"Spécialité au soja Nat & Vie Chocolat - 4x100g","p":1.34,"u":"3,35 €/KG","img":"https://fd9-photos.leclercdrive.fr/image.ashx?id=2901437&use=l&cat=p&typeid=i","cat":316071},{"id":5871,"n":"Yaourts à boire DéliUp' Délisse Fraise - 10x100g","p":2.87,"u":"2,87 €/KG","img":"https://fd9-photos.leclercdrive.fr/image.ashx?id=1871092&use=l&cat=p&typeid=i","cat":284415},{"id":5873,"n":"Beignets crevettes Tables du Monde x6 140g","p":2.06,"u":"14,71 €/KG","img":"https://fd9-photos.leclercdrive.fr/image.ashx?id=2767005&use=l&cat=p&typeid=i","cat":333673},{"id":5880,"n":"Yaourts mousse Petits Délis Fruits - 6x74g","p":1.77,"u":"3,99 €/KG","img":"https://fd9-photos.leclercdrive.fr/image.ashx?id=2869477&use=l&cat=p&typeid=i","cat":284414},{"id":5891,"n":"Tzatziki Tables du Monde 200g","p":1.59,"u":"7,95 €/KG","img":"https://fd9-photos.leclercdrive.fr/image.ashx?id=1942398&use=l&cat=p&typeid=i","cat":315999},{"id":5895,"n":"Tripes mode de caen NRT 600g","p":3.99,"u":"6,65 €/KG","img":"https://fd9-photos.leclercdrive.fr/image.ashx?id=2723198&use=l&cat=p&typeid=i","cat":284441},{"id":5896,"n":"Litière rongeurs P'tit Ami 15L","p":1.32,"u":"0,09 €/L","img":"https://fd9-photos.leclercdrive.fr/image.ashx?id=2162198&use=l&cat=p&typeid=i","cat":284677},{"id":5901,"n":"Filtre à café Melitta 1x4 Original - x40","p":0.98,"u":"0,02 €/P","img":"https://fd9-photos.leclercdrive.fr/image.ashx?id=2882053&use=l&cat=p&typeid=i","cat":284751},{"id":5907,"n":"Haricots beurre d'aucy Extra-fins - 440g","p":1.81,"u":"4,11 €/KG","img":"https://fd9-photos.leclercdrive.fr/image.ashx?id=2431536&use=l&cat=p&typeid=i","cat":312606},{"id":5909,"n":"Mini gâches briochettes NRT Pur beurre x8 - 360g","p":2.07,"u":"5,75 €/KG","img":"https://fd9-photos.leclercdrive.fr/image.ashx?id=2670416&use=l&cat=p&typeid=i","cat":284478},{"id":5910,"n":"Ketchup Amora 280g","p":1.03,"u":"3,68 €/KG","img":"https://fd9-photos.leclercdrive.fr/image.ashx?id=2766667&use=l&cat=p&typeid=i","cat":284455},{"id":5911,"n":"Sel fin Cérébos 250g","p":0.79,"u":"3,16 €/KG","img":"https://fd9-photos.leclercdrive.fr/image.ashx?id=2904173&use=l&cat=p&typeid=i","cat":284457},{"id":5912,"n":"Sel fin iodé Cérébos 500g","p":0.56,"u":"1,12 €/KG","img":"https://fd9-photos.leclercdrive.fr/image.ashx?id=2522095&use=l&cat=p&typeid=i","cat":284457},{"id":5951,"n":"Ravioli bolognaise   Panzani - 800g","p":3.75,"u":"4,69 €/KG","img":"https://fd9-photos.leclercdrive.fr/image.ashx?id=2876062&use=l&cat=p&typeid=i","cat":284442},{"id":5952,"n":"Couscous Grain Moyen Ferrero - 1kg","p":2.16,"u":"2,16 €/KG","img":"https://fd9-photos.leclercdrive.fr/image.ashx?id=2744740&use=l&cat=p&typeid=i","cat":284429},{"id":5954,"n":"Café moulu San Marco Arabica - 2x250g","p":10.49,"u":"20,98 €/KG","img":"https://fd9-photos.leclercdrive.fr/image.ashx?id=2645510&use=l&cat=p&typeid=i","cat":284750},{"id":6004,"n":"Collants Well Elastivoile Résistant ibiza T2","p":3.45,"img":"https://fd9-photos.leclercdrive.fr/image.ashx?id=2560840&use=l&cat=p&typeid=i","cat":334130},{"id":6006,"n":"Collants Well Elastivoile Résistant noir T2","p":3.45,"img":"https://fd9-photos.leclercdrive.fr/image.ashx?id=2056542&use=l&cat=p&typeid=i","cat":334130},{"id":6031,"n":"Mi-bas Well Elastivoile Résistant noir taille U x2","p":3.45,"img":"https://fd9-photos.leclercdrive.fr/image.ashx?id=2664677&use=l&cat=p&typeid=i","cat":334130},{"id":6032,"n":"Mi-bas Well Elastivoile Ibiza taille TU x2","p":3.45,"img":"https://fd9-photos.leclercdrive.fr/image.ashx?id=2282958&use=l&cat=p&typeid=i","cat":334130},{"id":6035,"n":"Sauce tomate bio Jardin Bio' Provençale - 200g","p":1.53,"u":"7,65 €/KG","img":"https://fd9-photos.leclercdrive.fr/image.ashx?id=3014494&use=l&cat=p&typeid=i","cat":287599},{"id":6037,"n":"Ratatouille Jardin Bio' A la provençale bio - 650g","p":2.73,"u":"4,20 €/KG","img":"https://fd9-photos.leclercdrive.fr/image.ashx?id=2903230&use=l&cat=p&typeid=i","cat":312612},{"id":6048,"n":"Sauce tomate Jardin Bio' Bio Basilic - 200g","p":1.52,"u":"7,60 €/KG","img":"https://fd9-photos.leclercdrive.fr/image.ashx?id=2967848&use=l&cat=p&typeid=i","cat":287599},{"id":6049,"n":"Ravioli Jardin Bio Bio légumes - 675g","p":3.2,"u":"4,74 €/KG","img":"https://fd9-photos.leclercdrive.fr/image.ashx?id=2534878&use=l&cat=p&typeid=i","cat":284442},{"id":6058,"n":"Spaguetti Jardin Bio Bio quinoa tomate - 500g","p":2.11,"u":"4,22 €/KG","img":"https://fd9-photos.leclercdrive.fr/image.ashx?id=3002108&use=l&cat=p&typeid=i","cat":284427},{"id":6067,"n":"Huile d'olive Bio Village Bio Vierge extra - 75cl","p":7.47,"u":"9,96 €/L","img":"https://fd9-photos.leclercdrive.fr/image.ashx?id=3005697&use=l&cat=p&typeid=i","cat":284453},{"id":6069,"n":"Pâtes Coquillettes Bio Village Bio - 500g","p":0.84,"u":"1,68 €/KG","img":"https://fd9-photos.leclercdrive.fr/image.ashx?id=2625364&use=l&cat=p&typeid=i","cat":284427},{"id":6070,"n":"Pâtes tagliatelles Bio Village Bio - 250g","p":1.65,"u":"6,60 €/KG","img":"https://fd9-photos.leclercdrive.fr/image.ashx?id=1986832&use=l&cat=p&typeid=i","cat":284427},{"id":6075,"n":"Quinoa Bio Village Bio - 500g","p":3.15,"u":"6,30 €/KG","img":"https://fd9-photos.leclercdrive.fr/image.ashx?id=1993215&use=l&cat=p&typeid=i","cat":284429},{"id":6076,"n":"Cookies chocolat Bio Village Bio 200g","p":2.71,"u":"13,55 €/KG","img":"https://fd9-photos.leclercdrive.fr/image.ashx?id=2400523&use=l&cat=p&typeid=i","cat":325066},{"id":6078,"n":"Yaourts lait brebis nature Bio Bio village - 2x125g","p":1.42,"u":"5,68 €/KG","img":"https://fd9-photos.leclercdrive.fr/image.ashx?id=2046370&use=l&cat=p&typeid=i","cat":314998},{"id":6085,"n":"Jus de fruits Tropicana Multivitamines - 1,5L","p":3.52,"u":"2,35 €/L","img":"https://fd9-photos.leclercdrive.fr/image.ashx?id=2605818&use=l&cat=p&typeid=i","cat":284917},{"id":6089,"n":"Pâtes Blé complet Barilla Spaghetti Integrale - 500g","p":1.23,"u":"2,46 €/KG","img":"https://fd9-photos.leclercdrive.fr/image.ashx?id=2986951&use=l&cat=p&typeid=i","cat":284427},{"id":6105,"n":"Biscuits apéritif Lay's 3D's Goût Nature Sel - 85g","p":0.78,"u":"9,18 €/KG","img":"https://fd9-photos.leclercdrive.fr/image.ashx?id=2917417&use=l&cat=p&typeid=i","cat":284449},{"id":6106,"n":"Biscuits apéritif Lay's 3D's Goût Fromage - 85g","p":0.79,"u":"9,29 €/KG","img":"https://fd9-photos.leclercdrive.fr/image.ashx?id=2923672&use=l&cat=p&typeid=i","cat":284449},{"id":6145,"n":"Biscuits Goûters REM Chocolat - 3x125g","p":2.4,"u":"6,40 €/KG","img":"https://fd9-photos.leclercdrive.fr/image.ashx?id=2841193&use=l&cat=p&typeid=i","cat":284488},{"id":6151,"n":"Pâtes Coudes rayés Panzani 500g","p":1.09,"u":"2,18 €/KG","img":"https://fd9-photos.leclercdrive.fr/image.ashx?id=2876008&use=l&cat=p&typeid=i","cat":284427},{"id":6152,"n":"Pâtes gansettes Panzani 500g","p":1.11,"u":"2,22 €/KG","img":"https://fd9-photos.leclercdrive.fr/image.ashx?id=2876017&use=l&cat=p&typeid=i","cat":284427},{"id":6153,"n":"Pâtes Macaroni Panzani 1kg","p":1.75,"u":"1,75 €/KG","img":"https://fd9-photos.leclercdrive.fr/image.ashx?id=2876026&use=l&cat=p&typeid=i","cat":284427},{"id":6154,"n":"Pâtes farfalle Panzani 500g","p":0.99,"u":"1,98 €/KG","img":"https://fd9-photos.leclercdrive.fr/image.ashx?id=2884300&use=l&cat=p&typeid=i","cat":284427},{"id":6155,"n":"Pâtes Torti Panzani 3 Minutes - 500G","p":1.1,"u":"2,20 €/KG","img":"https://fd9-photos.leclercdrive.fr/image.ashx?id=2896084&use=l&cat=p&typeid=i","cat":284427},{"id":6165,"n":"Coquillettes Lustucru  3min - 500g","p":1.27,"u":"2,54 €/KG","img":"https://fd9-photos.leclercdrive.fr/image.ashx?id=2345697&use=l&cat=p&typeid=i","cat":284427},{"id":6185,"n":"Sucre glace Béghin Say 500g","p":1.86,"u":"3,72 €/KG","img":"https://fd9-photos.leclercdrive.fr/image.ashx?id=2593608&use=l&cat=p&typeid=i","cat":284502},{"id":6188,"n":"Boisson lactée Candy'UP Fraise - 6x20cl","p":2.65,"u":"2,21 €/L","img":"https://fd9-photos.leclercdrive.fr/image.ashx?id=2485629&use=l&cat=p&typeid=i","cat":295246},{"id":6196,"n":"AOP Côtes du Rhône rouge Prestige Cellier Dauphins 75cl","p":3.38,"u":"4,51 €/L","img":"https://fd9-photos.leclercdrive.fr/image.ashx?id=2490533&use=l&cat=p&typeid=i","cat":289556},{"id":6223,"n":"Fromage Maroilles AOP  Nos Régions ont du Talent 200g","p":2.69,"u":"13,45 €/KG","img":"https://fd9-photos.leclercdrive.fr/image.ashx?id=2411892&use=l&cat=p&typeid=i","cat":329558},{"id":6239,"n":"Nuggets de dinde Le Gaulois  x50 - 1kg","p":7.23,"u":"7,23 €/KG","img":"https://fd9-photos.leclercdrive.fr/image.ashx?id=2921274&use=l&cat=p&typeid=i","cat":333684},{"id":6242,"n":"Café soluble Plantation Qualité filtre - 100g","p":2.75,"u":"27,50 €/KG","img":"https://fd9-photos.leclercdrive.fr/image.ashx?id=1034036&use=l&cat=p&typeid=i","cat":284843},{"id":6249,"n":"Céleri Menu Fraîcheur  Rémoulade - 500g","p":1.58,"u":"3,16 €/KG","img":"https://fd9-photos.leclercdrive.fr/image.ashx?id=2552394&use=l&cat=p&typeid=i","cat":333657},{"id":6254,"n":"Salade Coleslaw Menu Fraîcheur  300g","p":1.19,"u":"3,97 €/KG","img":"https://fd9-photos.leclercdrive.fr/image.ashx?id=2645891&use=l&cat=p&typeid=i","cat":333657},{"id":6291,"n":"Semoule fine Panzani 500g","p":1.03,"u":"2,06 €/KG","img":"https://fd9-photos.leclercdrive.fr/image.ashx?id=2745559&use=l&cat=p&typeid=i","cat":284429},{"id":6314,"n":"Pansements Primoplast Peaux sensibles x30","p":0.74,"img":"https://fd9-photos.leclercdrive.fr/image.ashx?id=2832918&use=l&cat=p&typeid=i","cat":284630},{"id":6344,"n":"Boules soufflées Tokapi  Fromage - 50g","p":0.58,"u":"11,60 €/KG","img":"https://fd9-photos.leclercdrive.fr/image.ashx?id=2885762&use=l&cat=p&typeid=i","cat":284449},{"id":6345,"n":"Couscous Comptoir du Monde Grain moyen - 500g","p":0.84,"u":"1,68 €/KG","img":"https://fd9-photos.leclercdrive.fr/image.ashx?id=3012803&use=l&cat=p&typeid=i","cat":284429},{"id":6350,"n":"Eponges Mamison couleur Super absorbantes x3","p":1.22,"u":"0,41 €/P","img":"https://fd9-photos.leclercdrive.fr/image.ashx?id=2458049&use=l&cat=p&typeid=i","cat":284667},{"id":6353,"n":"Pancetta italienne Saint Azay 10 tranches - 100g","p":2.89,"u":"28,90 €/KG","img":"https://fd9-photos.leclercdrive.fr/image.ashx?id=1913604&use=l&cat=p&typeid=i","cat":316007},{"id":6354,"n":"Miel Nid d'Abeille Crémeux - 500 g","p":3.92,"u":"7,84 €/KG","img":"https://fd9-photos.leclercdrive.fr/image.ashx?id=2522458&use=l&cat=p&typeid=i","cat":287643},{"id":6357,"n":"Chorizo doux Saint Azay 30 tranches - 150g","p":2.09,"u":"13,93 €/KG","img":"https://fd9-photos.leclercdrive.fr/image.ashx?id=1873710&use=l&cat=p&typeid=i","cat":316007},{"id":6358,"n":"Gel nettoyant wc javel Syphon Agrumes 750ml","p":0.89,"u":"1,19 €/L","img":"https://fd9-photos.leclercdrive.fr/image.ashx?id=1883831&use=l&cat=p&typeid=i","cat":284662},{"id":6359,"n":"Croûtons Epi d'Or Fromage - 90g","p":0.99,"u":"11,00 €/KG","img":"https://fd9-photos.leclercdrive.fr/image.ashx?id=2651783&use=l&cat=p&typeid=i","cat":284464},{"id":6360,"n":"Croûtons Epi d'Or  Oignon - 90g","p":0.99,"u":"11,00 €/KG","img":"https://fd9-photos.leclercdrive.fr/image.ashx?id=2640986&use=l&cat=p&typeid=i","cat":284464},{"id":6361,"n":"Crème Dépilatoire Siliss Tous types de peaux - 200ml","p":1.79,"u":"8,95 €/L","img":"https://fd9-photos.leclercdrive.fr/image.ashx?id=2602754&use=l&cat=p&typeid=i","cat":325351},{"id":6362,"n":"Mélange Gourmand Tokapi  Graines et raisins - 120g","p":1.29,"u":"10,75 €/KG","img":"https://fd9-photos.leclercdrive.fr/image.ashx?id=2795547&use=l&cat=p&typeid=i","cat":284448},{"id":6365,"n":"Galettes sarrasin NRT de Bretagne 230g","p":1.79,"u":"7,78 €/KG","img":"https://fd9-photos.leclercdrive.fr/image.ashx?id=2770259&use=l&cat=p&typeid=i","cat":333672},{"id":6390,"n":"Compotes Andros Pomme banane 750g","p":1.72,"u":"2,29 €/KG","img":"https://fd9-photos.leclercdrive.fr/image.ashx?id=2396114&use=l&cat=p&typeid=i","cat":284508},{"id":6391,"n":"Compotes Andros Pomme poire 750g","p":1.74,"u":"2,32 €/KG","img":"https://fd9-photos.leclercdrive.fr/image.ashx?id=2396117&use=l&cat=p&typeid=i","cat":284508},{"id":6392,"n":"Compotes Andros Pomme vanille 750g","p":1.79,"u":"2,39 €/KG","img":"https://fd9-photos.leclercdrive.fr/image.ashx?id=2396120&use=l&cat=p&typeid=i","cat":284508},{"id":6434,"n":"Eau gazeuse Cristaline 6x1,5L","p":1.61,"u":"0,18 €/L","img":"https://fd9-photos.leclercdrive.fr/image.ashx?id=2694602&use=l&cat=p&typeid=i","cat":284536},{"id":6437,"n":"Fromage P'tit Louis  Filet 8 Portions - 160g","p":2.71,"u":"16,94 €/KG","img":"https://fd9-photos.leclercdrive.fr/image.ashx?id=2845994&use=l&cat=p&typeid=i","cat":314030},{"id":6447,"n":"Bonbons Mentos  Fruits 4 rouleaux - 152g","p":1.54,"u":"10,13 €/KG","img":"https://fd9-photos.leclercdrive.fr/image.ashx?id=2659561&use=l&cat=p&typeid=i","cat":304256},{"id":6448,"n":"Petits pois carottes Très fins  Notre Jardin -A l'étuvée - 265g","p":0.95,"u":"3,58 €/KG","img":"https://fd9-photos.leclercdrive.fr/image.ashx?id=2987973&use=l&cat=p&typeid=i","cat":312607},{"id":6452,"n":"Flan Délisse Vanille Caramel - 12x100g","p":1.89,"u":"1,58 €/KG","img":"https://fd9-photos.leclercdrive.fr/image.ashx?id=2851637&use=l&cat=p&typeid=i","cat":284420},{"id":6455,"n":"Soufflés Snacks Tokapi Bacon - 60g","p":0.48,"u":"8,00 €/KG","img":"https://fd9-photos.leclercdrive.fr/image.ashx?id=2625062&use=l&cat=p&typeid=i","cat":284449},{"id":6467,"n":"Pâtes Macaroni Turini 1kg","p":1.35,"u":"1,35 €/KG","img":"https://fd9-photos.leclercdrive.fr/image.ashx?id=2607380&use=l&cat=p&typeid=i","cat":284427},{"id":6471,"n":"Lingettes Individuelles Hygiène Intime Hamamélis Intima x16","p":2.36,"u":"0,15 €/P","img":"https://fd9-photos.leclercdrive.fr/image.ashx?id=2959859&use=l&cat=p&typeid=i","cat":284627},{"id":6484,"n":"Alcool modifié Mercurochrome 70° - 200ml","p":1.79,"u":"8,95 €/L","img":"https://fd9-photos.leclercdrive.fr/image.ashx?id=2663974&use=l&cat=p&typeid=i","cat":284630},{"id":6486,"n":"Biscuits apéritif Lay's 3D's Goût Bacon - 85g","p":0.78,"u":"9,18 €/KG","img":"https://fd9-photos.leclercdrive.fr/image.ashx?id=2917414&use=l&cat=p&typeid=i","cat":284449},{"id":6511,"n":"Pâtes Spaghetti Turini 1kg","p":1.35,"u":"1,35 €/KG","img":"https://fd9-photos.leclercdrive.fr/image.ashx?id=2980764&use=l&cat=p&typeid=i","cat":284427},{"id":6512,"n":"Riz long Comptoir du Grain Sachet cuisson rapide x4 - 500g","p":1.25,"u":"2,50 €/KG","img":"https://fd9-photos.leclercdrive.fr/image.ashx?id=2118454&use=l&cat=p&typeid=i","cat":284428},{"id":6514,"n":"Margarine Nat & vie Idéal cuisson - 500g","p":1.3,"u":"2,60 €/KG","img":"https://fd9-photos.leclercdrive.fr/image.ashx?id=2881223&use=l&cat=p&typeid=i","cat":315229},{"id":6516,"n":"Gâteaux P'tit Déli Pépites au chocolat 5x30g","p":1.02,"u":"6,80 €/KG","img":"https://fd9-photos.leclercdrive.fr/image.ashx?id=1986647&use=l&cat=p&typeid=i","cat":284495},{"id":6519,"n":"Soufflés Frites Tokapi Salé - 80g","p":0.65,"u":"8,13 €/KG","img":"https://fd9-photos.leclercdrive.fr/image.ashx?id=2486074&use=l&cat=p&typeid=i","cat":284449},{"id":6521,"n":"Pâtes chinoises Tables du Monde 250g","p":1.19,"u":"4,76 €/KG","img":"https://fd9-photos.leclercdrive.fr/image.ashx?id=2572058&use=l&cat=p&typeid=i","cat":288992},{"id":6523,"n":"Champignons Paris Notre Jardin Emincés - 2x115g","p":1.71,"u":"7,43 €/KG","img":"https://fd9-photos.leclercdrive.fr/image.ashx?id=2724696&use=l&cat=p&typeid=i","cat":312610},{"id":6525,"n":"Serviette hygiénique Doulys Ultra - Super+ - x12","p":1.09,"u":"0,09 €/P","img":"https://fd9-photos.leclercdrive.fr/image.ashx?id=2704627&use=l&cat=p&typeid=i","cat":284624},{"id":6526,"n":"Serviette hygiénique Doulys Ultra - Spécial nuit - x10","p":1.29,"u":"0,13 €/P","img":"https://fd9-photos.leclercdrive.fr/image.ashx?id=2704630&use=l&cat=p&typeid=i","cat":284624},{"id":6579,"n":"Vinaigre d'alcool coloré Eco+ 1L","p":0.35,"u":"0,35 €/L","img":"https://fd9-photos.leclercdrive.fr/image.ashx?id=1701319&use=l&cat=p&typeid=i","cat":298543},{"id":6580,"n":"Fromage de chévre Les Croisés 150g","p":1.42,"u":"9,47 €/KG","img":"https://fd9-photos.leclercdrive.fr/image.ashx?id=2978510&use=l&cat=p&typeid=i","cat":314031},{"id":6581,"n":"Fromage : Le carrou Les croisés Authentique - 27% mg - 220g","p":2.43,"u":"11,05 €/KG","img":"https://fd9-photos.leclercdrive.fr/image.ashx?id=2084934&use=l&cat=p&typeid=i","cat":314033},{"id":6589,"n":"Fromage Chaource NRT AOP  250g","p":3.55,"u":"14,20 €/KG","img":"https://fd9-photos.leclercdrive.fr/image.ashx?id=2874768&use=l&cat=p&typeid=i","cat":329558},{"id":6630,"n":"Pâtes torsettes Turini Les 3 min - 500g","p":0.82,"u":"1,64 €/KG","img":"https://fd9-photos.leclercdrive.fr/image.ashx?id=2607467&use=l&cat=p&typeid=i","cat":284427},{"id":6648,"n":"Boîte chocolats Ferrero Rocher x28 pralines - 350g","p":11.75,"u":"33,57 €/KG","img":"https://fd9-photos.leclercdrive.fr/image.ashx?id=2952884&use=l&cat=p&typeid=i","cat":327600},{"id":6697,"n":"Collants Well Elastivoile Résistant noir T1","p":3.45,"img":"https://fd9-photos.leclercdrive.fr/image.ashx?id=2056539&use=l&cat=p&typeid=i","cat":334130},{"id":6711,"n":"Spray nettoyant vitres Clair Recharge 750ml","p":1.09,"u":"1,45 €/L","img":"https://fd9-photos.leclercdrive.fr/image.ashx?id=1647691&use=l&cat=p&typeid=i","cat":325363},{"id":6712,"n":"Spray nettoyant vitres Clair 750ml","p":1.29,"u":"1,72 €/L","img":"https://fd9-photos.leclercdrive.fr/image.ashx?id=2943623&use=l&cat=p&typeid=i","cat":325363},{"id":6715,"n":"Assiette charcuterie Saint Azay 200g","p":3.11,"u":"15,55 €/KG","img":"https://fd9-photos.leclercdrive.fr/image.ashx?id=2417734&use=l&cat=p&typeid=i","cat":316007},{"id":6780,"n":"Ail semoule Ducros 60g","p":1.61,"u":"26,83 €/KG","img":"https://fd9-photos.leclercdrive.fr/image.ashx?id=2498672&use=l&cat=p&typeid=i","cat":298297},{"id":6788,"n":"Herbes de provence Ducros 18g","p":1.02,"u":"56,67 €/KG","img":"https://fd9-photos.leclercdrive.fr/image.ashx?id=2486533&use=l&cat=p&typeid=i","cat":298297},{"id":6791,"n":"Piment de cayenne moulu Ducros Extra fort - 38g","p":1.93,"u":"50,79 €/KG","img":"https://fd9-photos.leclercdrive.fr/image.ashx?id=2559433&use=l&cat=p&typeid=i","cat":298297},{"id":6797,"n":"Herbes de Provence Ducros 120g","p":3.07,"u":"25,58 €/KG","img":"https://fd9-photos.leclercdrive.fr/image.ashx?id=2383571&use=l&cat=p&typeid=i","cat":298297},{"id":6798,"n":"Safran en poudre Ducros 3 doses de 0.1g","p":4.24,"img":"https://fd9-photos.leclercdrive.fr/image.ashx?id=2490488&use=l&cat=p&typeid=i","cat":298297},{"id":6799,"n":"Poivre gris moulu et sel Ducros 2x34g","p":2.04,"u":"30,00 €/KG","img":"https://fd9-photos.leclercdrive.fr/image.ashx?id=2759457&use=l&cat=p&typeid=i","cat":284457},{"id":6803,"n":"Pralin Vahiné 100g","p":2.06,"u":"20,60 €/KG","img":"https://fd9-photos.leclercdrive.fr/image.ashx?id=2559775&use=l&cat=p&typeid=i","cat":284504},{"id":6806,"n":"Bougies d'anniversaire Vahiné Couleur divers - 16 pièces","p":1.36,"u":"0,09 €/P","img":"https://fd9-photos.leclercdrive.fr/image.ashx?id=1865903&use=l&cat=p&typeid=i","cat":284504},{"id":6809,"n":"Arôme naturel de vanille Vahiné Liquide 50ml","p":3.91,"u":"78,20 €/L","img":"https://fd9-photos.leclercdrive.fr/image.ashx?id=2541193&use=l&cat=p&typeid=i","cat":284504},{"id":6810,"n":"Nappage chocolat Vahiné 350g","p":2.5,"u":"7,14 €/KG","img":"https://fd9-photos.leclercdrive.fr/image.ashx?id=2938656&use=l&cat=p&typeid=i","cat":284504},{"id":6837,"n":"Madeleines longues P'tit Déli 440g","p":2.55,"u":"5,80 €/KG","img":"https://fd9-photos.leclercdrive.fr/image.ashx?id=2540310&use=l&cat=p&typeid=i","cat":284492},{"id":6843,"n":"AOP Champagne Alfred Rothschild Brut 12.5%vol - 75cl","p":21.72,"u":"28,96 €/L","img":"https://fd9-photos.leclercdrive.fr/image.ashx?id=2979683&use=l&cat=p&typeid=i","cat":284542},{"id":6847,"n":"Canapés toasts Epi d'Or Briochés - 250g","p":1.12,"u":"4,48 €/KG","img":"https://fd9-photos.leclercdrive.fr/image.ashx?id=2610190&use=l&cat=p&typeid=i","cat":285454},{"id":6879,"n":"Fromage Gouda Les Croisés En tranche - 200g","p":1.97,"u":"9,85 €/KG","img":"https://fd9-photos.leclercdrive.fr/image.ashx?id=2028173&use=l&cat=p&typeid=i","cat":314028},{"id":6880,"n":"Fromage Mimolette Les Croisés En tranche x8 - 200g","p":1.85,"u":"9,25 €/KG","img":"https://fd9-photos.leclercdrive.fr/image.ashx?id=2028176&use=l&cat=p&typeid=i","cat":314028},{"id":6881,"n":"Fromage Maasdam Les Croisés En tranche x8 - 200g","p":1.91,"u":"9,55 €/KG","img":"https://fd9-photos.leclercdrive.fr/image.ashx?id=1990673&use=l&cat=p&typeid=i","cat":314028},{"id":7013,"n":"Compote bébé Babybio Bio 4 mois Pomme / Pêche - 2x130g","p":2.42,"u":"9,31 €/KG","img":"https://fd9-photos.leclercdrive.fr/image.ashx?id=2859362&use=l&cat=p&typeid=i","cat":312387},{"id":7017,"n":"Compote bébé Babybio Bio 4 mois Pomme / Banane - 2x130g","p":1.84,"u":"7,08 €/KG","img":"https://fd9-photos.leclercdrive.fr/image.ashx?id=2832011&use=l&cat=p&typeid=i","cat":312387},{"id":7025,"n":"Pizza Cuite sur pierre Turini Jambon fromage - 400g","p":2.85,"u":"7,13 €/KG","img":"https://fd9-photos.leclercdrive.fr/image.ashx?id=2471676&use=l&cat=p&typeid=i","cat":284256},{"id":7029,"n":"Velouté de carotte Régal A la Crème fraîche - 1L","p":1.41,"u":"1,41 €/L","img":"https://fd9-photos.leclercdrive.fr/image.ashx?id=2905889&use=l&cat=p&typeid=i","cat":284462},{"id":7030,"n":"Sauce Tomate cuisinée Turini Aux petits légumes - 180g","p":0.84,"u":"4,67 €/KG","img":"https://fd9-photos.leclercdrive.fr/image.ashx?id=2490034&use=l&cat=p&typeid=i","cat":288384},{"id":7056,"n":"Soupe de poissons MSC Pêche Océan - 1kg","p":2.99,"u":"2,99 €/KG","img":"https://fd9-photos.leclercdrive.fr/image.ashx?id=2480060&use=l&cat=p&typeid=i","cat":287366},{"id":7071,"n":"Petits Boudoirs Babybio Bio - Orange Douce - 120g","p":2.67,"u":"22,25 €/KG","img":"https://fd9-photos.leclercdrive.fr/image.ashx?id=2733262&use=l&cat=p&typeid=i","cat":312227},{"id":7126,"n":"Riz cantonais  Traditions d'Asie - 400g","p":3.1,"u":"7,75 €/KG","img":"https://fd9-photos.leclercdrive.fr/image.ashx?id=2505043&use=l&cat=p&typeid=i","cat":333673},{"id":7128,"n":"Porc au caramel Tables du Monde Riz thaï 300g","p":3.05,"u":"10,17 €/KG","img":"https://fd9-photos.leclercdrive.fr/image.ashx?id=2700957&use=l&cat=p&typeid=i","cat":333665},{"id":7132,"n":"Samoussa Tables du Monde Crevette curry - x6 - 200g","p":3.19,"u":"13,87 €/KG","img":"https://fd9-photos.leclercdrive.fr/image.ashx?id=2591712&use=l&cat=p&typeid=i","cat":333673},{"id":7216,"n":"Talc bébé Mots d'Enfants 250g","p":1.89,"u":"7,56 €/KG","img":"https://fd9-photos.leclercdrive.fr/image.ashx?id=2100766&use=l&cat=p&typeid=i","cat":284741},{"id":7282,"n":"Compote Douceur du Verger  Pomme Poire - 4x100g","p":1.09,"u":"2,73 €/KG","img":"https://fd9-photos.leclercdrive.fr/image.ashx?id=762794&use=l&cat=p&typeid=i","cat":284416},{"id":7283,"n":"Compote Douceur du Verger Pomme banane - 4x100g","p":1.25,"u":"3,13 €/KG","img":"https://fd9-photos.leclercdrive.fr/image.ashx?id=1944099&use=l&cat=p&typeid=i","cat":284416},{"id":7284,"n":"Compote Douceur du Verger Pomme Fraise - 4x100g","p":1.09,"u":"2,73 €/KG","img":"https://fd9-photos.leclercdrive.fr/image.ashx?id=2607873&use=l&cat=p&typeid=i","cat":284416},{"id":7289,"n":"Crème Dépilatoire Siliss Peaux sensibles - 200ml","p":1.79,"u":"8,95 €/L","img":"https://fd9-photos.leclercdrive.fr/image.ashx?id=2510732&use=l&cat=p&typeid=i","cat":325351},{"id":7293,"n":"Râpé 3 fromages Les Croisés 200g","p":1.79,"u":"8,95 €/KG","img":"https://fd9-photos.leclercdrive.fr/image.ashx?id=2067974&use=l&cat=p&typeid=i","cat":314035},{"id":7294,"n":"Huile de tournesol Bio Village Bio - 75cl","p":3.59,"u":"4,79 €/L","img":"https://fd9-photos.leclercdrive.fr/image.ashx?id=2814447&use=l&cat=p&typeid=i","cat":284453},{"id":7315,"n":"Concentré de tomates Eco+ 2x140g","p":1.28,"u":"4,57 €/KG","img":"https://fd9-photos.leclercdrive.fr/image.ashx?id=2683511&use=l&cat=p&typeid=i","cat":288384},{"id":7316,"n":"Concentré de tomates Eco+ 3x70g","p":1.75,"u":"8,33 €/KG","img":"https://fd9-photos.leclercdrive.fr/image.ashx?id=2460042&use=l&cat=p&typeid=i","cat":288384},{"id":7343,"n":"Pâtes Panzani Penne rigate - 500g","p":0.95,"u":"1,90 €/KG","img":"https://fd9-photos.leclercdrive.fr/image.ashx?id=2876011&use=l&cat=p&typeid=i","cat":284427},{"id":7344,"n":"Pâtes petits paniers Panzani 500g","p":1.06,"u":"2,12 €/KG","img":"https://fd9-photos.leclercdrive.fr/image.ashx?id=2876014&use=l&cat=p&typeid=i","cat":284427},{"id":7345,"n":"Pâtes serpentini Panzani 500g","p":0.99,"u":"1,98 €/KG","img":"https://fd9-photos.leclercdrive.fr/image.ashx?id=2876044&use=l&cat=p&typeid=i","cat":284427},{"id":7349,"n":"Croquettes chat One Purina Stérilisé - Boeuf/Blé - 450g","p":2.39,"u":"5,31 €/KG","img":"https://fd9-photos.leclercdrive.fr/image.ashx?id=2681044&use=l&cat=p&typeid=i","cat":284680},{"id":7359,"n":"Gorgonzola AOP Les Croisés -150g","p":2.47,"u":"16,47 €/KG","img":"https://fd9-photos.leclercdrive.fr/image.ashx?id=2796037&use=l&cat=p&typeid=i","cat":314032},{"id":7360,"n":"Mortadelle Italienne Saint Azay 12 tranches 150g","p":2.14,"u":"14,27 €/KG","img":"https://fd9-photos.leclercdrive.fr/image.ashx?id=2361107&use=l&cat=p&typeid=i","cat":316009},{"id":7361,"n":"Fromage Edam Les Croisés En tranche x8 - 200g","p":1.97,"u":"9,85 €/KG","img":"https://fd9-photos.leclercdrive.fr/image.ashx?id=2041351&use=l&cat=p&typeid=i","cat":314028},{"id":7362,"n":"Riz Basmati Comptoir du Grain Express 2 min - 250g","p":0.99,"u":"3,96 €/KG","img":"https://fd9-photos.leclercdrive.fr/image.ashx?id=2441192&use=l&cat=p&typeid=i","cat":287600},{"id":7363,"n":"Riz Express Comptoir du Grain A la méditerranéenne - 250g","p":1.2,"u":"4,80 €/KG","img":"https://fd9-photos.leclercdrive.fr/image.ashx?id=2856474&use=l&cat=p&typeid=i","cat":287600},{"id":7366,"n":"Sauce Champignons Rustica 27g","p":0.55,"u":"20,37 €/KG","img":"https://fd9-photos.leclercdrive.fr/image.ashx?id=2965425&use=l&cat=p&typeid=i","cat":288381},{"id":7432,"n":"Huile de friture Frial Lesieur 2L","p":6.15,"u":"3,08 €/L","img":"https://fd9-photos.leclercdrive.fr/image.ashx?id=2916857&use=l&cat=p&typeid=i","cat":284453},{"id":7437,"n":"Pâte brisée Tablier Blanc Au beurre - 230g","p":1.17,"u":"5,09 €/KG","img":"https://fd9-photos.leclercdrive.fr/image.ashx?id=2031631&use=l&cat=p&typeid=i","cat":333681},{"id":7441,"n":"Huile de friture Rustica 1L","p":2.75,"u":"2,75 €/L","img":"https://fd9-photos.leclercdrive.fr/image.ashx?id=2500800&use=l&cat=p&typeid=i","cat":284453},{"id":7443,"n":"Dessert fruitier pomme poire Douceur du Verger s/sucre 4x97g","p":1.25,"u":"3,22 €/KG","img":"https://fd9-photos.leclercdrive.fr/image.ashx?id=1957066&use=l&cat=p&typeid=i","cat":284416},{"id":7444,"n":"Dessert fruitier pomme Douceur du Verger s/sucre 4x97g","p":1.05,"u":"2,71 €/KG","img":"https://fd9-photos.leclercdrive.fr/image.ashx?id=2425440&use=l&cat=p&typeid=i","cat":284416},{"id":7448,"n":"Compote Douceur du Verger Coupelle pomme pruneau - 4x100g","p":1.36,"u":"3,40 €/KG","img":"https://fd9-photos.leclercdrive.fr/image.ashx?id=2663479&use=l&cat=p&typeid=i","cat":284508},{"id":7450,"n":"Gâteaux fourrés P'tit Déli Fraise x7 - 196g","p":2.8,"u":"14,29 €/KG","img":"https://fd9-photos.leclercdrive.fr/image.ashx?id=2046044&use=l&cat=p&typeid=i","cat":284495},{"id":7452,"n":"Tubes Fromage blanc Délisse 3 parfums - 12 x40g","p":2.38,"u":"4,96 €/KG","img":"https://fd9-photos.leclercdrive.fr/image.ashx?id=2884231&use=l&cat=p&typeid=i","cat":284415},{"id":7459,"n":"Pâtes Barilla Spaghetti n°5 - 500g","p":0.92,"u":"1,84 €/KG","img":"https://fd9-photos.leclercdrive.fr/image.ashx?id=2392200&use=l&cat=p&typeid=i","cat":284427},{"id":7466,"n":"Pain grillé Epi d'or Brioché x26 - 300g","p":2.15,"u":"7,17 €/KG","img":"https://fd9-photos.leclercdrive.fr/image.ashx?id=2532835&use=l&cat=p&typeid=i","cat":284479},{"id":7529,"n":"Fromage Comté Entremont 200g","p":3.05,"u":"15,25 €/KG","img":"https://fd9-photos.leclercdrive.fr/image.ashx?id=2983144&use=l&cat=p&typeid=i","cat":314034},{"id":7530,"n":"Crème fraîche épaisse Bridélice 15%mg 20cl","p":0.8,"u":"4,00 €/L","img":"https://fd9-photos.leclercdrive.fr/image.ashx?id=2970873&use=l&cat=p&typeid=i","cat":284381},{"id":7540,"n":"Barquette chiens Lydog Au Poulet et Rognons - 300g","p":1.35,"u":"4,50 €/KG","img":"https://fd9-photos.leclercdrive.fr/image.ashx?id=2042427&use=l&cat=p&typeid=i","cat":284673},{"id":7548,"n":"Ail Rustica 100g","p":1.69,"u":"16,90 €/KG","img":"https://fd9-photos.leclercdrive.fr/image.ashx?id=2365451&use=l&cat=p&typeid=i","cat":319804},{"id":7549,"n":"Persil Rustica 50g","p":0.99,"u":"19,80 €/KG","img":"https://fd9-photos.leclercdrive.fr/image.ashx?id=2365454&use=l&cat=p&typeid=i","cat":319804},{"id":7560,"n":"Barquettes chats Tous mes amis Mousselines 4 variétés - 4x85g","p":1.75,"u":"5,15 €/KG","img":"https://fd9-photos.leclercdrive.fr/image.ashx?id=2815749&use=l&cat=p&typeid=i","cat":285286},{"id":7563,"n":"Coulis de tomate bio Jardin Bio 500g","p":1.68,"u":"3,36 €/KG","img":"https://fd9-photos.leclercdrive.fr/image.ashx?id=2918841&use=l&cat=p&typeid=i","cat":288384},{"id":7578,"n":"Thé vert bio orange Jardin Bio' Bergamote Max Havelaar x20 30g","p":2.5,"u":"83,33 €/KG","img":"https://fd9-photos.leclercdrive.fr/image.ashx?id=2792666&use=l&cat=p&typeid=i","cat":293233},{"id":7585,"n":"Echalote Rustica 100g","p":1.69,"u":"16,90 €/KG","img":"https://fd9-photos.leclercdrive.fr/image.ashx?id=2365457&use=l&cat=p&typeid=i","cat":319804},{"id":7586,"n":"Fond de veau Rustica 110g","p":2.11,"u":"19,18 €/KG","img":"https://fd9-photos.leclercdrive.fr/image.ashx?id=2188679&use=l&cat=p&typeid=i","cat":288379},{"id":7589,"n":"Biscuits Mikado LU Chocolat au lait - 3x39g","p":2.13,"u":"18,21 €/KG","img":"https://fd9-photos.leclercdrive.fr/image.ashx?id=3001970&use=l&cat=p&typeid=i","cat":284488},{"id":7598,"n":"Ravioli de volaille Jardin Bio' Bio - 700g","p":4.03,"u":"5,76 €/KG","img":"https://fd9-photos.leclercdrive.fr/image.ashx?id=2950183&use=l&cat=p&typeid=i","cat":284442},{"id":7599,"n":"Haricots verts Jardin Bio' Bio extra fin coupés - 360g","p":2.34,"u":"6,50 €/KG","img":"https://fd9-photos.leclercdrive.fr/image.ashx?id=2967151&use=l&cat=p&typeid=i","cat":312606},{"id":7600,"n":"Petits pois carottes JardinBio' Bio - 420g","p":2.58,"u":"6,14 €/KG","img":"https://fd9-photos.leclercdrive.fr/image.ashx?id=2947958&use=l&cat=p&typeid=i","cat":312607},{"id":7601,"n":"Dessert fruitier Jardin Bio' bio Pomme vanille bourbon 680g","p":2.68,"u":"3,94 €/KG","img":"https://fd9-photos.leclercdrive.fr/image.ashx?id=2967786&use=l&cat=p&typeid=i","cat":284508},{"id":7610,"n":"Préparation crêpes Francine 380g","p":1.6,"u":"4,21 €/KG","img":"https://fd9-photos.leclercdrive.fr/image.ashx?id=2989120&use=l&cat=p&typeid=i","cat":284505},{"id":7672,"n":"Cordon Bleu Le Gaulois Poulet - 200g","p":1.64,"u":"8,20 €/KG","img":"https://fd9-photos.leclercdrive.fr/image.ashx?id=2860223&use=l&cat=p&typeid=i","cat":333683},{"id":7693,"n":"Magret de canard Sud Ouest NRT Séché - 90g","p":3.79,"u":"42,11 €/KG","img":"https://fd9-photos.leclercdrive.fr/image.ashx?id=2966842&use=l&cat=p&typeid=i","cat":316007},{"id":7694,"n":"Magret de canard Sud Ouest NRT Fumé - 90g","p":3.79,"u":"42,11 €/KG","img":"https://fd9-photos.leclercdrive.fr/image.ashx?id=2958380&use=l&cat=p&typeid=i","cat":316007},{"id":7713,"n":"Dessert fruitier pomme pruneaux Douceur du Verger s/sucre4x100g","p":1.54,"u":"3,85 €/KG","img":"https://fd9-photos.leclercdrive.fr/image.ashx?id=1962960&use=l&cat=p&typeid=i","cat":284416},{"id":7744,"n":"Galette Céréal Bio   Bio quinoa Tomate x2 200G","p":2.0,"u":"10,00 €/KG","img":"https://fd9-photos.leclercdrive.fr/image.ashx?id=2968181&use=l&cat=p&typeid=i","cat":284953},{"id":7857,"n":"Croquettes chiens Fido Au boeuf 1kg","p":2.74,"u":"2,74 €/KG","img":"https://fd9-photos.leclercdrive.fr/image.ashx?id=2972964&use=l&cat=p&typeid=i","cat":294526},{"id":7864,"n":"Yaourts sucrés Délisse Nature  - 4x125g","p":0.99,"u":"1,98 €/KG","img":"https://fd9-photos.leclercdrive.fr/image.ashx?id=2590415&use=l&cat=p&typeid=i","cat":284409},{"id":7866,"n":"Beurre Tendre Les Croisés Demi-sel - 80% MG - 250g","p":2.51,"u":"10,04 €/KG","img":"https://fd9-photos.leclercdrive.fr/image.ashx?id=2839899&use=l&cat=p&typeid=i","cat":284379},{"id":7868,"n":"Sardines Pêche Océan Huile de tournesol - 135g","p":0.95,"u":"7,04 €/KG","img":"https://fd9-photos.leclercdrive.fr/image.ashx?id=1986246&use=l&cat=p&typeid=i","cat":305146},{"id":7881,"n":"Camembert Les Croisés 8 portions - 22% mg - 8x30g","p":2.19,"u":"9,13 €/KG","img":"https://fd9-photos.leclercdrive.fr/image.ashx?id=2974798&use=l&cat=p&typeid=i","cat":314033},{"id":7887,"n":"Selles-sur-Cher NRT AOP  Fromage de chèvre - 150g","p":3.49,"u":"23,27 €/KG","img":"https://fd9-photos.leclercdrive.fr/image.ashx?id=2586031&use=l&cat=p&typeid=i","cat":314031},{"id":7889,"n":"Fromage Reblochon NRT AOP 240g","p":3.71,"u":"15,46 €/KG","img":"https://fd9-photos.leclercdrive.fr/image.ashx?id=2049100&use=l&cat=p&typeid=i","cat":314037},{"id":7972,"n":"Beurre Moulé Paysan Breton Doux - 82%MG - 250g","p":3.16,"u":"12,64 €/KG","img":"https://fd9-photos.leclercdrive.fr/image.ashx?id=2946943&use=l&cat=p&typeid=i","cat":284379},{"id":7993,"n":"Beurre d'escargot Rustica Ail et persil - 250g","p":3.49,"u":"13,96 €/KG","img":"https://fd9-photos.leclercdrive.fr/image.ashx?id=1915569&use=l&cat=p&typeid=i","cat":319775},{"id":7996,"n":"Poireaux Notre Jardin En rondelles 1kg","p":1.3,"u":"1,30 €/KG","img":"https://fd9-photos.leclercdrive.fr/image.ashx?id=2873123&use=l&cat=p&typeid=i","cat":319805},{"id":8012,"n":"Friandises pour chien Lydog Biscuits fourrés Viande - 500g","p":1.29,"u":"2,58 €/KG","img":"https://fd9-photos.leclercdrive.fr/image.ashx?id=2191114&use=l&cat=p&typeid=i","cat":294527},{"id":8013,"n":"Friandises pour chien Lydog Biscuits croquants - 500g","p":1.29,"u":"2,58 €/KG","img":"https://fd9-photos.leclercdrive.fr/image.ashx?id=1954353&use=l&cat=p&typeid=i","cat":294527},{"id":8017,"n":"Pâtes Penne Regate Turini 500g","p":0.59,"u":"1,18 €/KG","img":"https://fd9-photos.leclercdrive.fr/image.ashx?id=2052253&use=l&cat=p&typeid=i","cat":284427},{"id":8024,"n":"Barquette chiens Lydog 3 saveurs - 3x300g","p":3.78,"u":"4,20 €/KG","img":"https://fd9-photos.leclercdrive.fr/image.ashx?id=2050639&use=l&cat=p&typeid=i","cat":284673},{"id":8025,"n":"Barquette chiens Lydog 3 saveurs - 3x300g","p":3.79,"u":"4,21 €/KG","img":"https://fd9-photos.leclercdrive.fr/image.ashx?id=2050642&use=l&cat=p&typeid=i","cat":284673},{"id":8026,"n":"Soupe Velouté Régal Soupe Poireaux Pommes de terre 2x30cl","p":1.07,"u":"1,78 €/L","img":"https://fd9-photos.leclercdrive.fr/image.ashx?id=2607440&use=l&cat=p&typeid=i","cat":284462},{"id":8027,"n":"Soupe Velouté Régal Soupe 10 légumes - 2x30cl","p":1.19,"u":"1,98 €/L","img":"https://fd9-photos.leclercdrive.fr/image.ashx?id=2607443&use=l&cat=p&typeid=i","cat":284462},{"id":8136,"n":"Biscuits raisin GERBLE  - 4x5, 360g","p":1.53,"u":"4,25 €/KG","img":"https://fd9-photos.leclercdrive.fr/image.ashx?id=2578726&use=l&cat=p&typeid=i","cat":318651},{"id":8178,"n":"Infusion Tisea Douce soirée 25 sachets","p":0.99,"u":"28,29 €/KG","img":"https://fd9-photos.leclercdrive.fr/image.ashx?id=2441180&use=l&cat=p&typeid=i","cat":293234},{"id":8182,"n":"Mini Feuilletés Côté Table Saucisse x20 - 350g","p":4.19,"u":"11,97 €/KG","img":"https://fd9-photos.leclercdrive.fr/image.ashx?id=2996134&use=l&cat=p&typeid=i","cat":319774},{"id":8210,"n":"Barquettes chats Tous mes amis Mousselines 4 variétés - 12x85g","p":4.79,"u":"4,70 €/KG","img":"https://fd9-photos.leclercdrive.fr/image.ashx?id=583957&use=l&cat=p&typeid=i","cat":285286},{"id":8217,"n":"Filet de Merlu Pêche Océan 4 à 5 pièces 450g","p":6.52,"u":"14,49 €/KG","img":"https://fd9-photos.leclercdrive.fr/image.ashx?id=2553905&use=l&cat=p&typeid=i","cat":319788},{"id":8324,"n":"Tomates séchées Florelli 270g","p":3.19,"u":"11,81 €/KG","img":"https://fd9-photos.leclercdrive.fr/image.ashx?id=2633094&use=l&cat=p&typeid=i","cat":289010},{"id":8329,"n":"Crème de vinaigre de Modène Toscoro - 250ml","p":3.73,"u":"14,92 €/L","img":"https://fd9-photos.leclercdrive.fr/image.ashx?id=2767401&use=l&cat=p&typeid=i","cat":289010},{"id":8337,"n":"Tapenade d'Olives noires  Les Tartinables Florelli 190g","p":2.16,"u":"11,37 €/KG","img":"https://fd9-photos.leclercdrive.fr/image.ashx?id=2884690&use=l&cat=p&typeid=i","cat":289010},{"id":8375,"n":"Sauce Déshydratée KNORR Aux Trois Poivres - 32g","p":0.67,"u":"23,93 €/KG","img":"https://fd9-photos.leclercdrive.fr/image.ashx?id=2875933&use=l&cat=p&typeid=i","cat":288381},{"id":8382,"n":"Pâtes spaghetti plat Panzani 500g","p":0.92,"u":"1,84 €/KG","img":"https://fd9-photos.leclercdrive.fr/image.ashx?id=2876041&use=l&cat=p&typeid=i","cat":284427},{"id":8383,"n":"Pâtes Coquillettes Panzani 3 Minutes - 500G","p":1.11,"u":"2,22 €/KG","img":"https://fd9-photos.leclercdrive.fr/image.ashx?id=2867945&use=l&cat=p&typeid=i","cat":284427},{"id":8388,"n":"Pâtes Lustucru macaroni Aux oeufs - 250g","p":0.91,"u":"3,64 €/KG","img":"https://fd9-photos.leclercdrive.fr/image.ashx?id=2519471&use=l&cat=p&typeid=i","cat":284427},{"id":8393,"n":"Escalope Milanaise Marie 300g","p":3.03,"u":"10,10 €/KG","img":"https://fd9-photos.leclercdrive.fr/image.ashx?id=2317408&use=l&cat=p&typeid=i","cat":333665},{"id":8397,"n":"Madeleine Bonne Maman Pur beurre tradition 300g","p":2.66,"u":"8,87 €/KG","img":"https://fd9-photos.leclercdrive.fr/image.ashx?id=2936137&use=l&cat=p&typeid=i","cat":284492},{"id":8413,"n":"Biscuits Crackers Tokapi  Nature - 3x100g","p":1.38,"u":"4,60 €/KG","img":"https://fd9-photos.leclercdrive.fr/image.ashx?id=2660550&use=l&cat=p&typeid=i","cat":297000},{"id":8415,"n":"Pâtes coquillettes Turini Les 3 min - 500g","p":0.72,"u":"1,44 €/KG","img":"https://fd9-photos.leclercdrive.fr/image.ashx?id=2607461&use=l&cat=p&typeid=i","cat":284427},{"id":8419,"n":"Biscuits Crackers Tokapi Emmental - 100g","p":0.69,"u":"6,90 €/KG","img":"https://fd9-photos.leclercdrive.fr/image.ashx?id=2351226&use=l&cat=p&typeid=i","cat":297000},{"id":8424,"n":"Biscottes Heudebert  Fibres plus - 280g","p":2.02,"u":"7,21 €/KG","img":"https://fd9-photos.leclercdrive.fr/image.ashx?id=2679503&use=l&cat=p&typeid=i","cat":284479},{"id":8428,"n":"Biscuits sablés Granola Chocolat au lait - 225g","p":1.62,"u":"7,20 €/KG","img":"https://fd9-photos.leclercdrive.fr/image.ashx?id=2346675&use=l&cat=p&typeid=i","cat":284488},{"id":8432,"n":"Biscuit Roudor St Michel 2x150g","p":2.56,"u":"8,53 €/KG","img":"https://fd9-photos.leclercdrive.fr/image.ashx?id=2935690&use=l&cat=p&typeid=i","cat":284487},{"id":8433,"n":"Pâtes Coquillettes Panzani Prêt en 3 min - 1kg","p":2.15,"u":"2,15 €/KG","img":"https://fd9-photos.leclercdrive.fr/image.ashx?id=2896093&use=l&cat=p&typeid=i","cat":284427},{"id":8447,"n":"Pommes Pink Lady Barquette x6","p":3.45,"u":"0,58 €/P","img":"https://fd9-photos.leclercdrive.fr/image.ashx?id=2121671&use=l&cat=p&typeid=i","cat":284356},{"id":8471,"n":"Lait en poudre Délisse Ecrémé - 750g","p":4.99,"u":"6,65 €/KG","img":"https://fd9-photos.leclercdrive.fr/image.ashx?id=1189766&use=l&cat=p&typeid=i","cat":299162},{"id":8474,"n":"Terrines Tous Mes Amis Les délices de la mer - 3x400g","p":3.69,"u":"3,08 €/KG","img":"https://fd9-photos.leclercdrive.fr/image.ashx?id=1671547&use=l&cat=p&typeid=i","cat":285601},{"id":8475,"n":"Serviette hygiénique Doulys Maxi confort - Normal - x18","p":0.99,"u":"0,06 €/P","img":"https://fd9-photos.leclercdrive.fr/image.ashx?id=2637841&use=l&cat=p&typeid=i","cat":284624},{"id":8494,"n":"Biscuits déli matin P'tit Déli Chocolat/pépites - 600g","p":3.18,"u":"5,30 €/KG","img":"https://fd9-photos.leclercdrive.fr/image.ashx?id=1875833&use=l&cat=p&typeid=i","cat":284491},{"id":8504,"n":"Biscottes bio Bio Village Complètes x36 - 300g","p":2.2,"u":"7,33 €/KG","img":"https://fd9-photos.leclercdrive.fr/image.ashx?id=1897411&use=l&cat=p&typeid=i","cat":284479},{"id":8515,"n":"Bâtonnets Dentastix Pedigree Moyen chien x28 - 720g","p":6.8,"u":"9,44 €/KG","img":"https://fd9-photos.leclercdrive.fr/image.ashx?id=2980094&use=l&cat=p&typeid=i","cat":294527},{"id":8521,"n":"Café Soluble Nescafé Spécial Filtre Original - 100g","p":5.05,"u":"50,50 €/KG","img":"https://fd9-photos.leclercdrive.fr/image.ashx?id=2866753&use=l&cat=p&typeid=i","cat":284843},{"id":8528,"n":"Sel fin La Baleine Iodé et fluoré - 750g","p":0.76,"u":"1,01 €/KG","img":"https://fd9-photos.leclercdrive.fr/image.ashx?id=2790612&use=l&cat=p&typeid=i","cat":284457},{"id":8535,"n":"Olives noires Rustica Entières - 225g","p":0.99,"u":"4,40 €/KG","img":"https://fd9-photos.leclercdrive.fr/image.ashx?id=1698875&use=l&cat=p&typeid=i","cat":284458},{"id":8538,"n":"100% Pur jus d'orange Jafaden  Avec pulpe - 1L","p":1.99,"u":"1,99 €/L","img":"https://fd9-photos.leclercdrive.fr/image.ashx?id=2520017&use=l&cat=p&typeid=i","cat":284521},{"id":8539,"n":"Nectar Jafaden Pêche - 1L","p":1.99,"u":"1,99 €/L","img":"https://fd9-photos.leclercdrive.fr/image.ashx?id=2955689&use=l&cat=p&typeid=i","cat":284915},{"id":8541,"n":"Nectar Jafaden Mangue - 1L","p":2.15,"u":"2,15 €/L","img":"https://fd9-photos.leclercdrive.fr/image.ashx?id=2955710&use=l&cat=p&typeid=i","cat":284916},{"id":8553,"n":"Sauce Barbecue AMORA 490g","p":1.96,"u":"4,00 €/KG","img":"https://fd9-photos.leclercdrive.fr/image.ashx?id=2877298&use=l&cat=p&typeid=i","cat":318431},{"id":8558,"n":"Savon L'Authentique Monsavon Lavant Antibactérien - 6x100g","p":4.08,"u":"6,80 €/KG","img":"https://fd9-photos.leclercdrive.fr/image.ashx?id=2881332&use=l&cat=p&typeid=i","cat":284597},{"id":8559,"n":"Biscuits Bjorg Fourrés Chocolat noir bio 225g","p":2.78,"u":"12,36 €/KG","img":"https://fd9-photos.leclercdrive.fr/image.ashx?id=2970912&use=l&cat=p&typeid=i","cat":284488},{"id":8564,"n":"Pâtes Barilla  Linguine - 500g","p":1.08,"u":"2,16 €/KG","img":"https://fd9-photos.leclercdrive.fr/image.ashx?id=3004444&use=l&cat=p&typeid=i","cat":284427},{"id":8566,"n":"Chocolat noir Bio Village Bio -Dégustation 74% cacao 100g","p":1.59,"u":"15,90 €/KG","img":"https://fd9-photos.leclercdrive.fr/image.ashx?id=2045623&use=l&cat=p&typeid=i","cat":284956},{"id":8572,"n":"Tablette chocolat Côte d'Or Chocolat au lait - 200g","p":3.06,"u":"15,30 €/KG","img":"https://fd9-photos.leclercdrive.fr/image.ashx?id=2944362&use=l&cat=p&typeid=i","cat":284497},{"id":8576,"n":"Pâtes Barilla Torsades - 500g","p":0.92,"u":"1,84 €/KG","img":"https://fd9-photos.leclercdrive.fr/image.ashx?id=2392224&use=l&cat=p&typeid=i","cat":284427},{"id":8642,"n":"Dentifrice Dentamyl Anti-tartre 75ml","p":0.74,"u":"9,87 €/L","img":"https://fd9-photos.leclercdrive.fr/image.ashx?id=2489098&use=l&cat=p&typeid=i","cat":284612},{"id":8643,"n":"Amandes en poudre Tablier Blanc 125g","p":1.6,"u":"12,80 €/KG","img":"https://fd9-photos.leclercdrive.fr/image.ashx?id=2460577&use=l&cat=p&typeid=i","cat":284504},{"id":8645,"n":"Pepites de chocolat Tablier Blanc - 100g","p":1.43,"u":"14,30 €/KG","img":"https://fd9-photos.leclercdrive.fr/image.ashx?id=2723138&use=l&cat=p&typeid=i","cat":284504},{"id":8646,"n":"Noix de Coco Râpée  Tablier Blanc - 125g","p":1.41,"u":"11,28 €/KG","img":"https://fd9-photos.leclercdrive.fr/image.ashx?id=2460583&use=l&cat=p&typeid=i","cat":284504},{"id":8647,"n":"Gélatine alimentaire Tablier 9 feuilles - 17g","p":1.07,"u":"62,94 €/KG","img":"https://fd9-photos.leclercdrive.fr/image.ashx?id=2487446&use=l&cat=p&typeid=i","cat":284504},{"id":8648,"n":"Amandes effilées Tablier Blanc 125g","p":1.9,"u":"15,20 €/KG","img":"https://fd9-photos.leclercdrive.fr/image.ashx?id=2460586&use=l&cat=p&typeid=i","cat":284504},{"id":8649,"n":"Raisins Secs Tablier Blanc 250g","p":1.98,"u":"7,92 €/KG","img":"https://fd9-photos.leclercdrive.fr/image.ashx?id=2460589&use=l&cat=p&typeid=i","cat":284504},{"id":8650,"n":"Arôme fleur d'Oranger Tablier Blanc - 200ml","p":1.24,"u":"6,20 €/L","img":"https://fd9-photos.leclercdrive.fr/image.ashx?id=2487449&use=l&cat=p&typeid=i","cat":284504},{"id":8651,"n":"Arôme naturel de vanille Tablier Blanc 20ml","p":1.15,"u":"57,50 €/L","img":"https://fd9-photos.leclercdrive.fr/image.ashx?id=2487452&use=l&cat=p&typeid=i","cat":284504},{"id":8672,"n":"Nappage Tablier Blanc Caramel - 210g","p":1.25,"u":"5,95 €/KG","img":"https://fd9-photos.leclercdrive.fr/image.ashx?id=2116107&use=l&cat=p&typeid=i","cat":284504},{"id":8673,"n":"Fromage Le Pavé Les Croisés Lait pasteurisé 22% MG - 220g","p":2.36,"u":"10,73 €/KG","img":"https://fd9-photos.leclercdrive.fr/image.ashx?id=2775887&use=l&cat=p&typeid=i","cat":314033},{"id":8674,"n":"Sucre Tablier Blanc Spécial confiture - 1kg","p":1.92,"u":"1,92 €/KG","img":"https://fd9-photos.leclercdrive.fr/image.ashx?id=3010416&use=l&cat=p&typeid=i","cat":284502},{"id":8675,"n":"Sucre Tablier Blanc 100 dosettes - 500g","p":2.31,"u":"4,62 €/KG","img":"https://fd9-photos.leclercdrive.fr/image.ashx?id=2115869&use=l&cat=p&typeid=i","cat":284502},{"id":8749,"n":"Flask Whisky Label 5 40%vol - 20cl","p":3.9,"u":"19,50 €/L","img":"https://fd9-photos.leclercdrive.fr/image.ashx?id=2519720&use=l&cat=p&typeid=i","cat":284547},{"id":8754,"n":"Sacs congélation Elembal Moyen Zip 20 Sacs","p":1.49,"u":"0,07 €/P","img":"https://fd9-photos.leclercdrive.fr/image.ashx?id=2125434&use=l&cat=p&typeid=i","cat":334134},{"id":8804,"n":"Brownie P'tit Déli Chocolat pépites 285g","p":1.85,"u":"6,49 €/KG","img":"https://fd9-photos.leclercdrive.fr/image.ashx?id=2613702&use=l&cat=p&typeid=i","cat":294776},{"id":8809,"n":"Galettes Bretonnes P'tit Déli Pur beurre 2x125g","p":1.45,"u":"5,80 €/KG","img":"https://fd9-photos.leclercdrive.fr/image.ashx?id=1546478&use=l&cat=p&typeid=i","cat":284487},{"id":8825,"n":"Barres de céréales Coco Pops Kellogg's - 6x20g","p":1.76,"u":"14,67 €/KG","img":"https://fd9-photos.leclercdrive.fr/image.ashx?id=2677291&use=l&cat=p&typeid=i","cat":285869},{"id":8842,"n":"Couscous poulet bœuf Garbit - 980g","p":4.39,"u":"4,48 €/KG","img":"https://fd9-photos.leclercdrive.fr/image.ashx?id=2677930&use=l&cat=p&typeid=i","cat":325094},{"id":8853,"n":"Cappuccino soluble Plantation Chocolat - x8 - 144g","p":2.49,"u":"17,29 €/KG","img":"https://fd9-photos.leclercdrive.fr/image.ashx?id=2460574&use=l&cat=p&typeid=i","cat":284843},{"id":8855,"n":"Sauce Champignons Turini 420g","p":1.15,"u":"2,74 €/KG","img":"https://fd9-photos.leclercdrive.fr/image.ashx?id=2494189&use=l&cat=p&typeid=i","cat":287599},{"id":8857,"n":"Café soluble Plantation Qualité filtre - x25 - 50g","p":2.09,"u":"41,80 €/KG","img":"https://fd9-photos.leclercdrive.fr/image.ashx?id=983912&use=l&cat=p&typeid=i","cat":284843},{"id":8858,"n":"Café Soluble Plantation Décaféiné - x25 - 50g","p":2.28,"u":"45,60 €/KG","img":"https://fd9-photos.leclercdrive.fr/image.ashx?id=2834281&use=l&cat=p&typeid=i","cat":284843},{"id":8859,"n":"Café soluble Plantation Chicorée - 100g","p":2.35,"u":"23,50 €/KG","img":"https://fd9-photos.leclercdrive.fr/image.ashx?id=2856468&use=l&cat=p&typeid=i","cat":284843},{"id":8865,"n":"Toasts Brioches Epi D'Or x13 - 125g","p":0.94,"u":"7,52 €/KG","img":"https://fd9-photos.leclercdrive.fr/image.ashx?id=1759541&use=l&cat=p&typeid=i","cat":284479},{"id":8869,"n":"Riz complet Comptoir du Grain 10min - 500g","p":1.49,"u":"2,98 €/KG","img":"https://fd9-photos.leclercdrive.fr/image.ashx?id=2211296&use=l&cat=p&typeid=i","cat":284428},{"id":8870,"n":"Dés fromage Herbes de Provence Poivrons Les Croisés - 300g","p":2.11,"u":"7,03 €/KG","img":"https://fd9-photos.leclercdrive.fr/image.ashx?id=776166&use=l&cat=p&typeid=i","cat":314027},{"id":8879,"n":"Coq au Vin de Bergerac NRT 750g","p":4.99,"u":"6,65 €/KG","img":"https://fd9-photos.leclercdrive.fr/image.ashx?id=1888941&use=l&cat=p&typeid=i","cat":284441},{"id":8891,"n":"Soda Jean's Cola Bouteille - 6x1,5L","p":6.79,"u":"0,75 €/L","img":"https://fd9-photos.leclercdrive.fr/image.ashx?id=2637862&use=l&cat=p&typeid=i","cat":284530},{"id":8908,"n":"Crépes Fourrées P'tit Déli Céréales et chocolat x8 - 256g","p":1.81,"u":"7,07 €/KG","img":"https://fd9-photos.leclercdrive.fr/image.ashx?id=2656338&use=l&cat=p&typeid=i","cat":284494},{"id":8912,"n":"Préparation fraises NRT Sud-Ouest - 315g","p":2.64,"u":"8,38 €/KG","img":"https://fd9-photos.leclercdrive.fr/image.ashx?id=2590472&use=l&cat=p&typeid=i","cat":284480},{"id":8951,"n":"Eau minérale Source Amanda Naturelle 6x1,5L","p":2.46,"u":"0,27 €/L","img":"https://fd9-photos.leclercdrive.fr/image.ashx?id=2727629&use=l&cat=p&typeid=i","cat":284535},{"id":8963,"n":"Fromage à tartiner Madame Loïk Fouetté Ech. Ciboulette - 150g","p":1.74,"u":"11,60 €/KG","img":"https://fd9-photos.leclercdrive.fr/image.ashx?id=2986356&use=l&cat=p&typeid=i","cat":314029},{"id":8966,"n":"Biscuits chien Pedigree Biscrok - 500g","p":1.54,"u":"3,08 €/KG","img":"https://fd9-photos.leclercdrive.fr/image.ashx?id=2983456&use=l&cat=p&typeid=i","cat":294527},{"id":8968,"n":"Chocolat poudre Banania 400g","p":2.71,"u":"6,78 €/KG","img":"https://fd9-photos.leclercdrive.fr/image.ashx?id=2225276&use=l&cat=p&typeid=i","cat":293235},{"id":8972,"n":"Levure boulangère Tablier Blanc x6 - 30g","p":0.69,"u":"23,00 €/KG","img":"https://fd9-photos.leclercdrive.fr/image.ashx?id=2487440&use=l&cat=p&typeid=i","cat":294686},{"id":8977,"n":"Cacahuètes  Benenuts Grillées à sec - 200g","p":1.48,"u":"7,40 €/KG","img":"https://fd9-photos.leclercdrive.fr/image.ashx?id=2389616&use=l&cat=p&typeid=i","cat":284448},{"id":8985,"n":"Soupe Poule au Pot Knorr Déshydratée - 1L","p":0.97,"u":"0,97 €/L","img":"https://fd9-photos.leclercdrive.fr/image.ashx?id=2826471&use=l&cat=p&typeid=i","cat":284463},{"id":8987,"n":"Pâté Hénaff 156g","p":2.28,"u":"14,62 €/KG","img":"https://fd9-photos.leclercdrive.fr/image.ashx?id=2298361&use=l&cat=p&typeid=i","cat":305149},{"id":9035,"n":"Scotch Whisky Label 5 40%vol - 1L","p":17.62,"u":"17,62 €/L","img":"https://fd9-photos.leclercdrive.fr/image.ashx?id=2519714&use=l&cat=p&typeid=i","cat":284547},{"id":9065,"n":"Fromage tartiflette Ermitage 27%mg - 500g","p":6.09,"u":"12,18 €/KG","img":"https://fd9-photos.leclercdrive.fr/image.ashx?id=2966011&use=l&cat=p&typeid=i","cat":314037},{"id":9080,"n":"Fromage à Tartiner St Môret  Nature 9 Portions - 180g","p":2.2,"u":"12,22 €/KG","img":"https://fd9-photos.leclercdrive.fr/image.ashx?id=2763319&use=l&cat=p&typeid=i","cat":314029},{"id":9105,"n":"Pate Brisée Eco+ A dérouler - 230g","p":0.53,"u":"2,30 €/KG","img":"https://fd9-photos.leclercdrive.fr/image.ashx?id=2055083&use=l&cat=p&typeid=i","cat":333681},{"id":9110,"n":"Bûche de chèvre allégée Soignon Lait pasteurisé 29%mg - 180g","p":2.27,"u":"12,61 €/KG","img":"https://fd9-photos.leclercdrive.fr/image.ashx?id=2886987&use=l&cat=p&typeid=i","cat":314031},{"id":9123,"n":"Café soluble Plantation Café Au Lait Chicorée - 400g","p":3.59,"u":"8,98 €/KG","img":"https://fd9-photos.leclercdrive.fr/image.ashx?id=2834232&use=l&cat=p&typeid=i","cat":284843},{"id":9124,"n":"Croquettes chiens Lydog Senior - 3kg","p":5.09,"u":"1,70 €/KG","img":"https://fd9-photos.leclercdrive.fr/image.ashx?id=2047025&use=l&cat=p&typeid=i","cat":284672},{"id":9130,"n":"Mouchoirs blancs 2 plis Caresse Boîte mouchoirs en papier -x110","p":1.33,"u":"0,01 €/P","img":"https://fd9-photos.leclercdrive.fr/image.ashx?id=1993571&use=l&cat=p&typeid=i","cat":284638},{"id":9131,"n":"Gel douche et shampooing Carré Homme Tonifiante - 250ml","p":1.27,"u":"5,08 €/L","img":"https://fd9-photos.leclercdrive.fr/image.ashx?id=1544661&use=l&cat=p&typeid=i","cat":284619},{"id":9136,"n":"Gel wc antibactérien Domestos Javel Original - 1L","p":1.46,"u":"1,46 €/L","img":"https://fd9-photos.leclercdrive.fr/image.ashx?id=2616309&use=l&cat=p&typeid=i","cat":284662},{"id":9139,"n":"Bouchées chiens Lydog Boeuf - 1.5kg","p":2.79,"u":"1,86 €/KG","img":"https://fd9-photos.leclercdrive.fr/image.ashx?id=1952886&use=l&cat=p&typeid=i","cat":284672},{"id":9164,"n":"Crevettes natures Pêche Océan 125g","p":3.99,"u":"31,92 €/KG","img":"https://fd9-photos.leclercdrive.fr/image.ashx?id=3015242&use=l&cat=p&typeid=i","cat":284343},{"id":9167,"n":"Fromage Edam Mimolette Les Croisés dés 150g","p":1.85,"u":"12,33 €/KG","img":"https://fd9-photos.leclercdrive.fr/image.ashx?id=2365472&use=l&cat=p&typeid=i","cat":314027},{"id":9170,"n":"Spaetzles d'Alsace NRT 250g","p":1.39,"u":"5,56 €/KG","img":"https://fd9-photos.leclercdrive.fr/image.ashx?id=2839962&use=l&cat=p&typeid=i","cat":284427},{"id":9173,"n":"Ravioles Label Rouge NRT Dauphiné - 240g","p":2.99,"u":"12,46 €/KG","img":"https://fd9-photos.leclercdrive.fr/image.ashx?id=2441537&use=l&cat=p&typeid=i","cat":333682},{"id":9181,"n":"Chinois La Fournée Dorée Crème pâtissière - 600g","p":2.85,"u":"4,75 €/KG","img":"https://fd9-photos.leclercdrive.fr/image.ashx?id=2342090&use=l&cat=p&typeid=i","cat":293600},{"id":9183,"n":"Boules soufflées Tokapi Tomate - 42g","p":0.57,"u":"13,57 €/KG","img":"https://fd9-photos.leclercdrive.fr/image.ashx?id=2597025&use=l&cat=p&typeid=i","cat":284449},{"id":9223,"n":"Pâtes Capellini Turini 500g","p":0.85,"u":"1,70 €/KG","img":"https://fd9-photos.leclercdrive.fr/image.ashx?id=2449996&use=l&cat=p&typeid=i","cat":284427},{"id":9265,"n":"Pêche poire ananas  Douceur du verger - 4x70g","p":2.59,"u":"9,25 €/KG","img":"https://fd9-photos.leclercdrive.fr/image.ashx?id=2349100&use=l&cat=p&typeid=i","cat":284507},{"id":9266,"n":"Ananas papaye mangue DDV Sirop léger - 4x70g","p":2.74,"u":"9,79 €/KG","img":"https://fd9-photos.leclercdrive.fr/image.ashx?id=2100775&use=l&cat=p&typeid=i","cat":284507},{"id":9276,"n":"Biscuits Sprits P'tit Déli Chocolat au lait - 150g","p":1.09,"u":"7,27 €/KG","img":"https://fd9-photos.leclercdrive.fr/image.ashx?id=2081053&use=l&cat=p&typeid=i","cat":284488},{"id":9322,"n":"Tartelette Choco Caramel St Michel Bonne Maman 135g","p":1.39,"u":"10,30 €/KG","img":"https://fd9-photos.leclercdrive.fr/image.ashx?id=2949931&use=l&cat=p&typeid=i","cat":284488},{"id":9598,"n":"Nuggets Le Gaulois Extra croustillant x10 - 200g","p":1.8,"u":"9,00 €/KG","img":"https://fd9-photos.leclercdrive.fr/image.ashx?id=2645531&use=l&cat=p&typeid=i","cat":333684},{"id":9632,"n":"IGP Pays d'Oc rouge Les Ormes De Cambras 12.5% vol - 75cl","p":2.86,"u":"3,81 €/L","img":"https://fd9-photos.leclercdrive.fr/image.ashx?id=2445121&use=l&cat=p&typeid=i","cat":289556},{"id":9635,"n":"Rhum blanc Charrette 49%vol - 1L","p":15.77,"u":"15,77 €/L","img":"https://fd9-photos.leclercdrive.fr/image.ashx?id=1946417&use=l&cat=p&typeid=i","cat":284550},{"id":9641,"n":"Whisky Ballantine's Finest Blended Scotch 40% vol - 1L","p":20.95,"pp":19.45,"u":"19,45 €/L","img":"https://fd9-photos.leclercdrive.fr/image.ashx?id=2816964&use=l&cat=p&typeid=i","cat":284547},{"id":9689,"n":"Muffin complet Epi d'Or x4 - 250g","p":1.7,"u":"6,80 €/KG","img":"https://fd9-photos.leclercdrive.fr/image.ashx?id=2939058&use=l&cat=p&typeid=i","cat":284985},{"id":9692,"n":"Chocolat au lait Equador Coeur Praliné - 150g","p":2.05,"u":"13,67 €/KG","img":"https://fd9-photos.leclercdrive.fr/image.ashx?id=1665781&use=l&cat=p&typeid=i","cat":284497},{"id":9700,"n":"Serviette incontinence Chorys Extra plus - x16","p":4.99,"u":"0,31 €/P","img":"https://fd9-photos.leclercdrive.fr/image.ashx?id=1546529&use=l&cat=p&typeid=i","cat":284628},{"id":9708,"n":"Crème aux oeufs Délisse Vanille - 4x100g","p":1.49,"u":"3,73 €/KG","img":"https://fd9-photos.leclercdrive.fr/image.ashx?id=1956631&use=l&cat=p&typeid=i","cat":284419},{"id":9709,"n":"Mini brownies P'tit Déli Chocolat pépites x8 - 240g","p":1.49,"u":"6,21 €/KG","img":"https://fd9-photos.leclercdrive.fr/image.ashx?id=2540945&use=l&cat=p&typeid=i","cat":294776},{"id":9898,"n":"Culotte absorbante Chorys Taille L - x10","p":6.99,"u":"0,70 €/P","img":"https://fd9-photos.leclercdrive.fr/image.ashx?id=2623004&use=l&cat=p&typeid=i","cat":284628},{"id":9899,"n":"Culotte absorbante Chorys Taille M - Plus - x12","p":7.99,"u":"0,67 €/P","img":"https://fd9-photos.leclercdrive.fr/image.ashx?id=2158197&use=l&cat=p&typeid=i","cat":284628},{"id":9915,"n":"Oignons émincés Notre Jardin 1kg","p":1.75,"u":"1,75 €/KG","img":"https://fd9-photos.leclercdrive.fr/image.ashx?id=2873114&use=l&cat=p&typeid=i","cat":319805},{"id":9933,"n":"Mouchoirs blancs 4 plis Caresse Mouchoirs papier - 24 étuis","p":2.51,"u":"0,10 €/P","img":"https://fd9-photos.leclercdrive.fr/image.ashx?id=2870017&use=l&cat=p&typeid=i","cat":284638},{"id":10069,"n":"Gâteaux moelleux Pépito  Pépites de chocolat - 150g","p":1.21,"u":"8,07 €/KG","img":"https://fd9-photos.leclercdrive.fr/image.ashx?id=2374396&use=l&cat=p&typeid=i","cat":284495},{"id":10073,"n":"Tablette chocolat Bio Village Bio Chocolat au lait - 100g","p":1.86,"u":"18,60 €/KG","img":"https://fd9-photos.leclercdrive.fr/image.ashx?id=1957003&use=l&cat=p&typeid=i","cat":284497},{"id":10074,"n":"Tablette de chocolat Equador Noir et menthe 100g","p":1.19,"u":"11,90 €/KG","img":"https://fd9-photos.leclercdrive.fr/image.ashx?id=2368527&use=l&cat=p&typeid=i","cat":284956},{"id":10086,"n":"Fondants Autour du Dessert Chocolat x2 - 180g","p":1.99,"u":"11,06 €/KG","img":"https://fd9-photos.leclercdrive.fr/image.ashx?id=2070033&use=l&cat=p&typeid=i","cat":284267},{"id":10091,"n":"Filets maquereaux Pêche Océan Tomate basilic - 169g","p":1.46,"u":"8,64 €/KG","img":"https://fd9-photos.leclercdrive.fr/image.ashx?id=2394657&use=l&cat=p&typeid=i","cat":303868},{"id":10092,"n":"Palets de légumes Notre Jardin Courgettes Carottes - x8 300g","p":1.74,"u":"5,80 €/KG","img":"https://fd9-photos.leclercdrive.fr/image.ashx?id=2551969&use=l&cat=p&typeid=i","cat":319802},{"id":10093,"n":"Palets légumes Notre Jardin Poireaux Carottes - x8 300g","p":1.99,"u":"6,63 €/KG","img":"https://fd9-photos.leclercdrive.fr/image.ashx?id=2878708&use=l&cat=p&typeid=i","cat":319802},{"id":10122,"n":"Mini gratins Côté Table Aux 3 légumes - x4 480g","p":3.12,"u":"6,50 €/KG","img":"https://fd9-photos.leclercdrive.fr/image.ashx?id=2074419&use=l&cat=p&typeid=i","cat":319802},{"id":10154,"n":"Boules pralinées Jacquot Chocolat lait - 1kg","p":9.2,"u":"9,20 €/KG","img":"https://fd9-photos.leclercdrive.fr/image.ashx?id=2303300&use=l&cat=p&typeid=i","cat":327595},{"id":10163,"n":"Palets légumes Notre Jardin Choux-fleurs Brocolis - x8 300g","p":2.19,"u":"7,30 €/KG","img":"https://fd9-photos.leclercdrive.fr/image.ashx?id=2878714&use=l&cat=p&typeid=i","cat":319802},{"id":10192,"n":"Olives Vertes Tramier  Dénoyautées 160g","p":1.96,"u":"12,25 €/KG","img":"https://fd9-photos.leclercdrive.fr/image.ashx?id=2363829&use=l&cat=p&typeid=i","cat":284458},{"id":10211,"n":"Pâtes Nouilles Turini 1kg","p":1.35,"u":"1,35 €/KG","img":"https://fd9-photos.leclercdrive.fr/image.ashx?id=2441093&use=l&cat=p&typeid=i","cat":284427},{"id":10217,"n":"Sauce Curry Rustica Légumes et lait de coco - 400g","p":1.31,"u":"3,28 €/KG","img":"https://fd9-photos.leclercdrive.fr/image.ashx?id=2485074&use=l&cat=p&typeid=i","cat":287599},{"id":10223,"n":"Framboises entières  Douceur du Verger 1kg","p":9.61,"u":"9,61 €/KG","img":"https://fd9-photos.leclercdrive.fr/image.ashx?id=2072614&use=l&cat=p&typeid=i","cat":284268},{"id":10227,"n":"Mini gratins Côté Table Dauphinois - x4 480g","p":2.99,"u":"6,23 €/KG","img":"https://fd9-photos.leclercdrive.fr/image.ashx?id=2627640&use=l&cat=p&typeid=i","cat":319802},{"id":10244,"n":"Thon entier Pêche Océan Naturel - 280g","p":3.69,"u":"13,18 €/KG","img":"https://fd9-photos.leclercdrive.fr/image.ashx?id=2941414&use=l&cat=p&typeid=i","cat":303867},{"id":10324,"n":"Pommes de terre Bio Bio Village Vapeur et sautées  - 1.5kg","p":2.99,"u":"1,99 €/KG","img":"https://fd9-photos.leclercdrive.fr/image.ashx?id=2960535&use=l&cat=p&typeid=i","cat":284352},{"id":10344,"n":"Petit Beurre Pocket P'ti Déli 3x12 sachets 300g","p":1.68,"u":"5,60 €/KG","img":"https://fd9-photos.leclercdrive.fr/image.ashx?id=1965518&use=l&cat=p&typeid=i","cat":284487},{"id":10346,"n":"Vinaigrette allégée Rustica Balsamique huile d'olive - 50cl","p":2.49,"u":"4,98 €/L","img":"https://fd9-photos.leclercdrive.fr/image.ashx?id=1972913&use=l&cat=p&typeid=i","cat":284456},{"id":10348,"n":"Huile de noix Rustica 50cl","p":4.68,"u":"9,36 €/L","img":"https://fd9-photos.leclercdrive.fr/image.ashx?id=2523703&use=l&cat=p&typeid=i","cat":284453},{"id":10351,"n":"Sacs à couche Mots d'Enfant Parfumés - x50","p":1.6,"u":"0,03 €/P","img":"https://fd9-photos.leclercdrive.fr/image.ashx?id=1886564&use=l&cat=p&typeid=i","cat":284737},{"id":10408,"n":"Boisson végétale Riz nature Bjorg Bio - 1L","p":2.0,"u":"2,00 €/L","img":"https://fd9-photos.leclercdrive.fr/image.ashx?id=2970915&use=l&cat=p&typeid=i","cat":316067},{"id":10417,"n":"AOP Fitou rouge Réserve Saint Esteve - 75cl","p":3.99,"pp":2.79,"u":"3,72 €/L","img":"https://fd9-photos.leclercdrive.fr/image.ashx?id=2407295&use=l&cat=p&typeid=i","cat":289556},{"id":10527,"n":"Pommes Rissolées McCain  1kg","p":2.35,"u":"2,35 €/KG","img":"https://fd9-photos.leclercdrive.fr/image.ashx?id=2911309&use=l&cat=p&typeid=i","cat":319792},{"id":10637,"n":"Crème entière Délisse Fluide - 30% MG - 2x25cl","p":2.71,"u":"5,42 €/L","img":"https://fd9-photos.leclercdrive.fr/image.ashx?id=3002560&use=l&cat=p&typeid=i","cat":284381},{"id":10638,"n":"Crème légère fluide UHT Délisse 12%mg - 2x25cl","p":2.36,"u":"4,72 €/L","img":"https://fd9-photos.leclercdrive.fr/image.ashx?id=3002566&use=l&cat=p&typeid=i","cat":284381},{"id":10641,"n":"Yaourts lait entier nature Bio Bio village - 4x125g","p":0.95,"u":"1,90 €/KG","img":"https://fd9-photos.leclercdrive.fr/image.ashx?id=2077421&use=l&cat=p&typeid=i","cat":284409},{"id":10655,"n":"IGP Pays d'Oc rouge Cabernet Sauvignon 12.5% vol - 75cl","p":2.86,"u":"3,81 €/L","img":"https://fd9-photos.leclercdrive.fr/image.ashx?id=2189904&use=l&cat=p&typeid=i","cat":289556},{"id":10674,"n":"Soda Coca-Cola Bouteille - 6x50cl","p":6.4,"u":"2,13 €/L","img":"https://fd9-photos.leclercdrive.fr/image.ashx?id=2885414&use=l&cat=p&typeid=i","cat":284530},{"id":10690,"n":"Poêlée côté sud Paysan Breton 750g","p":3.66,"u":"4,88 €/KG","img":"https://fd9-photos.leclercdrive.fr/image.ashx?id=2882397&use=l&cat=p&typeid=i","cat":319823},{"id":10697,"n":"Sardines huile olive Connétable Sans arrêtes 115g","p":2.99,"u":"26,00 €/KG","img":"https://fd9-photos.leclercdrive.fr/image.ashx?id=2139046&use=l&cat=p&typeid=i","cat":305146},{"id":10715,"n":"Cidre brut fermier Le Brun 5.5%vol. - 75cl","p":3.41,"u":"4,55 €/L","img":"https://fd9-photos.leclercdrive.fr/image.ashx?id=1654227&use=l&cat=p&typeid=i","cat":334880},{"id":10718,"n":"AOC Côtes du Marmandais rouge La Vieille Eglise - 75cl","p":3.55,"u":"4,73 €/L","img":"https://fd9-photos.leclercdrive.fr/image.ashx?id=2734801&use=l&cat=p&typeid=i","cat":289556},{"id":10766,"n":"Pain d'épices P'tit Déli 350g","p":1.8,"u":"5,14 €/KG","img":"https://fd9-photos.leclercdrive.fr/image.ashx?id=1938852&use=l&cat=p&typeid=i","cat":284493},{"id":10767,"n":"Riz cantonais Comptoir du Grain Express 2 min - 250g","p":1.19,"u":"4,76 €/KG","img":"https://fd9-photos.leclercdrive.fr/image.ashx?id=2441198&use=l&cat=p&typeid=i","cat":287600},{"id":10781,"n":"Chair de tomate Notre Jardin Nature - 400g","p":1.99,"u":"4,98 €/KG","img":"https://fd9-photos.leclercdrive.fr/image.ashx?id=2590436&use=l&cat=p&typeid=i","cat":312608},{"id":10785,"n":"Mogette cuisinée NRT De Vendée - 820g","p":3.15,"u":"3,84 €/KG","img":"https://fd9-photos.leclercdrive.fr/image.ashx?id=2330523&use=l&cat=p&typeid=i","cat":312606},{"id":10787,"n":"Huile de colza Bio Village Bio - 75cl","p":3.79,"u":"5,05 €/L","img":"https://fd9-photos.leclercdrive.fr/image.ashx?id=2814450&use=l&cat=p&typeid=i","cat":284453},{"id":10927,"n":"Noix de cajou grilées Eco+ Salées - 125g","p":1.34,"u":"10,72 €/KG","img":"https://fd9-photos.leclercdrive.fr/image.ashx?id=2423493&use=l&cat=p&typeid=i","cat":284448},{"id":10928,"n":"Mélange Eco+ Graines et raisin - 200g","p":1.45,"u":"7,25 €/KG","img":"https://fd9-photos.leclercdrive.fr/image.ashx?id=2780713&use=l&cat=p&typeid=i","cat":284448},{"id":10932,"n":"Sauce tomate cuisinée Eco+ 420g","p":0.8,"u":"1,90 €/KG","img":"https://fd9-photos.leclercdrive.fr/image.ashx?id=2739715&use=l&cat=p&typeid=i","cat":288384},{"id":10933,"n":"Huile olive Eco+ Extra vierge - 1L","p":6.71,"u":"6,71 €/L","img":"https://fd9-photos.leclercdrive.fr/image.ashx?id=1951807&use=l&cat=p&typeid=i","cat":284453},{"id":10938,"n":"Barquette chien Eco+ Au boeuf - 300g","p":0.52,"u":"1,73 €/KG","img":"https://fd9-photos.leclercdrive.fr/image.ashx?id=2052829&use=l&cat=p&typeid=i","cat":284673},{"id":10945,"n":"Boules de graisse Eco+ x6 - 540g","p":0.79,"u":"1,46 €/KG","img":"https://fd9-photos.leclercdrive.fr/image.ashx?id=2220275&use=l&cat=p&typeid=i","cat":284678},{"id":10955,"n":"Blocs WC Eco+ Eau bleue - x2","p":0.65,"u":"0,33 €/P","img":"https://fd9-photos.leclercdrive.fr/image.ashx?id=2856115&use=l&cat=p&typeid=i","cat":284662},{"id":10979,"n":"Haricots Verts Bonduelle Extra-fins 1kg","p":2.67,"u":"2,67 €/KG","img":"https://fd9-photos.leclercdrive.fr/image.ashx?id=2876152&use=l&cat=p&typeid=i","cat":319805},{"id":10994,"n":"Gâteaux P'tit Déli Pépites de chocolat 10x30g","p":1.89,"u":"6,30 €/KG","img":"https://fd9-photos.leclercdrive.fr/image.ashx?id=1947354&use=l&cat=p&typeid=i","cat":284495},{"id":11003,"n":"Compote Douceur du Verger Coupelle pomme poire - 4x100g","p":1.34,"u":"3,35 €/KG","img":"https://fd9-photos.leclercdrive.fr/image.ashx?id=2663488&use=l&cat=p&typeid=i","cat":284508},{"id":11024,"n":"Mayonnaise Rustica A la moutarde de Dijon - 175g","p":0.66,"u":"3,77 €/KG","img":"https://fd9-photos.leclercdrive.fr/image.ashx?id=2175462&use=l&cat=p&typeid=i","cat":298295},{"id":11034,"n":"Terrine de campagne Côté Table Porc confit - 2x180g","p":2.79,"u":"7,75 €/KG","img":"https://fd9-photos.leclercdrive.fr/image.ashx?id=2519426&use=l&cat=p&typeid=i","cat":305149},{"id":11037,"n":"Sauce tomate Italienne Zapetti - 3x190g","p":2.78,"u":"4,88 €/KG","img":"https://fd9-photos.leclercdrive.fr/image.ashx?id=2579975&use=l&cat=p&typeid=i","cat":288384},{"id":11042,"n":"Crêpes Côté Table Fromage fondu x20 1kg","p":3.29,"u":"3,29 €/KG","img":"https://fd9-photos.leclercdrive.fr/image.ashx?id=1871059&use=l&cat=p&typeid=i","cat":319776},{"id":11113,"n":"Limonade Ogeu Bouteille - 1,5L","p":1.13,"u":"0,75 €/L","img":"https://fd9-photos.leclercdrive.fr/image.ashx?id=2893636&use=l&cat=p&typeid=i","cat":284531},{"id":11153,"n":"Truite fumée Ovive Pyrénées 4 tranches - 120g","p":5.65,"u":"47,08 €/KG","img":"https://fd9-photos.leclercdrive.fr/image.ashx?id=2887848&use=l&cat=p&typeid=i","cat":285188},{"id":11176,"n":"Lait céréales bébé Blédiner 6m Courgette soir - 2x250ml","p":1.81,"u":"3,62 €/L","img":"https://fd9-photos.leclercdrive.fr/image.ashx?id=2960147&use=l&cat=p&typeid=i","cat":312239},{"id":11292,"n":"AOC Clairette de Die Jaillance Esprit de terroirTradition 75cl","p":5.95,"u":"7,93 €/L","img":"https://fd9-photos.leclercdrive.fr/image.ashx?id=2453499&use=l&cat=p&typeid=i","cat":284545},{"id":11365,"n":"Crème aux oeufs La Laitière Vanille - 4x100g","p":1.77,"u":"4,43 €/KG","img":"https://fd9-photos.leclercdrive.fr/image.ashx?id=3007987&use=l&cat=p&typeid=i","cat":284419},{"id":11391,"n":"Crème caramel Bonne Maman Aux oeufs frais - 4x100g","p":2.15,"u":"5,38 €/KG","img":"https://fd9-photos.leclercdrive.fr/image.ashx?id=1987563&use=l&cat=p&typeid=i","cat":284419},{"id":11455,"n":"Pasta Box Sodebo Tortellini Ricotta Épinards - 280g","p":2.77,"u":"9,89 €/KG","img":"https://fd9-photos.leclercdrive.fr/image.ashx?id=2919778&use=l&cat=p&typeid=i","cat":334983},{"id":11464,"n":"Pointe de brie Président Crémeux - 200g","p":1.99,"u":"9,95 €/KG","img":"https://fd9-photos.leclercdrive.fr/image.ashx?id=2029841&use=l&cat=p&typeid=i","cat":314033},{"id":11465,"n":"Beurre La Motte Président Demi-sel - 80%MG - 250g","p":3.19,"u":"12,76 €/KG","img":"https://fd9-photos.leclercdrive.fr/image.ashx?id=2896970&use=l&cat=p&typeid=i","cat":284379},{"id":11508,"n":"Lait céréales Blédidej 6 mois Biscuit  - 4x250ml","p":3.35,"u":"3,35 €/L","img":"https://fd9-photos.leclercdrive.fr/image.ashx?id=2921040&use=l&cat=p&typeid=i","cat":312226},{"id":11509,"n":"Feuille de brick Tablier Blanc 8 feuilles - 136g","p":0.77,"u":"5,66 €/KG","img":"https://fd9-photos.leclercdrive.fr/image.ashx?id=1938558&use=l&cat=p&typeid=i","cat":333681},{"id":11516,"n":"Mi-bas voile résistant Tissaia Beige foncé taille unique - x3","p":2.7,"u":"0,90 €/P","img":"https://fd9-photos.leclercdrive.fr/image.ashx?id=2193347&use=l&cat=p&typeid=i","cat":334130},{"id":11518,"n":"Mi-bas voile Tissaia Noir - Taille unique - x3","p":2.3,"u":"0,77 €/P","img":"https://fd9-photos.leclercdrive.fr/image.ashx?id=2193338&use=l&cat=p&typeid=i","cat":334130},{"id":11519,"n":"Mi-bas mousse lycra Tissaia Noir taille unique - x3","p":2.5,"u":"0,83 €/P","img":"https://fd9-photos.leclercdrive.fr/image.ashx?id=2193329&use=l&cat=p&typeid=i","cat":334130},{"id":11520,"n":"Mi-bas mousse lycra Tissaia Gris moyen taille unique - x3","p":2.5,"u":"0,83 €/P","img":"https://fd9-photos.leclercdrive.fr/image.ashx?id=2193332&use=l&cat=p&typeid=i","cat":334130},{"id":11521,"n":"Socquettes mousse Tissaia Noires TU - x3","p":1.85,"u":"0,62 €/P","img":"https://fd9-photos.leclercdrive.fr/image.ashx?id=2660495&use=l&cat=p&typeid=i","cat":334130},{"id":11523,"n":"Socquettes voile Tissaia Résistant Noir Taille Unique-x3","p":2.95,"u":"0,98 €/P","img":"https://fd9-photos.leclercdrive.fr/image.ashx?id=2193362&use=l&cat=p&typeid=i","cat":334130},{"id":11524,"n":"Socquettes voile Tissaia Résistant beige moyen TU - x3","p":2.95,"u":"0,98 €/P","img":"https://fd9-photos.leclercdrive.fr/image.ashx?id=2193365&use=l&cat=p&typeid=i","cat":334130},{"id":11525,"n":"Socquettes voile Tissaia Beige clair taille U - x3","p":2.95,"u":"0,98 €/P","img":"https://fd9-photos.leclercdrive.fr/image.ashx?id=2193368&use=l&cat=p&typeid=i","cat":334130},{"id":11527,"n":"Essuie-tout blanc Mimosa Super absorbant - x6","p":3.7,"u":"0,62 €/P","img":"https://fd9-photos.leclercdrive.fr/image.ashx?id=2691129&use=l&cat=p&typeid=i","cat":284635},{"id":11587,"n":"Papier toilette Mimosa Rose - Ultra doux - x12","p":2.82,"u":"0,24 €/P","img":"https://fd9-photos.leclercdrive.fr/image.ashx?id=2790919&use=l&cat=p&typeid=i","cat":284634},{"id":11635,"n":"Collant Well Elastivoile Satiné ibiza T2","p":4.45,"img":"https://fd9-photos.leclercdrive.fr/image.ashx?id=2056380&use=l&cat=p&typeid=i","cat":334130},{"id":11639,"n":"Mi-bas Well Elastivoile Satiné ibiza taille U x2","p":4.45,"img":"https://fd9-photos.leclercdrive.fr/image.ashx?id=2056389&use=l&cat=p&typeid=i","cat":334130},{"id":11640,"n":"Mi-bas Well Elastivoile Satiné noir taille U x2","p":4.45,"img":"https://fd9-photos.leclercdrive.fr/image.ashx?id=2587536&use=l&cat=p&typeid=i","cat":334130},{"id":11642,"n":"Mi-bas Well Actiwell Circulation ibiza T39/41 x1","p":3.7,"img":"https://fd9-photos.leclercdrive.fr/image.ashx?id=2056407&use=l&cat=p&typeid=i","cat":334130},{"id":11643,"n":"Mi-bas Well Actiwell Circulation noir T39/41 x1","p":3.7,"img":"https://fd9-photos.leclercdrive.fr/image.ashx?id=2587539&use=l&cat=p&typeid=i","cat":334130},{"id":11645,"n":"Mi-bas Well Actiwell Circulation ibiza T36/38 x1","p":3.7,"img":"https://fd9-photos.leclercdrive.fr/image.ashx?id=2056413&use=l&cat=p&typeid=i","cat":334130},{"id":11646,"n":"Mi-bas Well Actiwell Circulation noir T36/38 x1","p":3.7,"img":"https://fd9-photos.leclercdrive.fr/image.ashx?id=2587542&use=l&cat=p&typeid=i","cat":334130},{"id":11647,"n":"Collant voile Well Body Galbe Noir - T1","p":5.35,"img":"https://fd9-photos.leclercdrive.fr/image.ashx?id=589096&use=l&cat=p&typeid=i","cat":334130},{"id":11649,"n":"Collant voile Well Body Galbe Noir - T3","p":5.35,"img":"https://fd9-photos.leclercdrive.fr/image.ashx?id=589104&use=l&cat=p&typeid=i","cat":334130},{"id":11671,"n":"Collant voile Tissaia Résistant beige foncé T3 - x2","p":3.25,"u":"1,63 €/P","img":"https://fd9-photos.leclercdrive.fr/image.ashx?id=2193057&use=l&cat=p&typeid=i","cat":334130},{"id":11675,"n":"Collant voile Tissaia Résistant beige foncé T4 - x2","p":3.25,"u":"1,63 €/P","img":"https://fd9-photos.leclercdrive.fr/image.ashx?id=2193063&use=l&cat=p&typeid=i","cat":334130},{"id":11684,"n":"Collants Well Elastivoile Résistant noir T3","p":3.45,"img":"https://fd9-photos.leclercdrive.fr/image.ashx?id=2056545&use=l&cat=p&typeid=i","cat":334130},{"id":11688,"n":"Collant mousse Tissaia Elasthanne Noir T2 - x2","p":2.6,"u":"1,30 €/P","img":"https://fd9-photos.leclercdrive.fr/image.ashx?id=2193111&use=l&cat=p&typeid=i","cat":334130},{"id":11690,"n":"Collant mousse Tissaia Confort beige moyen T3 - x2","p":1.95,"u":"0,98 €/P","img":"https://fd9-photos.leclercdrive.fr/image.ashx?id=2193087&use=l&cat=p&typeid=i","cat":334130},{"id":11691,"n":"Collant mousse Tissaia Elasthanne Noir T3 - x2","p":2.6,"u":"1,30 €/P","img":"https://fd9-photos.leclercdrive.fr/image.ashx?id=2193266&use=l&cat=p&typeid=i","cat":334130},{"id":11695,"n":"Collant mousse Tissaia Elasthanne Gris moyen T2 - x2","p":2.6,"u":"1,30 €/P","img":"https://fd9-photos.leclercdrive.fr/image.ashx?id=2193108&use=l&cat=p&typeid=i","cat":334130},{"id":11696,"n":"Collant mousse Tissaia Elasthanne Gris moyen T3 - x2","p":2.6,"u":"1,30 €/P","img":"https://fd9-photos.leclercdrive.fr/image.ashx?id=2193263&use=l&cat=p&typeid=i","cat":334130},{"id":11697,"n":"Collant mousse Tissaia Elasthanne Gris moyen T4 - x2","p":2.6,"u":"1,30 €/P","img":"https://fd9-photos.leclercdrive.fr/image.ashx?id=2193275&use=l&cat=p&typeid=i","cat":334130},{"id":11698,"n":"Collant mousse Tissaia Elasthanne Noir T4 - x2","p":2.6,"u":"1,30 €/P","img":"https://fd9-photos.leclercdrive.fr/image.ashx?id=2193278&use=l&cat=p&typeid=i","cat":334130},{"id":11700,"n":"Bas clip voile Tissaia  Brillant Noir - T3","p":4.2,"img":"https://fd9-photos.leclercdrive.fr/image.ashx?id=2874829&use=l&cat=p&typeid=i","cat":334130},{"id":11701,"n":"Bas clip Up Tissaia voile Brillant beige T4","p":4.2,"img":"https://fd9-photos.leclercdrive.fr/image.ashx?id=2193287&use=l&cat=p&typeid=i","cat":334130},{"id":11702,"n":"Bas clip Tissaia voile Brillant noir T4","p":4.2,"img":"https://fd9-photos.leclercdrive.fr/image.ashx?id=2193290&use=l&cat=p&typeid=i","cat":334130},{"id":11704,"n":"Bas clip Tissaia voile brillant Beige T1/2","p":4.2,"img":"https://fd9-photos.leclercdrive.fr/image.ashx?id=2193293&use=l&cat=p&typeid=i","cat":334130},{"id":11734,"n":"Legging opaque Tissaia Noir 50D - T3","p":6.4,"img":"https://fd9-photos.leclercdrive.fr/image.ashx?id=2193314&use=l&cat=p&typeid=i","cat":334130},{"id":11737,"n":"Mi-bas mousse Tissaia Noir taille unique - x3","p":1.95,"u":"0,65 €/P","img":"https://fd9-photos.leclercdrive.fr/image.ashx?id=2193320&use=l&cat=p&typeid=i","cat":334130},{"id":11742,"n":"Mi-bas voile Tissaia Beige foncé taille unique - x3","p":2.3,"u":"0,77 €/P","img":"https://fd9-photos.leclercdrive.fr/image.ashx?id=2193341&use=l&cat=p&typeid=i","cat":334130},{"id":11744,"n":"Mi-bas voile Tissaia Naturel taille unique - x3","p":2.3,"u":"0,77 €/P","img":"https://fd9-photos.leclercdrive.fr/image.ashx?id=2193344&use=l&cat=p&typeid=i","cat":334130},{"id":11745,"n":"Mi-bas voile résistant Tissaia Gris moyen taille unique - x3","p":2.7,"u":"0,90 €/P","img":"https://fd9-photos.leclercdrive.fr/image.ashx?id=2193350&use=l&cat=p&typeid=i","cat":334130},{"id":11804,"n":"Collant voile Well Body Galbe Noir - T2","p":5.35,"img":"https://fd9-photos.leclercdrive.fr/image.ashx?id=589530&use=l&cat=p&typeid=i","cat":334130},{"id":11805,"n":"Collant voile Well Body Galbe Noir - T4","p":5.35,"img":"https://fd9-photos.leclercdrive.fr/image.ashx?id=589532&use=l&cat=p&typeid=i","cat":334130},{"id":11809,"n":"Collants Well Elastivoile Résistant ibiza T4","p":3.45,"img":"https://fd9-photos.leclercdrive.fr/image.ashx?id=2560837&use=l&cat=p&typeid=i","cat":334130},{"id":11810,"n":"Collant Well Elastivoile Résistant noir T4","p":3.45,"img":"https://fd9-photos.leclercdrive.fr/image.ashx?id=2056374&use=l&cat=p&typeid=i","cat":334130},{"id":11818,"n":"Bas clip Tissaia voile brillant Beige T3","p":4.2,"img":"https://fd9-photos.leclercdrive.fr/image.ashx?id=2193281&use=l&cat=p&typeid=i","cat":334130},{"id":11886,"n":"IGP Pays d'Oc Gris vin rosé Rives & Terrasses 12.5% BIB 3L","p":8.49,"u":"2,83 €/L","img":"https://fd9-photos.leclercdrive.fr/image.ashx?id=2602745&use=l&cat=p&typeid=i","cat":289560},{"id":11900,"n":"Arôme naturel de vanille Vahiné 20ml","p":2.31,"u":"115,50 €/L","img":"https://fd9-photos.leclercdrive.fr/image.ashx?id=2559766&use=l&cat=p&typeid=i","cat":284504},{"id":11906,"n":"Nappage caramel Vahiné 700g","p":3.47,"u":"4,96 €/KG","img":"https://fd9-photos.leclercdrive.fr/image.ashx?id=2983234&use=l&cat=p&typeid=i","cat":284504},{"id":11910,"n":"Colorant alimentaire Vahiné Assortiment x3","p":1.25,"u":"0,42 €/P","img":"https://fd9-photos.leclercdrive.fr/image.ashx?id=2939352&use=l&cat=p&typeid=i","cat":284504},{"id":12063,"n":"Rasoirs jetables Bic sensitive 3 lames - x12","p":4.24,"u":"0,35 €/P","img":"https://fd9-photos.leclercdrive.fr/image.ashx?id=2768502&use=l&cat=p&typeid=i","cat":284616},{"id":12078,"n":"Pâte à tartiner Nustikao 400g","p":1.83,"u":"4,58 €/KG","img":"https://fd9-photos.leclercdrive.fr/image.ashx?id=2856411&use=l&cat=p&typeid=i","cat":284481},{"id":12122,"n":"Vermicelles de riz Suzi Wan 250g","p":2.07,"u":"8,28 €/KG","img":"https://fd9-photos.leclercdrive.fr/image.ashx?id=3002183&use=l&cat=p&typeid=i","cat":288992},{"id":12129,"n":"Vermicelles soja Suzi Wan 100g","p":1.97,"u":"19,70 €/KG","img":"https://fd9-photos.leclercdrive.fr/image.ashx?id=2886259&use=l&cat=p&typeid=i","cat":288992},{"id":12131,"n":"Crème coco Suzi Wan 200ml","p":1.28,"u":"6,40 €/L","img":"https://fd9-photos.leclercdrive.fr/image.ashx?id=2886250&use=l&cat=p&typeid=i","cat":288992},{"id":12152,"n":"Oeufs frais Bio Matines Plein Air - x6","p":2.72,"u":"0,45 €/P","img":"https://fd9-photos.leclercdrive.fr/image.ashx?id=2432307&use=l&cat=p&typeid=i","cat":284378},{"id":12236,"n":"Spaghetti d'Alsace NRT 250g","p":1.39,"u":"5,56 €/KG","img":"https://fd9-photos.leclercdrive.fr/image.ashx?id=2839983&use=l&cat=p&typeid=i","cat":284427},{"id":12243,"n":"Rillettes de thon MSC Ronde des mers - 150g","p":1.99,"u":"13,27 €/KG","img":"https://fd9-photos.leclercdrive.fr/image.ashx?id=2644873&use=l&cat=p&typeid=i","cat":285191},{"id":12249,"n":"Torsades d'Alsace NRT 250g","p":1.39,"u":"5,56 €/KG","img":"https://fd9-photos.leclercdrive.fr/image.ashx?id=2839980&use=l&cat=p&typeid=i","cat":284427},{"id":12259,"n":"Fromage Mimolette vieille NRT  Label Rouge  - 200g","p":3.65,"u":"18,25 €/KG","img":"https://fd9-photos.leclercdrive.fr/image.ashx?id=2934829&use=l&cat=p&typeid=i","cat":314034},{"id":12261,"n":"Double concentré tomates Turini 3X70g","p":2.13,"u":"10,14 €/KG","img":"https://fd9-photos.leclercdrive.fr/image.ashx?id=2641274&use=l&cat=p&typeid=i","cat":288384},{"id":12362,"n":"Thon entier Pêche Océan Naturel - 2x140g","p":3.75,"u":"13,39 €/KG","img":"https://fd9-photos.leclercdrive.fr/image.ashx?id=2941423&use=l&cat=p&typeid=i","cat":303867},{"id":12363,"n":"Thon entier Pêche Océan Naturel - 3x93g","p":3.47,"u":"12,44 €/KG","img":"https://fd9-photos.leclercdrive.fr/image.ashx?id=2941411&use=l&cat=p&typeid=i","cat":303867},{"id":12365,"n":"Couscous royal Côté Table Volaille et merguez 980g","p":3.69,"u":"3,77 €/KG","img":"https://fd9-photos.leclercdrive.fr/image.ashx?id=2977144&use=l&cat=p&typeid=i","cat":325094},{"id":12373,"n":"Moutarde Rustica Mi-forte - 415g","p":1.31,"u":"3,16 €/KG","img":"https://fd9-photos.leclercdrive.fr/image.ashx?id=1961437&use=l&cat=p&typeid=i","cat":288850},{"id":12374,"n":"Purée de tomates Turini 3x200g","p":1.19,"u":"1,98 €/KG","img":"https://fd9-photos.leclercdrive.fr/image.ashx?id=2174684&use=l&cat=p&typeid=i","cat":288384},{"id":12376,"n":"Pâtes Alphabet Turini 500g","p":0.99,"u":"1,98 €/KG","img":"https://fd9-photos.leclercdrive.fr/image.ashx?id=2607479&use=l&cat=p&typeid=i","cat":284427},{"id":12380,"n":"Infusion Tiséa Digestion facilitée x25","p":0.99,"u":"24,75 €/KG","img":"https://fd9-photos.leclercdrive.fr/image.ashx?id=2482878&use=l&cat=p&typeid=i","cat":293234},{"id":12396,"n":"100% Pur jus de tomate Jafaden - 4x20cl","p":2.32,"u":"2,90 €/L","img":"https://fd9-photos.leclercdrive.fr/image.ashx?id=1663295&use=l&cat=p&typeid=i","cat":284523},{"id":12399,"n":"Apéritif anisé Cantanis Sans alcool - 1L","p":2.25,"u":"2,25 €/L","img":"https://fd9-photos.leclercdrive.fr/image.ashx?id=2520011&use=l&cat=p&typeid=i","cat":284549},{"id":12422,"n":"Jus de citron vert Rustica 2x12,5cll","p":1.31,"u":"5,24 €/L","img":"https://fd9-photos.leclercdrive.fr/image.ashx?id=1723555&use=l&cat=p&typeid=i","cat":288383},{"id":12424,"n":"Pâtes Spaghetti Turini 3min - 500g","p":0.78,"u":"1,56 €/KG","img":"https://fd9-photos.leclercdrive.fr/image.ashx?id=2441162&use=l&cat=p&typeid=i","cat":284427},{"id":12426,"n":"Pâtes Cheveux d'anges Turini 1kg","p":1.61,"u":"1,61 €/KG","img":"https://fd9-photos.leclercdrive.fr/image.ashx?id=2441156&use=l&cat=p&typeid=i","cat":284427},{"id":12438,"n":"Vinaigre Balsamique MAILLE Velours de Modène - 25cl","p":3.3,"u":"13,20 €/L","img":"https://fd9-photos.leclercdrive.fr/image.ashx?id=2889994&use=l&cat=p&typeid=i","cat":298543},{"id":12464,"n":"Soda Jean's Cola Zéro Bouteille - 1,5L","p":0.45,"u":"0,30 €/L","img":"https://fd9-photos.leclercdrive.fr/image.ashx?id=2637883&use=l&cat=p&typeid=i","cat":284530},{"id":12467,"n":"Jus multifruits Jafaden Pur jus - 1L","p":1.99,"u":"1,99 €/L","img":"https://fd9-photos.leclercdrive.fr/image.ashx?id=2956035&use=l&cat=p&typeid=i","cat":284917},{"id":12469,"n":"100% Pur jus d'orange Jafaden  Sans pulpe - 1L","p":1.99,"u":"1,99 €/L","img":"https://fd9-photos.leclercdrive.fr/image.ashx?id=2842477&use=l&cat=p&typeid=i","cat":284521},{"id":12470,"n":"Pur Jus de raisin Bio Village Bio - 1L","p":2.29,"u":"2,29 €/L","img":"https://fd9-photos.leclercdrive.fr/image.ashx?id=2901518&use=l&cat=p&typeid=i","cat":284915},{"id":12471,"n":"Thon entier Pêche Océan Huile de tournesol - 160g","p":1.63,"u":"10,19 €/KG","img":"https://fd9-photos.leclercdrive.fr/image.ashx?id=2941399&use=l&cat=p&typeid=i","cat":303867},{"id":12521,"n":"Miettes de thon Pêche Océan Huile de tournesol - 3x80g","p":2.35,"u":"9,79 €/KG","img":"https://fd9-photos.leclercdrive.fr/image.ashx?id=2943608&use=l&cat=p&typeid=i","cat":303867},{"id":12529,"n":"Moutarde de Dijon Rustica  195g","p":1.25,"u":"6,41 €/KG","img":"https://fd9-photos.leclercdrive.fr/image.ashx?id=1921604&use=l&cat=p&typeid=i","cat":288850},{"id":12532,"n":"Café en grains Plantation Tradition - 1kg","p":10.15,"u":"10,15 €/KG","img":"https://fd9-photos.leclercdrive.fr/image.ashx?id=1900276&use=l&cat=p&typeid=i","cat":293237},{"id":12549,"n":"Rasoirs jetables Venus Gillette Simply Venus 2 - x10","p":3.36,"u":"0,34 €/P","img":"https://fd9-photos.leclercdrive.fr/image.ashx?id=2881789&use=l&cat=p&typeid=i","cat":325352},{"id":12555,"n":"Mogette cuite au naturel NRT De Vendée - 530g","p":3.19,"u":"6,02 €/KG","img":"https://fd9-photos.leclercdrive.fr/image.ashx?id=2771025&use=l&cat=p&typeid=i","cat":312606},{"id":12564,"n":"Châtaignes Notre Jardin Entières - 420g","p":5.09,"u":"12,12 €/KG","img":"https://fd9-photos.leclercdrive.fr/image.ashx?id=1965527&use=l&cat=p&typeid=i","cat":312612},{"id":12566,"n":"Sel régénérant Eco+ 4kg","p":2.04,"u":"0,51 €/KG","img":"https://fd9-photos.leclercdrive.fr/image.ashx?id=2865236&use=l&cat=p&typeid=i","cat":284657},{"id":12573,"n":"Eponges Mamison salle de bain Décorées x2","p":0.99,"u":"0,50 €/P","img":"https://fd9-photos.leclercdrive.fr/image.ashx?id=2199055&use=l&cat=p&typeid=i","cat":284667},{"id":12581,"n":"Soupe Déshydratée Thaï KNORR Nouilles & Champignons - 70cl","p":1.25,"u":"1,79 €/L","img":"https://fd9-photos.leclercdrive.fr/image.ashx?id=2772554&use=l&cat=p&typeid=i","cat":284463},{"id":12584,"n":"Pain grillé bio Bio Village Blé complet x12 - 250g","p":1.77,"u":"7,08 €/KG","img":"https://fd9-photos.leclercdrive.fr/image.ashx?id=2124744&use=l&cat=p&typeid=i","cat":284479},{"id":12587,"n":"Compote Douceur du Verger Gourdes multivariétés - 12x90g","p":3.93,"u":"3,64 €/KG","img":"https://fd9-photos.leclercdrive.fr/image.ashx?id=2837039&use=l&cat=p&typeid=i","cat":284508},{"id":12588,"n":"Sel régénérant Visior Lave-vaisselle - 4x1kg","p":2.69,"u":"0,67 €/KG","img":"https://fd9-photos.leclercdrive.fr/image.ashx?id=590649&use=l&cat=p&typeid=i","cat":284657},{"id":12591,"n":"Soupe déshydratée Knorr 9 légumes - 75cl","p":0.89,"u":"1,19 €/L","img":"https://fd9-photos.leclercdrive.fr/image.ashx?id=2790585&use=l&cat=p&typeid=i","cat":284463},{"id":12593,"n":"Soupe déshydratée Knorr 9 légumes - 105g","p":0.93,"u":"8,86 €/KG","img":"https://fd9-photos.leclercdrive.fr/image.ashx?id=2875930&use=l&cat=p&typeid=i","cat":284463},{"id":12602,"n":"Ciboulette Rustica Coupé - 50g","p":1.65,"u":"33,00 €/KG","img":"https://fd9-photos.leclercdrive.fr/image.ashx?id=2365460&use=l&cat=p&typeid=i","cat":319804},{"id":12605,"n":"Cornichons Maille Le Mini 210g","p":2.73,"u":"13,00 €/KG","img":"https://fd9-photos.leclercdrive.fr/image.ashx?id=2877310&use=l&cat=p&typeid=i","cat":284458},{"id":12611,"n":"Crozets au Sarrasin NRT 400g","p":2.3,"u":"5,75 €/KG","img":"https://fd9-photos.leclercdrive.fr/image.ashx?id=2856220&use=l&cat=p&typeid=i","cat":284427},{"id":12668,"n":"Pizza Cuite sur pierre Turini Jambon fromage - 3x350g","p":6.22,"u":"5,92 €/KG","img":"https://fd9-photos.leclercdrive.fr/image.ashx?id=2815232&use=l&cat=p&typeid=i","cat":284256},{"id":12669,"n":"Sauce Burger AMORA 260g","p":1.57,"u":"6,04 €/KG","img":"https://fd9-photos.leclercdrive.fr/image.ashx?id=2893853&use=l&cat=p&typeid=i","cat":318431},{"id":12670,"n":"Basilic Rustica Coupé - 50g","p":1.69,"u":"33,80 €/KG","img":"https://fd9-photos.leclercdrive.fr/image.ashx?id=2365463&use=l&cat=p&typeid=i","cat":319804},{"id":12674,"n":"Nids d'Alsace NRT 250g","p":1.39,"u":"5,56 €/KG","img":"https://fd9-photos.leclercdrive.fr/image.ashx?id=2839968&use=l&cat=p&typeid=i","cat":284427},{"id":12675,"n":"Pizza Cuite sur pierre Turini 4 fromages - 400g","p":2.7,"u":"6,75 €/KG","img":"https://fd9-photos.leclercdrive.fr/image.ashx?id=2815229&use=l&cat=p&typeid=i","cat":284256},{"id":12676,"n":"Pizza Cuite sur pierre Turini Chorizo - 400g","p":2.69,"u":"6,73 €/KG","img":"https://fd9-photos.leclercdrive.fr/image.ashx?id=2815226&use=l&cat=p&typeid=i","cat":284256},{"id":12684,"n":"Filets d'Anchois Pêche Océan Marinés à la provençale - 100g","p":1.99,"u":"19,90 €/KG","img":"https://fd9-photos.leclercdrive.fr/image.ashx?id=2993567&use=l&cat=p&typeid=i","cat":285190},{"id":12685,"n":"Biscuit P'tit Beurres chocolait P'tit Déli 268g","p":2.69,"u":"10,04 €/KG","img":"https://fd9-photos.leclercdrive.fr/image.ashx?id=2473975&use=l&cat=p&typeid=i","cat":284488},{"id":12706,"n":"Dentifrice Dentamyl Soin complet 75ml","p":0.76,"u":"10,13 €/L","img":"https://fd9-photos.leclercdrive.fr/image.ashx?id=2276480&use=l&cat=p&typeid=i","cat":284612},{"id":12728,"n":"Lait demi-écrémé Les Pyrénées UHT - 6x1L","p":7.2,"u":"1,20 €/L","img":"https://fd9-photos.leclercdrive.fr/image.ashx?id=1988841&use=l&cat=p&typeid=i","cat":284377},{"id":12729,"n":"Pânés poulet Le Gaulois x2 -  200g","p":1.82,"u":"9,10 €/KG","img":"https://fd9-photos.leclercdrive.fr/image.ashx?id=2261660&use=l&cat=p&typeid=i","cat":333684},{"id":12733,"n":"Bacon Herta superposé x15 150g","p":1.99,"u":"13,27 €/KG","img":"https://fd9-photos.leclercdrive.fr/image.ashx?id=2889325&use=l&cat=p&typeid=i","cat":316007},{"id":12739,"n":"Friand viande Côté Table 2x110g","p":1.65,"u":"7,50 €/KG","img":"https://fd9-photos.leclercdrive.fr/image.ashx?id=2820436&use=l&cat=p&typeid=i","cat":333671},{"id":12772,"n":"Boisson Jafaden Cranberry - 1L","p":1.92,"u":"1,92 €/L","img":"https://fd9-photos.leclercdrive.fr/image.ashx?id=2591394&use=l&cat=p&typeid=i","cat":284915},{"id":12816,"n":"Dentifrice blancheur Dentamyl Soin complet 75ml","p":0.98,"u":"13,07 €/L","img":"https://fd9-photos.leclercdrive.fr/image.ashx?id=2489110&use=l&cat=p&typeid=i","cat":284612},{"id":12838,"n":"Foie de volaille Le Gaulois Confit - 300g","p":3.49,"u":"11,63 €/KG","img":"https://fd9-photos.leclercdrive.fr/image.ashx?id=2732719&use=l&cat=p&typeid=i","cat":284715},{"id":12916,"n":"Infusion bio Bio Village Digestion x20 - 30g","p":1.55,"u":"51,67 €/KG","img":"https://fd9-photos.leclercdrive.fr/image.ashx?id=2672957&use=l&cat=p&typeid=i","cat":293234},{"id":12917,"n":"Infusion bio Bio Village Pour le soir x20 - 30g","p":1.75,"u":"58,33 €/KG","img":"https://fd9-photos.leclercdrive.fr/image.ashx?id=2646020&use=l&cat=p&typeid=i","cat":293234},{"id":12930,"n":"Mélange forestier Notre Jardin 450g","p":2.56,"u":"5,69 €/KG","img":"https://fd9-photos.leclercdrive.fr/image.ashx?id=2873111&use=l&cat=p&typeid=i","cat":319823},{"id":12977,"n":"Tomato Ketchup Heinz Offre Limitée - 700g","p":2.3,"u":"0,33 €/L","img":"https://fd9-photos.leclercdrive.fr/image.ashx?id=2288815&use=l&cat=p&typeid=i","cat":284455},{"id":13014,"n":"Déodorant spray Scorpio Scorpio rouge - 150ml","p":2.47,"u":"16,47 €/L","img":"https://fd9-photos.leclercdrive.fr/image.ashx?id=2329780&use=l&cat=p&typeid=i","cat":284618},{"id":13240,"n":"Flageolets verts Jean Nicolas Extra fins - 530g","p":2.42,"u":"4,57 €/KG","img":"https://fd9-photos.leclercdrive.fr/image.ashx?id=2246659&use=l&cat=p&typeid=i","cat":312606},{"id":13342,"n":"Thon entier Le Savoureux Huile d'olive - 160g","p":3.14,"u":"19,63 €/KG","img":"https://fd9-photos.leclercdrive.fr/image.ashx?id=2960159&use=l&cat=p&typeid=i","cat":303867},{"id":13503,"n":"Biscottes bio Bio Village Au germe de blé x36 - 300g","p":1.99,"u":"6,63 €/KG","img":"https://fd9-photos.leclercdrive.fr/image.ashx?id=1960425&use=l&cat=p&typeid=i","cat":284479},{"id":13532,"n":"Purée pomme de terre Pom'lisse Saveur d'antan - 4x125g - 500g","p":2.49,"u":"4,98 €/KG","img":"https://fd9-photos.leclercdrive.fr/image.ashx?id=2929867&use=l&cat=p&typeid=i","cat":284431},{"id":13589,"n":"Fromage Brillat Savarin NRT  IGP - 200g","p":3.39,"u":"16,95 €/KG","img":"https://fd9-photos.leclercdrive.fr/image.ashx?id=2771064&use=l&cat=p&typeid=i","cat":329558},{"id":13604,"n":"Poissons panés au fromage Pêche Océan MSC - 180g","p":1.89,"u":"10,50 €/KG","img":"https://fd9-photos.leclercdrive.fr/image.ashx?id=2953608&use=l&cat=p&typeid=i","cat":284344},{"id":13605,"n":"Panés de colin Pêche Océan Colin d'Alaska - 200g","p":1.99,"u":"9,95 €/KG","img":"https://fd9-photos.leclercdrive.fr/image.ashx?id=2953605&use=l&cat=p&typeid=i","cat":284344},{"id":13643,"n":"Biscuits nappés Bio Village Bio Chocolat au lait 200g","p":2.43,"u":"12,15 €/KG","img":"https://fd9-photos.leclercdrive.fr/image.ashx?id=1937516&use=l&cat=p&typeid=i","cat":284488},{"id":13647,"n":"Rochers Equador Chocolat au lait x7 - 245g","p":2.45,"u":"10,00 €/KG","img":"https://fd9-photos.leclercdrive.fr/image.ashx?id=2469917&use=l&cat=p&typeid=i","cat":327600},{"id":13648,"n":"Biscuit Croc Break P'tit Déli Lait et goût chocolat - 300g","p":1.24,"u":"4,13 €/KG","img":"https://fd9-photos.leclercdrive.fr/image.ashx?id=1993182&use=l&cat=p&typeid=i","cat":284488},{"id":13678,"n":"Croûtons salade Epi d'Or Ail et fines herbes - 60g","p":0.6,"u":"10,00 €/KG","img":"https://fd9-photos.leclercdrive.fr/image.ashx?id=2606040&use=l&cat=p&typeid=i","cat":284464},{"id":13679,"n":"Croûtons salade Epi d'Or Nature - 60g","p":0.6,"u":"10,00 €/KG","img":"https://fd9-photos.leclercdrive.fr/image.ashx?id=2084937&use=l&cat=p&typeid=i","cat":284464},{"id":13681,"n":"Pâté pur porc Côtés Table 2 Foie 1 campagne - 3x78g","p":1.9,"u":"8,12 €/KG","img":"https://fd9-photos.leclercdrive.fr/image.ashx?id=1986261&use=l&cat=p&typeid=i","cat":305149},{"id":13682,"n":"Pâté de campagne Côté Table Pur porc - 3x78g","p":1.85,"u":"7,91 €/KG","img":"https://fd9-photos.leclercdrive.fr/image.ashx?id=2478763&use=l&cat=p&typeid=i","cat":305149},{"id":13683,"n":"Pâté de foie Côté Table Pur porc - 3x78g","p":1.99,"u":"8,50 €/KG","img":"https://fd9-photos.leclercdrive.fr/image.ashx?id=1986255&use=l&cat=p&typeid=i","cat":305149},{"id":13684,"n":"Bouillon de légumes Rustica Cubes - 12x10g","p":0.67,"u":"5,58 €/KG","img":"https://fd9-photos.leclercdrive.fr/image.ashx?id=1753198&use=l&cat=p&typeid=i","cat":288379},{"id":13685,"n":"Bouillon de volaille Rustica Cubes - 12x10g","p":0.8,"u":"6,67 €/KG","img":"https://fd9-photos.leclercdrive.fr/image.ashx?id=1880027&use=l&cat=p&typeid=i","cat":288379},{"id":13689,"n":"Pop corn caramélisé Tokapi 100g","p":0.71,"u":"7,10 €/KG","img":"https://fd9-photos.leclercdrive.fr/image.ashx?id=2920175&use=l&cat=p&typeid=i","cat":304249},{"id":13692,"n":"Mini-flûtes feuilletéesTokapi Romarin - 100g","p":1.4,"u":"14,00 €/KG","img":"https://fd9-photos.leclercdrive.fr/image.ashx?id=1078549&use=l&cat=p&typeid=i","cat":297000},{"id":13694,"n":"Riz long Comptoir du Grain 500g","p":1.47,"u":"2,94 €/KG","img":"https://fd9-photos.leclercdrive.fr/image.ashx?id=2375968&use=l&cat=p&typeid=i","cat":284428},{"id":13696,"n":"Soufflés Snack's Tokapi Cacahuète - 90g","p":0.47,"u":"5,22 €/KG","img":"https://fd9-photos.leclercdrive.fr/image.ashx?id=1947486&use=l&cat=p&typeid=i","cat":284449},{"id":13698,"n":"Légumes couscous Notre Jardin 400g","p":1.43,"u":"3,58 €/KG","img":"https://fd9-photos.leclercdrive.fr/image.ashx?id=2468831&use=l&cat=p&typeid=i","cat":312612},{"id":13701,"n":"Riz Thaï Comptoir du Grain Sélection Riz long - 500g","p":1.79,"u":"3,58 €/KG","img":"https://fd9-photos.leclercdrive.fr/image.ashx?id=2565610&use=l&cat=p&typeid=i","cat":284428},{"id":13703,"n":"Petits pois Notre Jardin A l'étuvée - Très fins - 560g","p":1.29,"u":"2,30 €/KG","img":"https://fd9-photos.leclercdrive.fr/image.ashx?id=2987955&use=l&cat=p&typeid=i","cat":312607},{"id":13715,"n":"Croquettes chat Purina One Stérilisé - Boeuf/Blé-1.5kg","p":6.59,"u":"4,39 €/KG","img":"https://fd9-photos.leclercdrive.fr/image.ashx?id=2488040&use=l&cat=p&typeid=i","cat":284680},{"id":13719,"n":"Croquettes chat Purina One Adulte - Poulet/Céréales -1.5kg","p":6.21,"u":"4,14 €/KG","img":"https://fd9-photos.leclercdrive.fr/image.ashx?id=2537682&use=l&cat=p&typeid=i","cat":284680},{"id":13731,"n":"Barquettes chats Gourmet Gold Les mousselines - 12x85g","p":5.38,"u":"5,27 €/KG","img":"https://fd9-photos.leclercdrive.fr/image.ashx?id=2967046&use=l&cat=p&typeid=i","cat":285286},{"id":13733,"n":"Barquettes chats Gourmet Gold Les terrines - 12x85g","p":5.46,"u":"5,35 €/KG","img":"https://fd9-photos.leclercdrive.fr/image.ashx?id=2979069&use=l&cat=p&typeid=i","cat":285286},{"id":13742,"n":"Tablette chocolat Côte d'Or Truffé noir - 190g","p":3.67,"u":"19,32 €/KG","img":"https://fd9-photos.leclercdrive.fr/image.ashx?id=2938932&use=l&cat=p&typeid=i","cat":284956},{"id":13776,"n":"Mouchoirs blancs 3 plis Caresse Boîte - x110","p":1.35,"u":"0,01 €/P","img":"https://fd9-photos.leclercdrive.fr/image.ashx?id=2777921&use=l&cat=p&typeid=i","cat":284638},{"id":13777,"n":"Lingettes bébé Eco+ Epaisses - x72","p":0.72,"u":"0,01 €/P","img":"https://fd9-photos.leclercdrive.fr/image.ashx?id=2553548&use=l&cat=p&typeid=i","cat":284738},{"id":13784,"n":"Gel douche et shampooing Carré Homme Energisante - 250ml","p":1.15,"u":"4,60 €/L","img":"https://fd9-photos.leclercdrive.fr/image.ashx?id=1544231&use=l&cat=p&typeid=i","cat":284619},{"id":13977,"n":"Salade Notre Jardin Coeurs de laitue - 320g","p":1.58,"u":"4,94 €/KG","img":"https://fd9-photos.leclercdrive.fr/image.ashx?id=2096643&use=l&cat=p&typeid=i","cat":284353},{"id":13992,"n":"Recharge savon mains Manava Gel lavande - 250ml","p":0.69,"u":"2,76 €/L","img":"https://fd9-photos.leclercdrive.fr/image.ashx?id=2333766&use=l&cat=p&typeid=i","cat":284597},{"id":13998,"n":"Pâte feuilletée Eco+ A dérouler - 230g","p":0.53,"u":"2,30 €/KG","img":"https://fd9-photos.leclercdrive.fr/image.ashx?id=2055086&use=l&cat=p&typeid=i","cat":333681},{"id":14007,"n":"Jambon de Bayonne IGP NRT 4 Grandes Tranches - 120g","p":3.63,"u":"30,25 €/KG","img":"https://fd9-photos.leclercdrive.fr/image.ashx?id=2670428&use=l&cat=p&typeid=i","cat":316007},{"id":14018,"n":"Chocolat Pâtissier Tablette dOr Noir corsé - 64% cacao - 200g","p":2.09,"u":"10,45 €/KG","img":"https://fd9-photos.leclercdrive.fr/image.ashx?id=2482881&use=l&cat=p&typeid=i","cat":285562},{"id":14038,"n":"Cassoulet au confit canard NRT - 420g","p":2.75,"u":"6,55 €/KG","img":"https://fd9-photos.leclercdrive.fr/image.ashx?id=2723222&use=l&cat=p&typeid=i","cat":284440},{"id":14051,"n":"Confiture extra bio Bio Village Myrtilles - 370g","p":2.29,"u":"6,19 €/KG","img":"https://fd9-photos.leclercdrive.fr/image.ashx?id=2965620&use=l&cat=p&typeid=i","cat":284480},{"id":14068,"n":"Miel Nid d'Abeille A tartiner - 500 g","p":3.19,"u":"6,38 €/KG","img":"https://fd9-photos.leclercdrive.fr/image.ashx?id=2693120&use=l&cat=p&typeid=i","cat":287643},{"id":14075,"n":"Lait de coco Tables du monde 400ml","p":1.52,"u":"3,80 €/L","img":"https://fd9-photos.leclercdrive.fr/image.ashx?id=1960758&use=l&cat=p&typeid=i","cat":288992},{"id":14081,"n":"Ratatouille Bio Village Bio A la provençale - 650g","p":2.35,"u":"3,62 €/KG","img":"https://fd9-photos.leclercdrive.fr/image.ashx?id=2762513&use=l&cat=p&typeid=i","cat":312612},{"id":14082,"n":"Miel de fleurs bio Bio Village 500g","p":4.99,"u":"9,98 €/KG","img":"https://fd9-photos.leclercdrive.fr/image.ashx?id=2348265&use=l&cat=p&typeid=i","cat":287643},{"id":14084,"n":"Confiture bio Bio Village Oranges - 370g","p":2.25,"u":"6,08 €/KG","img":"https://fd9-photos.leclercdrive.fr/image.ashx?id=2965623&use=l&cat=p&typeid=i","cat":284480},{"id":14087,"n":"Quenelles de veau Coté Table Sauce financière 400g","p":1.85,"u":"4,63 €/KG","img":"https://fd9-photos.leclercdrive.fr/image.ashx?id=2977864&use=l&cat=p&typeid=i","cat":284441},{"id":14088,"n":"Garnit bouchée reine Coté Table 400g","p":1.79,"u":"4,48 €/KG","img":"https://fd9-photos.leclercdrive.fr/image.ashx?id=2977150&use=l&cat=p&typeid=i","cat":284441},{"id":14099,"n":"Spray nettoyant Eco+ avec Javel 750ml","p":0.87,"u":"1,16 €/L","img":"https://fd9-photos.leclercdrive.fr/image.ashx?id=2386113&use=l&cat=p&typeid=i","cat":325357},{"id":14107,"n":"Tielles sétoises NRT x2 - 220g","p":2.93,"u":"13,32 €/KG","img":"https://fd9-photos.leclercdrive.fr/image.ashx?id=2663830&use=l&cat=p&typeid=i","cat":285340},{"id":14111,"n":"Houmous Tables du Monde 200g","p":1.43,"u":"7,15 €/KG","img":"https://fd9-photos.leclercdrive.fr/image.ashx?id=2872258&use=l&cat=p&typeid=i","cat":315999},{"id":14114,"n":"Brosse à dents Dentamyl Médium x4","p":0.99,"u":"0,25 €/P","img":"https://fd9-photos.leclercdrive.fr/image.ashx?id=2790922&use=l&cat=p&typeid=i","cat":284614},{"id":14118,"n":"Carottes râpées Eco+ Assaisonnées - 500g","p":0.84,"u":"1,68 €/KG","img":"https://fd9-photos.leclercdrive.fr/image.ashx?id=2850805&use=l&cat=p&typeid=i","cat":333657},{"id":14122,"n":"Bâtonnets crâbe Eco+ x24 - 400g","p":1.27,"u":"3,18 €/KG","img":"https://fd9-photos.leclercdrive.fr/image.ashx?id=2865239&use=l&cat=p&typeid=i","cat":285189},{"id":14124,"n":"Rosette pur porc Eco+ 12 tranches - 150g","p":1.26,"u":"8,40 €/KG","img":"https://fd9-photos.leclercdrive.fr/image.ashx?id=2476218&use=l&cat=p&typeid=i","cat":316007},{"id":14131,"n":"Désodorisant Visior Lave-vaisselle Citron - x2","p":1.29,"u":"0,65 €/P","img":"https://fd9-photos.leclercdrive.fr/image.ashx?id=2869480&use=l&cat=p&typeid=i","cat":284657},{"id":14132,"n":"Bloc wc javel Syphon 2x40g","p":1.46,"u":"18,25 €/KG","img":"https://fd9-photos.leclercdrive.fr/image.ashx?id=1709570&use=l&cat=p&typeid=i","cat":284662},{"id":14135,"n":"Brosse à dents Eco+ Médium x2","p":0.23,"u":"0,12 €/P","img":"https://fd9-photos.leclercdrive.fr/image.ashx?id=2783783&use=l&cat=p&typeid=i","cat":284614},{"id":14138,"n":"Lingettes dépoussiérantes Eco+ x40","p":1.76,"u":"0,04 €/P","img":"https://fd9-photos.leclercdrive.fr/image.ashx?id=2805972&use=l&cat=p&typeid=i","cat":325364},{"id":14140,"n":"Savon extra-doux Manava Douceur d'amande 6x100g","p":3.16,"u":"5,27 €/KG","img":"https://fd9-photos.leclercdrive.fr/image.ashx?id=2331312&use=l&cat=p&typeid=i","cat":284597},{"id":14143,"n":"Diffuseur électrique Insectivor Anti-moustiques + recharge 35ml","p":4.63,"img":"https://fd9-photos.leclercdrive.fr/image.ashx?id=1938543&use=l&cat=p&typeid=i","cat":298368},{"id":14144,"n":"Lingettes bébé Mots d'Enfants Débarbouillantes - x40","p":1.47,"u":"0,04 €/P","img":"https://fd9-photos.leclercdrive.fr/image.ashx?id=1792441&use=l&cat=p&typeid=i","cat":284738},{"id":14153,"n":"Bonbons Eco+ Menthe Eucalyptus - 240g","p":1.01,"u":"4,21 €/KG","img":"https://fd9-photos.leclercdrive.fr/image.ashx?id=2968616&use=l&cat=p&typeid=i","cat":304252},{"id":14154,"n":"Bonbons gélifiés Eco+ Frites - 200g","p":1.11,"u":"5,55 €/KG","img":"https://fd9-photos.leclercdrive.fr/image.ashx?id=2558362&use=l&cat=p&typeid=i","cat":304250},{"id":14158,"n":"Fromage Mystère du Prieuré Lait pasteurisé - 340g","p":2.65,"u":"7,79 €/KG","img":"https://fd9-photos.leclercdrive.fr/image.ashx?id=2804172&use=l&cat=p&typeid=i","cat":329184},{"id":14164,"n":"Roquefort AOP Eco+ Lait cru brebis 150g","p":2.16,"u":"14,40 €/KG","img":"https://fd9-photos.leclercdrive.fr/image.ashx?id=2966629&use=l&cat=p&typeid=i","cat":314032},{"id":14165,"n":"Crème de soin cheveux Vitanove Boucles sans rinçage 200ml","p":1.29,"u":"6,45 €/L","img":"https://fd9-photos.leclercdrive.fr/image.ashx?id=1947997&use=l&cat=p&typeid=i","cat":284608},{"id":14167,"n":"Brosse à dents Dentamyl Extra souple x1","p":0.85,"img":"https://fd9-photos.leclercdrive.fr/image.ashx?id=2790925&use=l&cat=p&typeid=i","cat":284614},{"id":14170,"n":"Nettoyant lave-vaisselle Visior 250ml","p":2.65,"u":"10,60 €/L","img":"https://fd9-photos.leclercdrive.fr/image.ashx?id=2946451&use=l&cat=p&typeid=i","cat":284657},{"id":14183,"n":"Lame de rasoir Siliss 3 lames - x4","p":3.58,"img":"https://fd9-photos.leclercdrive.fr/image.ashx?id=1756003&use=l&cat=p&typeid=i","cat":325352},{"id":14187,"n":"Masque réparateur Vitanove Secs abîmés cassants 300ml","p":2.64,"u":"8,80 €/L","img":"https://fd9-photos.leclercdrive.fr/image.ashx?id=2856275&use=l&cat=p&typeid=i","cat":284608},{"id":14190,"n":"Savon mains en crème Manava nourrissante à l'amande - 300ml","p":0.9,"u":"3,00 €/L","img":"https://fd9-photos.leclercdrive.fr/image.ashx?id=2355133&use=l&cat=p&typeid=i","cat":284597},{"id":14195,"n":"Bande à découper Primoplast Peaux sensibles - 10x6cm","p":0.89,"img":"https://fd9-photos.leclercdrive.fr/image.ashx?id=2955668&use=l&cat=p&typeid=i","cat":284630},{"id":14196,"n":"Après-shampooing Vitanove Réparateur - 200ml","p":1.38,"u":"6,90 €/L","img":"https://fd9-photos.leclercdrive.fr/image.ashx?id=2618311&use=l&cat=p&typeid=i","cat":284607},{"id":14212,"n":"Lotion après-rasage Carré Homme Marine tonifiant 100ml","p":2.55,"u":"25,50 €/L","img":"https://fd9-photos.leclercdrive.fr/image.ashx?id=2854219&use=l&cat=p&typeid=i","cat":288147},{"id":14218,"n":"Dentifrice enfant Dentamyl Bubble gum - 3 à 6 ans - 50ml","p":0.89,"u":"17,80 €/L","img":"https://fd9-photos.leclercdrive.fr/image.ashx?id=2075185&use=l&cat=p&typeid=i","cat":288898},{"id":14219,"n":"Dentifrice enfant Dentamyl Menthe - 7 à 13 ans - 75ml","p":0.74,"u":"9,87 €/L","img":"https://fd9-photos.leclercdrive.fr/image.ashx?id=2489113&use=l&cat=p&typeid=i","cat":288898},{"id":14223,"n":"Dépoussiérant meubles Clair Multi-surfaces 300ml","p":1.03,"u":"3,43 €/L","img":"https://fd9-photos.leclercdrive.fr/image.ashx?id=2531098&use=l&cat=p&typeid=i","cat":325364},{"id":14224,"n":"Gel wc Syphon surpuissant 750ml","p":1.07,"u":"1,43 €/L","img":"https://fd9-photos.leclercdrive.fr/image.ashx?id=2558790&use=l&cat=p&typeid=i","cat":284662},{"id":14236,"n":"Jambon cru Eco+ 8 tranches - 150g","p":1.77,"u":"11,80 €/KG","img":"https://fd9-photos.leclercdrive.fr/image.ashx?id=2031823&use=l&cat=p&typeid=i","cat":316007},{"id":14243,"n":"Pain de mie nature Epi d'Or Grandes tranches - 825g","p":1.59,"u":"1,93 €/KG","img":"https://fd9-photos.leclercdrive.fr/image.ashx?id=2860724&use=l&cat=p&typeid=i","cat":284477},{"id":14271,"n":"Crème de marrons NRT De l'Ardèche - 325g","p":3.03,"u":"9,32 €/KG","img":"https://fd9-photos.leclercdrive.fr/image.ashx?id=1173619&use=l&cat=p&typeid=i","cat":284481},{"id":14283,"n":"Foie gras canard IGP Sud-Ouest NRT Entier- 180g","p":13.99,"u":"77,72 €/KG","img":"https://fd9-photos.leclercdrive.fr/image.ashx?id=2991494&use=l&cat=p&typeid=i","cat":305148},{"id":14285,"n":"Fromage Emmental Eco+ Râpé - 200g","p":1.5,"u":"7,50 €/KG","img":"https://fd9-photos.leclercdrive.fr/image.ashx?id=2387301&use=l&cat=p&typeid=i","cat":314035},{"id":14292,"n":"Eau aromatisée Volvic Zest  Citron - 1,5L","p":1.05,"u":"0,70 €/L","img":"https://fd9-photos.leclercdrive.fr/image.ashx?id=2730253&use=l&cat=p&typeid=i","cat":284537},{"id":14293,"n":"Eau aromatisée Volvic Zest Citron - 6x50cl","p":3.24,"u":"1,08 €/L","img":"https://fd9-photos.leclercdrive.fr/image.ashx?id=2730256&use=l&cat=p&typeid=i","cat":284537},{"id":14327,"n":"Poêlée Côté Table Franc-Comtoise - 900g","p":4.19,"u":"4,66 €/KG","img":"https://fd9-photos.leclercdrive.fr/image.ashx?id=2048440&use=l&cat=p&typeid=i","cat":319823},{"id":14329,"n":"Brandade de morue Côté Table MSC - 300g","p":2.72,"u":"9,07 €/KG","img":"https://fd9-photos.leclercdrive.fr/image.ashx?id=2055295&use=l&cat=p&typeid=i","cat":284254},{"id":14330,"n":"Poêlée de légumes Notre Jardin Légumes grillés - 750g","p":3.11,"u":"4,15 €/KG","img":"https://fd9-photos.leclercdrive.fr/image.ashx?id=2771369&use=l&cat=p&typeid=i","cat":319823},{"id":14334,"n":"Ratatouille Notre Jardin Cuisinée 750g","p":2.85,"u":"3,80 €/KG","img":"https://fd9-photos.leclercdrive.fr/image.ashx?id=2873129&use=l&cat=p&typeid=i","cat":319823},{"id":14336,"n":"Pavé saumon Pêche Océan ASC Atlantique -  500g","p":11.19,"u":"22,38 €/KG","img":"https://fd9-photos.leclercdrive.fr/image.ashx?id=2953728&use=l&cat=p&typeid=i","cat":319786},{"id":14360,"n":"Yaourts à boire Délisse Petits Délis fruits - 8x100g","p":3.21,"u":"4,01 €/KG","img":"https://fd9-photos.leclercdrive.fr/image.ashx?id=2754886&use=l&cat=p&typeid=i","cat":284415},{"id":14371,"n":"Mousse à la crème Duodélisse Nature - 4x100g","p":1.49,"u":"3,73 €/KG","img":"https://fd9-photos.leclercdrive.fr/image.ashx?id=2387334&use=l&cat=p&typeid=i","cat":284409},{"id":14389,"n":"Abricots Maitre Prunille Moelleux - 250g","p":3.86,"u":"15,44 €/KG","img":"https://fd9-photos.leclercdrive.fr/image.ashx?id=1747031&use=l&cat=p&typeid=i","cat":284357},{"id":14427,"n":"Pastis Ricard Anisé 45% vol - 70cl","p":14.76,"u":"21,09 €/L","img":"https://fd9-photos.leclercdrive.fr/image.ashx?id=2976776&use=l&cat=p&typeid=i","cat":284548},{"id":14428,"n":"Whisky Clan Campbell Blended Scotch 40% vol - 1L","p":19.29,"u":"19,29 €/L","img":"https://fd9-photos.leclercdrive.fr/image.ashx?id=2868921&use=l&cat=p&typeid=i","cat":284547},{"id":14431,"n":"Rhum Lagoa 40%vol - 1L","p":13.59,"u":"13,59 €/L","img":"https://fd9-photos.leclercdrive.fr/image.ashx?id=2966481&use=l&cat=p&typeid=i","cat":284550},{"id":14441,"n":"Eau minérale naturelle Evian  6x1l","p":2.88,"u":"0,48 €/L","img":"https://fd9-photos.leclercdrive.fr/image.ashx?id=2969019&use=l&cat=p&typeid=i","cat":284535},{"id":14447,"n":"Sirop Frucci Thé Pêche - 75cl","p":3.2,"u":"4,27 €/L","img":"https://fd9-photos.leclercdrive.fr/image.ashx?id=764952&use=l&cat=p&typeid=i","cat":295020},{"id":14452,"n":"Sirop Sport Citron - 1L","p":2.4,"u":"2,40 €/L","img":"https://fd9-photos.leclercdrive.fr/image.ashx?id=3011182&use=l&cat=p&typeid=i","cat":295020},{"id":14458,"n":"Biscuits tablette Eco+ Chocolat au lait - 150g","p":0.99,"u":"6,60 €/KG","img":"https://fd9-photos.leclercdrive.fr/image.ashx?id=2502449&use=l&cat=p&typeid=i","cat":284488},{"id":14494,"n":"Coquilles Saint-Jacques Tipiak À la bretonne - 4x90g","p":6.52,"u":"18,11 €/KG","img":"https://fd9-photos.leclercdrive.fr/image.ashx?id=2559754&use=l&cat=p&typeid=i","cat":319775},{"id":14512,"n":"Sachets glaçons Elembal x15","p":0.79,"img":"https://fd9-photos.leclercdrive.fr/image.ashx?id=2671810&use=l&cat=p&typeid=i","cat":334134},{"id":14543,"n":"Serviettes papier Homeside Double épaisseur 33x33cm - x100","p":2.29,"img":"https://fd9-photos.leclercdrive.fr/image.ashx?id=1659678&use=l&cat=p&typeid=i","cat":334134},{"id":14544,"n":"Serviettes papier Homeside Triple épaisseur 40x40 x50","p":2.99,"u":"0,06 €/P","img":"https://fd9-photos.leclercdrive.fr/image.ashx?id=1659681&use=l&cat=p&typeid=i","cat":334134},{"id":14574,"n":"Serviette incontinence Chorys Normal - x12","p":1.99,"u":"0,17 €/P","img":"https://fd9-photos.leclercdrive.fr/image.ashx?id=2393848&use=l&cat=p&typeid=i","cat":284628},{"id":14579,"n":"Papier toilette Mimosa Blanc - Ultra doux - x6","p":2.65,"u":"0,44 €/P","img":"https://fd9-photos.leclercdrive.fr/image.ashx?id=2073185&use=l&cat=p&typeid=i","cat":284634},{"id":14582,"n":"Bandes de cire froide Siliss Corps - Peaux sensibles - x40","p":2.21,"u":"0,06 €/P","img":"https://fd9-photos.leclercdrive.fr/image.ashx?id=2699426&use=l&cat=p&typeid=i","cat":325351},{"id":14625,"n":"Boisson énergétique Powerade Ice storm - 50cl","p":1.05,"u":"2,10 €/L","img":"https://fd9-photos.leclercdrive.fr/image.ashx?id=2970756&use=l&cat=p&typeid=i","cat":284533},{"id":14626,"n":"Boisson aux fruits Oasis Saveur Pêche Abricot - 2L","p":2.35,"u":"1,18 €/L","img":"https://fd9-photos.leclercdrive.fr/image.ashx?id=2688635&use=l&cat=p&typeid=i","cat":295018},{"id":14633,"n":"AOP Bordeaux rouge La Croix d'Austéran - 75cl","p":4.55,"u":"6,07 €/L","img":"https://fd9-photos.leclercdrive.fr/image.ashx?id=1672093&use=l&cat=p&typeid=i","cat":289556},{"id":14637,"n":"Biscuits P'tit Déli ronds Chocolat noir 200g","p":1.34,"u":"6,70 €/KG","img":"https://fd9-photos.leclercdrive.fr/image.ashx?id=2321935&use=l&cat=p&typeid=i","cat":284488},{"id":14654,"n":"Soupe liquide Liebig  Potiron - Brique 1L","p":2.81,"u":"2,81 €/L","img":"https://fd9-photos.leclercdrive.fr/image.ashx?id=2785355&use=l&cat=p&typeid=i","cat":284462},{"id":14659,"n":"Gel désinfectant mains Sanytol Au thé vert - 250ml","p":3.5,"u":"14,00 €/L","img":"https://fd9-photos.leclercdrive.fr/image.ashx?id=1754056&use=l&cat=p&typeid=i","cat":284630},{"id":14660,"n":"Gel désinfectant mains Sanytol Au thé vert - 75ml","p":1.93,"u":"25,73 €/L","img":"https://fd9-photos.leclercdrive.fr/image.ashx?id=2338730&use=l&cat=p&typeid=i","cat":284630},{"id":14661,"n":"Lingettes Hygiène Intime Usage Quotidien Intima Hamamélis x20","p":1.89,"u":"0,09 €/P","img":"https://fd9-photos.leclercdrive.fr/image.ashx?id=2886675&use=l&cat=p&typeid=i","cat":284627},{"id":14688,"n":"Biscuits Bjorg Fourrés Chocolat lait bio 225g","p":2.83,"u":"12,58 €/KG","img":"https://fd9-photos.leclercdrive.fr/image.ashx?id=2970927&use=l&cat=p&typeid=i","cat":284488},{"id":14691,"n":"Chocolat Alter Eco Noir Absolu Pérou 85% cacao bio - 100g","p":2.66,"u":"26,60 €/KG","img":"https://fd9-photos.leclercdrive.fr/image.ashx?id=2906535&use=l&cat=p&typeid=i","cat":284956},{"id":14713,"n":"Rasoirs jetables Bic Twin Lady x8","p":1.69,"u":"0,21 €/P","img":"https://fd9-photos.leclercdrive.fr/image.ashx?id=2887569&use=l&cat=p&typeid=i","cat":325352},{"id":14763,"n":"Shampooing Pétrol Hahn Force -  250ml","p":2.34,"u":"9,36 €/L","img":"https://fd9-photos.leclercdrive.fr/image.ashx?id=2104450&use=l&cat=p&typeid=i","cat":284621},{"id":14765,"n":"Pile alcaline Tech+ Foxter 9V/6LP3146","p":2.49,"img":"https://fd9-photos.leclercdrive.fr/image.ashx?id=2162180&use=l&cat=p&typeid=i","cat":300572},{"id":14814,"n":"Compotes pommes Andros 4x100g","p":1.35,"u":"3,38 €/KG","img":"https://fd9-photos.leclercdrive.fr/image.ashx?id=2883925&use=l&cat=p&typeid=i","cat":284416},{"id":14829,"n":"Désinfectant Sanytol Pistolet multi usage 500ml","p":3.25,"u":"6,50 €/L","img":"https://fd9-photos.leclercdrive.fr/image.ashx?id=2592276&use=l&cat=p&typeid=i","cat":325357},{"id":14873,"n":"Pastilles javel La Croix x40","p":1.95,"u":"14,55 €/KG","img":"https://fd9-photos.leclercdrive.fr/image.ashx?id=2679693&use=l&cat=p&typeid=i","cat":284661},{"id":14880,"n":"Compote Charles & Alice Pommes Mangues - 4x100g","p":1.4,"u":"3,50 €/KG","img":"https://fd9-photos.leclercdrive.fr/image.ashx?id=2757347&use=l&cat=p&typeid=i","cat":284416},{"id":14888,"n":"Compote Charles & Alice Pommes Poires - 4x100g","p":1.39,"u":"3,48 €/KG","img":"https://fd9-photos.leclercdrive.fr/image.ashx?id=2936902&use=l&cat=p&typeid=i","cat":284416},{"id":14901,"n":"Mozzarella di Buffala AOP Les Croisés - 125g","p":1.65,"u":"13,20 €/KG","img":"https://fd9-photos.leclercdrive.fr/image.ashx?id=2992510&use=l&cat=p&typeid=i","cat":314026},{"id":14911,"n":"Bloc WC cuvette Harpic  Eau Bleue - x2","p":1.33,"u":"17,50 €/KG","img":"https://fd9-photos.leclercdrive.fr/image.ashx?id=2264743&use=l&cat=p&typeid=i","cat":284662},{"id":14919,"n":"Compote Douceur du Verger Pomme Abricot - 4x97g","p":1.23,"u":"3,17 €/KG","img":"https://fd9-photos.leclercdrive.fr/image.ashx?id=2406396&use=l&cat=p&typeid=i","cat":284416},{"id":14924,"n":"Lasagnes chèvre épinards Côté Table - 500g","p":2.95,"u":"5,90 €/KG","img":"https://fd9-photos.leclercdrive.fr/image.ashx?id=2647874&use=l&cat=p&typeid=i","cat":284254},{"id":14932,"n":"Rhum blanc Saint James 40% vol - 70cl","p":11.27,"u":"16,10 €/L","img":"https://fd9-photos.leclercdrive.fr/image.ashx?id=2970948&use=l&cat=p&typeid=i","cat":284550},{"id":14934,"n":"Gin Gibson 37.5%vol - 70cl","p":11.65,"u":"16,64 €/L","img":"https://fd9-photos.leclercdrive.fr/image.ashx?id=2755396&use=l&cat=p&typeid=i","cat":284550},{"id":15002,"n":"Eau minérale Thonon 1.5l","p":0.46,"u":"0,31 €/L","img":"https://fd9-photos.leclercdrive.fr/image.ashx?id=2157079&use=l&cat=p&typeid=i","cat":284535},{"id":15007,"n":"Protège-slips Doulys Ultra-mince Normal Plié - x30","p":1.19,"u":"0,04 €/P","img":"https://fd9-photos.leclercdrive.fr/image.ashx?id=2465092&use=l&cat=p&typeid=i","cat":284625},{"id":15008,"n":"Eau de source Laqueuille 1L","p":0.26,"u":"0,26 €/L","img":"https://fd9-photos.leclercdrive.fr/image.ashx?id=2617204&use=l&cat=p&typeid=i","cat":284535},{"id":15010,"n":"Serviette incontinence Chorys Extra - x10","p":1.99,"u":"0,20 €/P","img":"https://fd9-photos.leclercdrive.fr/image.ashx?id=2393851&use=l&cat=p&typeid=i","cat":284628},{"id":15016,"n":"AOP Crémant d'Alsace Wolfberger Brut - 75cl","p":7.38,"u":"9,84 €/L","img":"https://fd9-photos.leclercdrive.fr/image.ashx?id=2323502&use=l&cat=p&typeid=i","cat":284544},{"id":15022,"n":"Jus de pamplemousse rose Bio Bio Village - 1L","p":3.82,"u":"3,82 €/L","img":"https://fd9-photos.leclercdrive.fr/image.ashx?id=1959487&use=l&cat=p&typeid=i","cat":284914},{"id":15023,"n":"Crème adhésive Dentamyl 50g","p":2.08,"u":"41,60 €/KG","img":"https://fd9-photos.leclercdrive.fr/image.ashx?id=1952883&use=l&cat=p&typeid=i","cat":285158},{"id":15025,"n":"Nectar Jafaden Pomme kiwi - 1L","p":2.35,"u":"2,35 €/L","img":"https://fd9-photos.leclercdrive.fr/image.ashx?id=2956053&use=l&cat=p&typeid=i","cat":284915},{"id":15039,"n":"Crème visage bio Bio Naïa Hydratante 50ml","p":1.99,"u":"39,80 €/L","img":"https://fd9-photos.leclercdrive.fr/image.ashx?id=1729317&use=l&cat=p&typeid=i","cat":325345},{"id":15053,"n":"Déodorant Manava Grenade - 200ml","p":1.39,"u":"6,95 €/L","img":"https://fd9-photos.leclercdrive.fr/image.ashx?id=1848058&use=l&cat=p&typeid=i","cat":284595},{"id":15058,"n":"Biscuits tablettes Bio Village Bio Chocolat au lait 150g","p":2.38,"u":"15,87 €/KG","img":"https://fd9-photos.leclercdrive.fr/image.ashx?id=2275132&use=l&cat=p&typeid=i","cat":284488},{"id":15060,"n":"Biscuits tablettes Bio Village Bio Chocolat noir 150g","p":2.39,"u":"15,93 €/KG","img":"https://fd9-photos.leclercdrive.fr/image.ashx?id=2223066&use=l&cat=p&typeid=i","cat":284488},{"id":15066,"n":"Savon douceur Manava Bouquet fleurs blanches 4x100g","p":1.45,"u":"3,63 €/KG","img":"https://fd9-photos.leclercdrive.fr/image.ashx?id=2358342&use=l&cat=p&typeid=i","cat":284597},{"id":15131,"n":"Nectar multifruits Jafaden 2L","p":2.49,"u":"1,25 €/L","img":"https://fd9-photos.leclercdrive.fr/image.ashx?id=2956032&use=l&cat=p&typeid=i","cat":284917},{"id":15159,"n":"Fécule de maïs Tablier Blanc 400g","p":1.19,"u":"2,98 €/KG","img":"https://fd9-photos.leclercdrive.fr/image.ashx?id=2487443&use=l&cat=p&typeid=i","cat":288382},{"id":15163,"n":"Sablés fourrés P'tit Déli Noisette 125g","p":1.92,"u":"15,36 €/KG","img":"https://fd9-photos.leclercdrive.fr/image.ashx?id=2426770&use=l&cat=p&typeid=i","cat":284487},{"id":15181,"n":"Boisson aux fruits Oasis Saveur Fraise Framboise - 2L","p":2.44,"u":"1,22 €/L","img":"https://fd9-photos.leclercdrive.fr/image.ashx?id=2677819&use=l&cat=p&typeid=i","cat":295018},{"id":15183,"n":"Filets de maquereaux Saupiquet Escabèche - 169g","p":2.01,"u":"11,89 €/KG","img":"https://fd9-photos.leclercdrive.fr/image.ashx?id=2829970&use=l&cat=p&typeid=i","cat":303868},{"id":15256,"n":"Barre chocolat au lait Lion x6 barres - 252g","p":2.39,"u":"9,48 €/KG","img":"https://fd9-photos.leclercdrive.fr/image.ashx?id=2736991&use=l&cat=p&typeid=i","cat":284498},{"id":15288,"n":"Mouchoirs blancs 4 plis Caresse Mini étuis x15","p":1.16,"u":"0,08 €/P","img":"https://fd9-photos.leclercdrive.fr/image.ashx?id=2032309&use=l&cat=p&typeid=i","cat":284638},{"id":15342,"n":"Chocolat Eco+ Noir - 5x100g","p":3.8,"u":"7,60 €/KG","img":"https://fd9-photos.leclercdrive.fr/image.ashx?id=2581639&use=l&cat=p&typeid=i","cat":284956},{"id":15431,"n":"Cappuccino nature  x10 stick - 140g","p":2.52,"u":"18,00 €/KG","img":"https://fd9-photos.leclercdrive.fr/image.ashx?id=2458055&use=l&cat=p&typeid=i","cat":284843},{"id":15451,"n":"Escalope de dinde Maître Coq Fine x2 - 240g","p":3.83,"u":"15,96 €/KG","img":"https://fd9-photos.leclercdrive.fr/image.ashx?id=2770088&use=l&cat=p&typeid=i","cat":284337},{"id":15492,"n":"AOC Muscadet blanc Botinière - 75 Cl","p":5.09,"u":"6,79 €/L","img":"https://fd9-photos.leclercdrive.fr/image.ashx?id=2476275&use=l&cat=p&typeid=i","cat":289557},{"id":15564,"n":"Chips paysannes Pom'lisse Nature - 150g","p":0.99,"u":"6,60 €/KG","img":"https://fd9-photos.leclercdrive.fr/image.ashx?id=3002581&use=l&cat=p&typeid=i","cat":284447},{"id":15590,"n":"pain complet 3 céréales bio  bjorg 500g","p":2.2,"u":"4,40 €/KG","img":"https://fd9-photos.leclercdrive.fr/image.ashx?id=2752951&use=l&cat=p&typeid=i","cat":325069},{"id":15592,"n":"Fromage enfant Ficello Nature à effilocher x8 - 168g","p":3.23,"u":"19,23 €/KG","img":"https://fd9-photos.leclercdrive.fr/image.ashx?id=2375376&use=l&cat=p&typeid=i","cat":314030},{"id":15615,"n":"Multifruits Jafaden 100% Pur jus - 1,5L","p":1.99,"u":"1,33 €/L","img":"https://fd9-photos.leclercdrive.fr/image.ashx?id=2890000&use=l&cat=p&typeid=i","cat":284917},{"id":15626,"n":"Salade maxi Florette Laitue iceberg - 450g","p":2.43,"u":"5,40 €/KG","img":"https://fd9-photos.leclercdrive.fr/image.ashx?id=2090039&use=l&cat=p&typeid=i","cat":284353},{"id":15629,"n":"Salade maxi Florette Mâche - 200g","p":2.19,"u":"10,95 €/KG","img":"https://fd9-photos.leclercdrive.fr/image.ashx?id=2228849&use=l&cat=p&typeid=i","cat":284353},{"id":15646,"n":"Saumon Atlantique Connétable 112g","p":4.85,"u":"43,30 €/KG","img":"https://fd9-photos.leclercdrive.fr/image.ashx?id=2960162&use=l&cat=p&typeid=i","cat":305147},{"id":15647,"n":"Soupe Paysanne Légumes Knorr Déshydratée - Au lard - 97g","p":1.51,"u":"15,57 €/KG","img":"https://fd9-photos.leclercdrive.fr/image.ashx?id=2768870&use=l&cat=p&typeid=i","cat":284463},{"id":15746,"n":"Soupe Liquide Liebig  Bisque de Homard - 300g","p":2.19,"u":"7,30 €/KG","img":"https://fd9-photos.leclercdrive.fr/image.ashx?id=2651390&use=l&cat=p&typeid=i","cat":287366},{"id":15780,"n":"Saucisse fine de porc du Quercy Artisanale - 500g","p":6.3,"u":"12,60 €/KG","img":"https://fd9-photos.leclercdrive.fr/image.ashx?id=2916959&use=l&cat=p&typeid=i","cat":284334},{"id":15801,"n":"IGP Pays d'Oc rosé Cinsault Syrah Ormes de Cambras 12% 75cl","p":2.83,"u":"3,77 €/L","img":"https://fd9-photos.leclercdrive.fr/image.ashx?id=2105158&use=l&cat=p&typeid=i","cat":289558},{"id":15807,"n":"Boisson aux fruits Oasis Goût Pomme Cassis Framboise 2L","p":2.4,"u":"1,20 €/L","img":"https://fd9-photos.leclercdrive.fr/image.ashx?id=3014452&use=l&cat=p&typeid=i","cat":295018},{"id":15821,"n":"Baume Soin lèvres Mixa Anti-dessèchement lot de 2","p":2.21,"u":"1,11 €/P","img":"https://fd9-photos.leclercdrive.fr/image.ashx?id=2425607&use=l&cat=p&typeid=i","cat":285485},{"id":15875,"n":"Eau de Cologne Bien Etre Naturelle - 250ml","p":4.35,"u":"17,40 €/L","img":"https://fd9-photos.leclercdrive.fr/image.ashx?id=2353665&use=l&cat=p&typeid=i","cat":291525},{"id":15895,"n":"Soin cheveux nutrition Garnier Cheveu bouclé à frisé - 200ml","p":2.37,"u":"11,85 €/L","img":"https://fd9-photos.leclercdrive.fr/image.ashx?id=2985354&use=l&cat=p&typeid=i","cat":284608},{"id":15909,"n":"Shampooing Pétrol Hahn Anti-chûte 250ml","p":2.33,"u":"9,32 €/L","img":"https://fd9-photos.leclercdrive.fr/image.ashx?id=2450649&use=l&cat=p&typeid=i","cat":284606},{"id":15912,"n":"Mousse à raser Williams Peau sensible 200ml","p":1.5,"u":"7,50 €/L","img":"https://fd9-photos.leclercdrive.fr/image.ashx?id=2785976&use=l&cat=p&typeid=i","cat":284617},{"id":15937,"n":"Serviette Hygienique Vania  Maxi confort normal plus - x16","p":1.79,"u":"0,11 €/P","img":"https://fd9-photos.leclercdrive.fr/image.ashx?id=2908027&use=l&cat=p&typeid=i","cat":284624},{"id":15969,"n":"Gel nettoyant canalisations  Destop Javel Agrumes - 750ml","p":2.54,"u":"3,39 €/L","img":"https://fd9-photos.leclercdrive.fr/image.ashx?id=2885956&use=l&cat=p&typeid=i","cat":284908},{"id":16020,"n":"Gambas ASC Pêche Océan Géantes tigrées 8/12pièces 400g","p":10.8,"u":"27,00 €/KG","img":"https://fd9-photos.leclercdrive.fr/image.ashx?id=2202754&use=l&cat=p&typeid=i","cat":319787},{"id":16029,"n":"Carottes Bio Bio Village En rondelles - 600g","p":1.79,"u":"2,98 €/KG","img":"https://fd9-photos.leclercdrive.fr/image.ashx?id=2891806&use=l&cat=p&typeid=i","cat":319805},{"id":16031,"n":"Epinards en branches Bio Bio Village - 600g","p":1.65,"u":"2,75 €/KG","img":"https://fd9-photos.leclercdrive.fr/image.ashx?id=2891800&use=l&cat=p&typeid=i","cat":319805},{"id":16034,"n":"Petits pois Bio Bio Village Très fins - 600g","p":2.39,"u":"3,98 €/KG","img":"https://fd9-photos.leclercdrive.fr/image.ashx?id=2891791&use=l&cat=p&typeid=i","cat":319805},{"id":16043,"n":"Crevettes cuites Pêche Océan Décortiquées - MSC - 200g","p":3.49,"u":"17,45 €/KG","img":"https://fd9-photos.leclercdrive.fr/image.ashx?id=2478766&use=l&cat=p&typeid=i","cat":319787},{"id":16046,"n":"Fromage de chèvre Les Croisés Frais rond - 200g","p":1.89,"u":"9,45 €/KG","img":"https://fd9-photos.leclercdrive.fr/image.ashx?id=2983796&use=l&cat=p&typeid=i","cat":314031},{"id":16061,"n":"Sauce Tomates Barilla Basilic - 400g","p":1.61,"u":"4,03 €/KG","img":"https://fd9-photos.leclercdrive.fr/image.ashx?id=2832518&use=l&cat=p&typeid=i","cat":287599},{"id":16062,"n":"Sauce Pesto Genovese Barilla Au basilic frais - 190g","p":1.89,"u":"9,95 €/KG","img":"https://fd9-photos.leclercdrive.fr/image.ashx?id=2737585&use=l&cat=p&typeid=i","cat":287599},{"id":16063,"n":"Sauce Pesto Barilla Rosso - 200g","p":1.89,"u":"9,45 €/KG","img":"https://fd9-photos.leclercdrive.fr/image.ashx?id=2308348&use=l&cat=p&typeid=i","cat":287599},{"id":16095,"n":"Spray anti-moustique Marie Rose 8h - 100ml","p":5.35,"u":"53,50 €/L","img":"https://fd9-photos.leclercdrive.fr/image.ashx?id=2666749&use=l&cat=p&typeid=i","cat":299654},{"id":16142,"n":"Eau de source de Montagne 6x1L","p":1.55,"u":"0,26 €/L","img":"https://fd9-photos.leclercdrive.fr/image.ashx?id=2597621&use=l&cat=p&typeid=i","cat":284535},{"id":16153,"n":"Biscuits petit déj Bio Village Bio Chocolat / Noisettes - 200g","p":2.08,"u":"10,40 €/KG","img":"https://fd9-photos.leclercdrive.fr/image.ashx?id=2371560&use=l&cat=p&typeid=i","cat":284491},{"id":16159,"n":"Brume d'eau pure Inell 400ml","p":1.65,"u":"4,13 €/L","img":"https://fd9-photos.leclercdrive.fr/image.ashx?id=806289&use=l&cat=p&typeid=i","cat":290295},{"id":16171,"n":"Riz Thaï Bio Village Bio - 500g","p":2.45,"u":"4,90 €/KG","img":"https://fd9-photos.leclercdrive.fr/image.ashx?id=2441510&use=l&cat=p&typeid=i","cat":284428},{"id":16172,"n":"Mini Barres chocolatées Lion x18 barres - 350g","p":3.87,"u":"11,06 €/KG","img":"https://fd9-photos.leclercdrive.fr/image.ashx?id=2925553&use=l&cat=p&typeid=i","cat":284498},{"id":16206,"n":"Pop corn Menguy's Goût sucré 3x90g","p":1.67,"u":"6,19 €/KG","img":"https://fd9-photos.leclercdrive.fr/image.ashx?id=2966020&use=l&cat=p&typeid=i","cat":304249},{"id":16254,"n":"Câpres surfines Rustica Au vinaigre - 60g","p":1.23,"u":"20,50 €/KG","img":"https://fd9-photos.leclercdrive.fr/image.ashx?id=1677666&use=l&cat=p&typeid=i","cat":284458},{"id":16271,"n":"Maïs Géant Vert extra croquant sans résidu pesticides - 285g","p":1.21,"u":"4,25 €/KG","img":"https://fd9-photos.leclercdrive.fr/image.ashx?id=2754267&use=l&cat=p&typeid=i","cat":312611},{"id":16272,"n":"Maïs Géant Vert extra tendre sans résidu pesticides - 285g","p":1.16,"u":"4,07 €/KG","img":"https://fd9-photos.leclercdrive.fr/image.ashx?id=2462448&use=l&cat=p&typeid=i","cat":312611},{"id":16303,"n":"Petits oignons Rustica Vinaigre doux - 190g","p":0.79,"u":"4,16 €/KG","img":"https://fd9-photos.leclercdrive.fr/image.ashx?id=2034109&use=l&cat=p&typeid=i","cat":284458},{"id":16429,"n":"Oeufs frais plein air Bio Bio village - x10","p":3.41,"u":"0,34 €/P","img":"https://fd9-photos.leclercdrive.fr/image.ashx?id=1520552&use=l&cat=p&typeid=i","cat":284378},{"id":16430,"n":"Lait de coco bio Jardin Bio Bio - 400ml","p":2.54,"u":"6,35 €/L","img":"https://fd9-photos.leclercdrive.fr/image.ashx?id=2790132&use=l&cat=p&typeid=i","cat":288992},{"id":16431,"n":"Raviolis bio boeuf Jardin Bio 72cl","p":4.64,"u":"6,44 €/L","img":"https://fd9-photos.leclercdrive.fr/image.ashx?id=2972469&use=l&cat=p&typeid=i","cat":284442},{"id":16435,"n":"Tagliatelles fraîches Bio Bio village - 250g","p":1.39,"u":"5,56 €/KG","img":"https://fd9-photos.leclercdrive.fr/image.ashx?id=1879969&use=l&cat=p&typeid=i","cat":333682},{"id":16436,"n":"Pâtes torsades Bio Village Bio -  500g","p":0.85,"u":"1,70 €/KG","img":"https://fd9-photos.leclercdrive.fr/image.ashx?id=2625367&use=l&cat=p&typeid=i","cat":284427},{"id":16438,"n":"Riz long Bio Village Bio - 500g","p":1.94,"u":"3,88 €/KG","img":"https://fd9-photos.leclercdrive.fr/image.ashx?id=2081726&use=l&cat=p&typeid=i","cat":284428},{"id":16439,"n":"Riz Basmati Bio Village Bio - 500g","p":1.5,"u":"3,00 €/KG","img":"https://fd9-photos.leclercdrive.fr/image.ashx?id=795814&use=l&cat=p&typeid=i","cat":284428},{"id":16492,"n":"Légumes pour couscous bio Jardin Bio - 660g","p":2.68,"u":"3,72 €/L","img":"https://fd9-photos.leclercdrive.fr/image.ashx?id=2534887&use=l&cat=p&typeid=i","cat":312612},{"id":16493,"n":"Pâte à tartiner bio Jardin Bio Cacao noisettes - 350g","p":3.32,"u":"9,49 €/KG","img":"https://fd9-photos.leclercdrive.fr/image.ashx?id=2918844&use=l&cat=p&typeid=i","cat":284481},{"id":16520,"n":"Mayonnaise Eco+ Bocal - 470g","p":1.18,"u":"2,51 €/KG","img":"https://fd9-photos.leclercdrive.fr/image.ashx?id=1672975&use=l&cat=p&typeid=i","cat":298295},{"id":16521,"n":"Lait demi-écrémé Eco+ Brique UHT -  6x1L","p":5.52,"u":"0,92 €/L","img":"https://fd9-photos.leclercdrive.fr/image.ashx?id=2481478&use=l&cat=p&typeid=i","cat":284377},{"id":16522,"n":"Soufflés cacahuète Eco+ 100g","p":0.34,"u":"3,40 €/KG","img":"https://fd9-photos.leclercdrive.fr/image.ashx?id=2678785&use=l&cat=p&typeid=i","cat":284449},{"id":16524,"n":"Pâtes Eco+ Spaghetti - 1kg","p":1.02,"u":"1,02 €/KG","img":"https://fd9-photos.leclercdrive.fr/image.ashx?id=2517178&use=l&cat=p&typeid=i","cat":284427},{"id":16525,"n":"Purée de pommes de terre Eco+ Déshydratée 4x125g","p":1.41,"u":"2,82 €/KG","img":"https://fd9-photos.leclercdrive.fr/image.ashx?id=2929858&use=l&cat=p&typeid=i","cat":284431},{"id":16526,"n":"Assortiment biscuits salés Eco+ 350g","p":1.06,"u":"3,03 €/KG","img":"https://fd9-photos.leclercdrive.fr/image.ashx?id=2613255&use=l&cat=p&typeid=i","cat":297000},{"id":16528,"n":"Bouillon déshydraté Eco+ Boeuf - 12x10g","p":0.69,"u":"5,75 €/KG","img":"https://fd9-photos.leclercdrive.fr/image.ashx?id=1735894&use=l&cat=p&typeid=i","cat":288379},{"id":16536,"n":"Sucre Eco+ En morceaux - 1kg","p":1.35,"u":"1,35 €/KG","img":"https://fd9-photos.leclercdrive.fr/image.ashx?id=2174651&use=l&cat=p&typeid=i","cat":284502},{"id":16547,"n":"Barquette chiens Eco+ A la Volaille - 300g","p":0.52,"u":"1,73 €/KG","img":"https://fd9-photos.leclercdrive.fr/image.ashx?id=2052727&use=l&cat=p&typeid=i","cat":284673},{"id":16548,"n":"Barquette pour chats Eco+ Riche en volaille - 100g","p":0.24,"u":"2,40 €/KG","img":"https://fd9-photos.leclercdrive.fr/image.ashx?id=2052736&use=l&cat=p&typeid=i","cat":285286},{"id":16550,"n":"Limonade Eco+ 1,5L","p":0.38,"u":"0,25 €/L","img":"https://fd9-photos.leclercdrive.fr/image.ashx?id=2245752&use=l&cat=p&typeid=i","cat":284531},{"id":16553,"n":"Soda cola Eco+ 1,5L","p":0.49,"u":"0,33 €/L","img":"https://fd9-photos.leclercdrive.fr/image.ashx?id=2082552&use=l&cat=p&typeid=i","cat":284530},{"id":16558,"n":"Thé glacé pêche Eco  2L","p":1.34,"u":"0,67 €/L","img":"https://fd9-photos.leclercdrive.fr/image.ashx?id=2764955&use=l&cat=p&typeid=i","cat":295019},{"id":16560,"n":"Lingettes multi-usages Eco+ Citron x50","p":0.62,"img":"https://fd9-photos.leclercdrive.fr/image.ashx?id=2308533&use=l&cat=p&typeid=i","cat":325358},{"id":16570,"n":"Saucisse sèche droite Eco+ 250g","p":1.79,"u":"7,16 €/KG","img":"https://fd9-photos.leclercdrive.fr/image.ashx?id=2114409&use=l&cat=p&typeid=i","cat":316006},{"id":16571,"n":"Tagliatelles fraiches Eco+ 500g","p":1.4,"u":"2,80 €/KG","img":"https://fd9-photos.leclercdrive.fr/image.ashx?id=1886665&use=l&cat=p&typeid=i","cat":333682},{"id":16577,"n":"Crème sous pression Eco+ Crème légère et sucrée - 250g","p":1.69,"u":"6,76 €/KG","img":"https://fd9-photos.leclercdrive.fr/image.ashx?id=2856242&use=l&cat=p&typeid=i","cat":284382},{"id":16582,"n":"Pommes frites Eco+ 2,5kg","p":2.81,"u":"1,12 €/KG","img":"https://fd9-photos.leclercdrive.fr/image.ashx?id=2660523&use=l&cat=p&typeid=i","cat":319791},{"id":16583,"n":"Pommes rissolées surgelées Eco+ 1kg","p":1.13,"u":"1,13 €/KG","img":"https://fd9-photos.leclercdrive.fr/image.ashx?id=2085934&use=l&cat=p&typeid=i","cat":319792},{"id":16642,"n":"Génoises fourrées P'tit Déli Agrumes - 150g","p":1.09,"u":"7,27 €/KG","img":"https://fd9-photos.leclercdrive.fr/image.ashx?id=2482502&use=l&cat=p&typeid=i","cat":284489},{"id":16701,"n":"Bouchées RAFFAELLO Noix de coco Amandes - 180g","p":4.66,"u":"25,89 €/KG","img":"https://fd9-photos.leclercdrive.fr/image.ashx?id=2937857&use=l&cat=p&typeid=i","cat":327595},{"id":16737,"n":"Viande hachée 15% MG Férial 500g","p":7.29,"u":"14,58 €/KG","img":"https://fd9-photos.leclercdrive.fr/image.ashx?id=2904013&use=l&cat=p&typeid=i","cat":284332},{"id":16741,"n":"Viande hachée 5% MG Férial 350g","p":5.79,"u":"16,54 €/KG","img":"https://fd9-photos.leclercdrive.fr/image.ashx?id=2904010&use=l&cat=p&typeid=i","cat":284332},{"id":16791,"n":"Glace Cône Nestlé Extrême  Fraise vanille x8 - 568g","p":4.33,"u":"7,62 €/KG","img":"https://fd9-photos.leclercdrive.fr/image.ashx?id=2736979&use=l&cat=p&typeid=i","cat":284264},{"id":16841,"n":"Génoises fourrées P'tit Déli Framboise cassis - 150g","p":1.06,"u":"7,07 €/KG","img":"https://fd9-photos.leclercdrive.fr/image.ashx?id=2473981&use=l&cat=p&typeid=i","cat":284489},{"id":16842,"n":"Spéculoos P'tit Déli 2x250g","p":1.47,"u":"2,94 €/KG","img":"https://fd9-photos.leclercdrive.fr/image.ashx?id=2046364&use=l&cat=p&typeid=i","cat":284487},{"id":16847,"n":"Chewing-gum Freedent white Menthe douce 70g","p":2.06,"u":"29,43 €/KG","img":"https://fd9-photos.leclercdrive.fr/image.ashx?id=2237289&use=l&cat=p&typeid=i","cat":304251},{"id":16848,"n":"Chewing gum Freedent white Menthe verte 70g","p":2.06,"u":"29,43 €/KG","img":"https://fd9-photos.leclercdrive.fr/image.ashx?id=2355899&use=l&cat=p&typeid=i","cat":304251},{"id":16849,"n":"Chewing-gum Freedent white Menthe forte 70g","p":2.06,"u":"29,43 €/KG","img":"https://fd9-photos.leclercdrive.fr/image.ashx?id=2237292&use=l&cat=p&typeid=i","cat":304251},{"id":16875,"n":"Crackers Original Tuc Salé - 5x100g","p":2.65,"u":"5,30 €/KG","img":"https://fd9-photos.leclercdrive.fr/image.ashx?id=2939172&use=l&cat=p&typeid=i","cat":297000},{"id":16916,"n":"Croquette Tous Mes Amis Vitalité - viande de boeuf 10kg","p":12.99,"u":"1,30 €/KG","img":"https://fd9-photos.leclercdrive.fr/image.ashx?id=2078635&use=l&cat=p&typeid=i","cat":284672},{"id":16920,"n":"Coeurs d'artichaut Notre Jardin 240g","p":2.49,"u":"10,38 €/KG","img":"https://fd9-photos.leclercdrive.fr/image.ashx?id=2501994&use=l&cat=p&typeid=i","cat":312611},{"id":16996,"n":"Liquide de rinçage Visior Lave-vaisselle - 750ml","p":0.89,"u":"1,19 €/L","img":"https://fd9-photos.leclercdrive.fr/image.ashx?id=2158206&use=l&cat=p&typeid=i","cat":284657},{"id":17014,"n":"Fromage apéritif Apéricube Sélection festive 48 cubes","p":4.17,"u":"16,68 €/KG","img":"https://fd9-photos.leclercdrive.fr/image.ashx?id=2882665&use=l&cat=p&typeid=i","cat":314027},{"id":17036,"n":"Mouchoirs blancs 3 plis Caresse Boîte mouchoirs papier x90","p":1.04,"u":"0,01 €/P","img":"https://fd9-photos.leclercdrive.fr/image.ashx?id=1286020&use=l&cat=p&typeid=i","cat":284638},{"id":17104,"n":"Tuiles Tokapi  Nature - 170g","p":1.35,"u":"7,94 €/KG","img":"https://fd9-photos.leclercdrive.fr/image.ashx?id=2609556&use=l&cat=p&typeid=i","cat":287899},{"id":17105,"n":"Chips Tuiles Tokapi Crème oignon - 170g","p":1.35,"u":"7,94 €/KG","img":"https://fd9-photos.leclercdrive.fr/image.ashx?id=2609565&use=l&cat=p&typeid=i","cat":287899},{"id":17108,"n":"Brume d'eau pure Inell 150ml","p":1.25,"u":"8,33 €/L","img":"https://fd9-photos.leclercdrive.fr/image.ashx?id=2712980&use=l&cat=p&typeid=i","cat":290295},{"id":17112,"n":"Limonade Bio village Bio - 1L","p":0.96,"u":"0,96 €/L","img":"https://fd9-photos.leclercdrive.fr/image.ashx?id=2632900&use=l&cat=p&typeid=i","cat":284531},{"id":17113,"n":"Cidre bouché Bio village Bio 4% vol - 75cl","p":2.29,"u":"3,05 €/L","img":"https://fd9-photos.leclercdrive.fr/image.ashx?id=2907255&use=l&cat=p&typeid=i","cat":334880},{"id":17189,"n":"Biscuit petit dej P'tit Déli Miel/pépites chocolat - 400g","p":2.15,"u":"5,38 €/KG","img":"https://fd9-photos.leclercdrive.fr/image.ashx?id=2603127&use=l&cat=p&typeid=i","cat":284491},{"id":17203,"n":"AOP Faugères Mas Olivier Rouge - 75cl","p":5.33,"u":"7,11 €/L","img":"https://fd9-photos.leclercdrive.fr/image.ashx?id=2979755&use=l&cat=p&typeid=i","cat":289556},{"id":17220,"n":"Nettoyant spray Clair Anti-calcaire 750ml","p":0.94,"u":"1,25 €/L","img":"https://fd9-photos.leclercdrive.fr/image.ashx?id=1974539&use=l&cat=p&typeid=i","cat":325362},{"id":17223,"n":"Mouchoirs blancs 3 plis Caresse Boîte déco décor aléatoire x70","p":1.52,"u":"0,02 €/P","img":"https://fd9-photos.leclercdrive.fr/image.ashx?id=2380806&use=l&cat=p&typeid=i","cat":284638},{"id":17290,"n":"Pâtes Alpina Avoine - 500g","p":1.39,"u":"2,78 €/KG","img":"https://fd9-photos.leclercdrive.fr/image.ashx?id=2789856&use=l&cat=p&typeid=i","cat":284427},{"id":17293,"n":"Génoise mix milk Balconi Pâtissier x10 280g","p":1.86,"u":"10,33 €/KG","img":"https://fd9-photos.leclercdrive.fr/image.ashx?id=2878411&use=l&cat=p&typeid=i","cat":284495},{"id":17294,"n":"Pâtes crozets nature Alpina 400g","p":2.43,"u":"6,08 €/KG","img":"https://fd9-photos.leclercdrive.fr/image.ashx?id=2795072&use=l&cat=p&typeid=i","cat":284427},{"id":17303,"n":"Gros sel de mer iodé Baleine 1kg","p":0.69,"u":"0,69 €/KG","img":"https://fd9-photos.leclercdrive.fr/image.ashx?id=2788526&use=l&cat=p&typeid=i","cat":284457},{"id":17362,"n":"Moules ASC Pêche Océan Décortiquées - 500g","p":3.38,"u":"6,76 €/KG","img":"https://fd9-photos.leclercdrive.fr/image.ashx?id=2860070&use=l&cat=p&typeid=i","cat":319787},{"id":17389,"n":"Biscuits dorés extra P'tit Déli 2x150g","p":1.19,"u":"3,97 €/KG","img":"https://fd9-photos.leclercdrive.fr/image.ashx?id=1966367&use=l&cat=p&typeid=i","cat":284487},{"id":17392,"n":"Mouchoirs blanc 4 plis Univert Etuis x15 - Ecolabel","p":1.95,"u":"0,13 €/P","img":"https://fd9-photos.leclercdrive.fr/image.ashx?id=1972540&use=l&cat=p&typeid=i","cat":284638},{"id":17410,"n":"Gel anticalcaire Texil 750ml","p":2.59,"u":"3,45 €/L","img":"https://fd9-photos.leclercdrive.fr/image.ashx?id=1861322&use=l&cat=p&typeid=i","cat":284653},{"id":17413,"n":"Sacs congélation zip Elembal Petit modèle x25","p":1.45,"u":"0,06 €/P","img":"https://fd9-photos.leclercdrive.fr/image.ashx?id=2113031&use=l&cat=p&typeid=i","cat":334134},{"id":17422,"n":"IGP Pays d'Oc Syrah vin rouge Vieux Carion -75 cl","p":2.25,"u":"3,00 €/L","img":"https://fd9-photos.leclercdrive.fr/image.ashx?id=2463419&use=l&cat=p&typeid=i","cat":289556},{"id":17425,"n":"Fromage blanc Délisse Vanille 2,5%MG - 8x100g","p":2.82,"u":"3,53 €/KG","img":"https://fd9-photos.leclercdrive.fr/image.ashx?id=3012827&use=l&cat=p&typeid=i","cat":284409},{"id":17469,"n":"Biscuits P'tit Déli Bâtonnets Chocolat blanc 150g","p":1.7,"u":"11,33 €/KG","img":"https://fd9-photos.leclercdrive.fr/image.ashx?id=2470195&use=l&cat=p&typeid=i","cat":284488},{"id":17625,"n":"Bûche glacée Eskiss Fruits rouges et biscuit - 564g","p":3.69,"u":"6,54 €/KG","img":"https://fd9-photos.leclercdrive.fr/image.ashx?id=2968976&use=l&cat=p&typeid=i","cat":284266},{"id":17653,"n":"Fromage apéritif Apéricube Best of des saveurs 48 cubes","p":4.17,"u":"16,68 €/KG","img":"https://fd9-photos.leclercdrive.fr/image.ashx?id=2882662&use=l&cat=p&typeid=i","cat":314027},{"id":17694,"n":"Couches bébé Mots d'Enfants T4+ Ultra confort - 9/20kg - x144","p":20.5,"u":"0,14 €/P","img":"https://fd9-photos.leclercdrive.fr/image.ashx?id=2689426&use=l&cat=p&typeid=i","cat":284737},{"id":17709,"n":"Sauce au poivre Knorr A la crème fraiche - 30cl","p":1.36,"u":"4,53 €/L","img":"https://fd9-photos.leclercdrive.fr/image.ashx?id=2985096&use=l&cat=p&typeid=i","cat":288381},{"id":17717,"n":"Blanc de poulet Tradilège x4 160g","p":1.37,"u":"8,56 €/KG","img":"https://fd9-photos.leclercdrive.fr/image.ashx?id=2925738&use=l&cat=p&typeid=i","cat":316010},{"id":17718,"n":"Blanc de dinde Tradilège 4 tranches 160g","p":1.65,"u":"10,31 €/KG","img":"https://fd9-photos.leclercdrive.fr/image.ashx?id=2925735&use=l&cat=p&typeid=i","cat":316010},{"id":17754,"n":"Flageolets Cassegrain - 2x265g","p":3.21,"u":"6,06 €/KG","img":"https://fd9-photos.leclercdrive.fr/image.ashx?id=2983090&use=l&cat=p&typeid=i","cat":312606},{"id":17767,"n":"Gambas entières Pêche Océan ASC - 400g","p":8.99,"u":"22,48 €/KG","img":"https://fd9-photos.leclercdrive.fr/image.ashx?id=2147091&use=l&cat=p&typeid=i","cat":319787},{"id":17783,"n":"Chocolats Ferrero Rocher x24 pralines - 300g","p":9.93,"u":"33,10 €/KG","img":"https://fd9-photos.leclercdrive.fr/image.ashx?id=2944999&use=l&cat=p&typeid=i","cat":327600},{"id":17806,"n":"AOP Faugères Mas Olivier Rosé - 75cl","p":4.6,"u":"6,13 €/L","img":"https://fd9-photos.leclercdrive.fr/image.ashx?id=1750103&use=l&cat=p&typeid=i","cat":289558},{"id":17813,"n":"Détachant Texil avant lavage 500ml","p":1.85,"u":"3,70 €/L","img":"https://fd9-photos.leclercdrive.fr/image.ashx?id=2123202&use=l&cat=p&typeid=i","cat":284651},{"id":17845,"n":"Saumon crème fraîche Marie Fondue poireaux 400g","p":5.08,"u":"12,70 €/KG","img":"https://fd9-photos.leclercdrive.fr/image.ashx?id=2996785&use=l&cat=p&typeid=i","cat":319786},{"id":17899,"n":"Knacks pur porc Tradilège Fumées au bois x10 - 350g","p":1.55,"u":"4,43 €/KG","img":"https://fd9-photos.leclercdrive.fr/image.ashx?id=2448321&use=l&cat=p&typeid=i","cat":316012},{"id":17901,"n":"Macaroni d'Alsace NRT 250g","p":1.39,"u":"5,56 €/KG","img":"https://fd9-photos.leclercdrive.fr/image.ashx?id=2839989&use=l&cat=p&typeid=i","cat":284427},{"id":17917,"n":"Nettoyant canalisations Ouragan Fraîcheur mentholée - 1L","p":3.35,"u":"3,35 €/L","img":"https://fd9-photos.leclercdrive.fr/image.ashx?id=2367544&use=l&cat=p&typeid=i","cat":284662},{"id":17938,"n":"Flan nappé caramel Bio Bio Village - 4x125g","p":1.99,"u":"3,98 €/KG","img":"https://fd9-photos.leclercdrive.fr/image.ashx?id=1079077&use=l&cat=p&typeid=i","cat":284420},{"id":17991,"n":"Poulet fermier jaune sud-ouest 1.300kg","p":11.63,"u":"8,95 €/KG","img":"https://fd9-photos.leclercdrive.fr/image.ashx?id=1941326&use=l&cat=p&typeid=i","cat":284336},{"id":18002,"n":"Lait céréales Blédidej 12 mois Biscuité vanille - 4x250ml","p":3.23,"u":"3,23 €/L","img":"https://fd9-photos.leclercdrive.fr/image.ashx?id=2921034&use=l&cat=p&typeid=i","cat":312226},{"id":18066,"n":"Nouilles chinoises Suzi Wan En nid - 250g","p":1.56,"u":"6,24 €/KG","img":"https://fd9-photos.leclercdrive.fr/image.ashx?id=2886253&use=l&cat=p&typeid=i","cat":288992},{"id":18100,"n":"Lait céréales bébé Blédiner 12m Légumes soir - 2x250ml","p":1.75,"u":"3,50 €/L","img":"https://fd9-photos.leclercdrive.fr/image.ashx?id=2960144&use=l&cat=p&typeid=i","cat":312239},{"id":18123,"n":"Barres Copains Copines x16 - 200g","p":2.25,"u":"11,25 €/KG","img":"https://fd9-photos.leclercdrive.fr/image.ashx?id=2867335&use=l&cat=p&typeid=i","cat":284498},{"id":18124,"n":"Pêche poire cerise  Douceur du Verger - 4x70g","p":2.79,"u":"9,96 €/KG","img":"https://fd9-photos.leclercdrive.fr/image.ashx?id=2149378&use=l&cat=p&typeid=i","cat":284507},{"id":18207,"n":"Lingettes démaquillantes Inell x25","p":1.34,"u":"0,05 €/P","img":"https://fd9-photos.leclercdrive.fr/image.ashx?id=2163868&use=l&cat=p&typeid=i","cat":284603},{"id":18208,"n":"Lingettes démaquillantes Inell x25","p":1.34,"u":"0,05 €/P","img":"https://fd9-photos.leclercdrive.fr/image.ashx?id=3013594&use=l&cat=p&typeid=i","cat":284603},{"id":18218,"n":"Chipolatas Férial x6 - 330g","p":3.49,"u":"10,58 €/KG","img":"https://fd9-photos.leclercdrive.fr/image.ashx?id=2837096&use=l&cat=p&typeid=i","cat":284334},{"id":18219,"n":"Merguez Férial x6 - 330g","p":4.19,"u":"12,70 €/KG","img":"https://fd9-photos.leclercdrive.fr/image.ashx?id=2840019&use=l&cat=p&typeid=i","cat":284334},{"id":18221,"n":"Lardons supérieurs Tradilège Nature - 2x100g","p":1.85,"u":"9,25 €/KG","img":"https://fd9-photos.leclercdrive.fr/image.ashx?id=2933340&use=l&cat=p&typeid=i","cat":316011},{"id":18223,"n":"Lardons supérieurs Tradilège Fumés - 2x100g","p":1.85,"u":"9,25 €/KG","img":"https://fd9-photos.leclercdrive.fr/image.ashx?id=2933343&use=l&cat=p&typeid=i","cat":316011},{"id":18224,"n":"Allumettes Tradilège Nature - 2x100g","p":1.75,"u":"8,75 €/KG","img":"https://fd9-photos.leclercdrive.fr/image.ashx?id=2933349&use=l&cat=p&typeid=i","cat":316011},{"id":18225,"n":"Allumettes Tradilège Fumées - 2x100g","p":1.75,"u":"8,75 €/KG","img":"https://fd9-photos.leclercdrive.fr/image.ashx?id=2933346&use=l&cat=p&typeid=i","cat":316011},{"id":18227,"n":"Lardons supérieurs Tradilège Nature - 160g","p":1.5,"u":"9,38 €/KG","img":"https://fd9-photos.leclercdrive.fr/image.ashx?id=2751949&use=l&cat=p&typeid=i","cat":316011},{"id":18230,"n":"Lardons supérieurs Tradilège Fumés - 160g","p":1.5,"u":"9,38 €/KG","img":"https://fd9-photos.leclercdrive.fr/image.ashx?id=2816636&use=l&cat=p&typeid=i","cat":316011},{"id":18233,"n":"Poitrine Fumée Tradilège Tranches fines - 2x7T - 200g","p":2.48,"u":"12,40 €/KG","img":"https://fd9-photos.leclercdrive.fr/image.ashx?id=2852267&use=l&cat=p&typeid=i","cat":316011},{"id":18238,"n":"Mousse de canard Tradilège 180g","p":1.15,"u":"6,39 €/KG","img":"https://fd9-photos.leclercdrive.fr/image.ashx?id=2925729&use=l&cat=p&typeid=i","cat":316008},{"id":18240,"n":"Mousse de canard Tradilège 2x50g","p":1.09,"u":"10,90 €/KG","img":"https://fd9-photos.leclercdrive.fr/image.ashx?id=2840404&use=l&cat=p&typeid=i","cat":316008},{"id":18245,"n":"Rillettes du Mans Tradilège 220g","p":1.45,"u":"6,59 €/KG","img":"https://fd9-photos.leclercdrive.fr/image.ashx?id=2548124&use=l&cat=p&typeid=i","cat":316008},{"id":18252,"n":"Knacks Tradilège Fumées au bois - x6 - 210g","p":1.38,"u":"6,57 €/KG","img":"https://fd9-photos.leclercdrive.fr/image.ashx?id=2448318&use=l&cat=p&typeid=i","cat":316012},{"id":18257,"n":"Saucisses Cocktail Tradilège 400g","p":2.82,"u":"7,05 €/KG","img":"https://fd9-photos.leclercdrive.fr/image.ashx?id=2174759&use=l&cat=p&typeid=i","cat":316012},{"id":18259,"n":"Saucisson à l'ail Tradilège Fumé - 300g","p":2.08,"u":"6,93 €/KG","img":"https://fd9-photos.leclercdrive.fr/image.ashx?id=2930742&use=l&cat=p&typeid=i","cat":316006},{"id":18262,"n":"Cervelas supérieur Tradilège 300g","p":2.09,"u":"6,97 €/KG","img":"https://fd9-photos.leclercdrive.fr/image.ashx?id=2421636&use=l&cat=p&typeid=i","cat":316012},{"id":18267,"n":"Allumettes de jambon Tradilège 2x75g","p":1.05,"u":"7,00 €/KG","img":"https://fd9-photos.leclercdrive.fr/image.ashx?id=2925716&use=l&cat=p&typeid=i","cat":316011},{"id":18268,"n":"Rôti de porc Tradilège 4 tranches 160g","p":2.12,"u":"13,25 €/KG","img":"https://fd9-photos.leclercdrive.fr/image.ashx?id=2678541&use=l&cat=p&typeid=i","cat":316009},{"id":18287,"n":"Céréales Extra Kellogg's Chocolat au lait - 500g","p":3.22,"u":"6,44 €/KG","img":"https://fd9-photos.leclercdrive.fr/image.ashx?id=2692707&use=l&cat=p&typeid=i","cat":309512},{"id":18347,"n":"Porc : Paupiette Férial x6 780g","p":7.78,"u":"9,97 €/KG","img":"https://fd9-photos.leclercdrive.fr/image.ashx?id=2852291&use=l&cat=p&typeid=i","cat":284331},{"id":18351,"n":"Fromage à tartiner Les Croisés Nature - 25%mg - 150g","p":1.24,"u":"8,27 €/KG","img":"https://fd9-photos.leclercdrive.fr/image.ashx?id=1671226&use=l&cat=p&typeid=i","cat":314029},{"id":18353,"n":"Mini viennoiseries 12p","p":2.5,"u":"0,21 €/P","img":"https://fd9-photos.leclercdrive.fr/image.ashx?id=599241&use=l&cat=p&typeid=i","cat":284984},{"id":18362,"n":"Biscuit bébé Blédina 10 mois Boudoir - 120g","p":1.83,"u":"15,25 €/KG","img":"https://fd9-photos.leclercdrive.fr/image.ashx?id=2801114&use=l&cat=p&typeid=i","cat":312227},{"id":18364,"n":"Haricots rouges D'aucy  250g","p":1.07,"u":"4,28 €/KG","img":"https://fd9-photos.leclercdrive.fr/image.ashx?id=2538434&use=l&cat=p&typeid=i","cat":312606},{"id":18375,"n":"Petits pois carottes d''Aucy Extra fins - 265g","p":1.08,"u":"4,08 €/KG","img":"https://fd9-photos.leclercdrive.fr/image.ashx?id=2475324&use=l&cat=p&typeid=i","cat":312607},{"id":18384,"n":"Fagot bouquet garni Ducros 17g","p":2.0,"u":"117,65 €/KG","img":"https://fd9-photos.leclercdrive.fr/image.ashx?id=2326667&use=l&cat=p&typeid=i","cat":298297},{"id":18387,"n":"Herbes de Provence Ducros Barbecue - 100g","p":1.34,"u":"13,40 €/KG","img":"https://fd9-photos.leclercdrive.fr/image.ashx?id=2414717&use=l&cat=p&typeid=i","cat":298297},{"id":18389,"n":"Poivre Ducros Spécial moulin - 100g","p":4.19,"u":"41,90 €/KG","img":"https://fd9-photos.leclercdrive.fr/image.ashx?id=2559439&use=l&cat=p&typeid=i","cat":284457},{"id":18392,"n":"Paprika doux moulu Ducros 40g","p":1.67,"u":"41,75 €/KG","img":"https://fd9-photos.leclercdrive.fr/image.ashx?id=2854414&use=l&cat=p&typeid=i","cat":298297},{"id":18394,"n":"Persil Ducros 30g","p":3.41,"u":"113,67 €/KG","img":"https://fd9-photos.leclercdrive.fr/image.ashx?id=2486554&use=l&cat=p&typeid=i","cat":298297},{"id":18398,"n":"Piment doux moulu Ducros 40g","p":2.06,"u":"51,50 €/KG","img":"https://fd9-photos.leclercdrive.fr/image.ashx?id=2490494&use=l&cat=p&typeid=i","cat":298297},{"id":18404,"n":"Safran moulu Ducros 4 doses - 0.4g","p":3.99,"img":"https://fd9-photos.leclercdrive.fr/image.ashx?id=2580490&use=l&cat=p&typeid=i","cat":298297},{"id":18408,"n":"Thon entier Pêche Océan Naturel - 140g","p":1.9,"u":"13,57 €/KG","img":"https://fd9-photos.leclercdrive.fr/image.ashx?id=2941426&use=l&cat=p&typeid=i","cat":303867},{"id":18409,"n":"Thon entier Pêche Océan Naturel - 93g","p":1.39,"u":"14,95 €/KG","img":"https://fd9-photos.leclercdrive.fr/image.ashx?id=2943632&use=l&cat=p&typeid=i","cat":303867},{"id":18410,"n":"Pâtées chat Gold Gourmet Les noisettes -  12x85g","p":5.62,"u":"5,51 €/KG","img":"https://fd9-photos.leclercdrive.fr/image.ashx?id=2908318&use=l&cat=p&typeid=i","cat":285286},{"id":18437,"n":"Allumettes Bacon Tradilège Fumées - 2x100g","p":1.74,"u":"8,70 €/KG","img":"https://fd9-photos.leclercdrive.fr/image.ashx?id=2905952&use=l&cat=p&typeid=i","cat":316011},{"id":18521,"n":"Papier toilette Mimosa Blanc double épaisseur - x12","p":2.85,"u":"0,24 €/P","img":"https://fd9-photos.leclercdrive.fr/image.ashx?id=2783343&use=l&cat=p&typeid=i","cat":284634},{"id":18577,"n":"Papier toilette Mimosa Blanc - Ultra doux - x24","p":4.33,"u":"0,18 €/P","img":"https://fd9-photos.leclercdrive.fr/image.ashx?id=2777851&use=l&cat=p&typeid=i","cat":284634},{"id":18598,"n":"Yaourts à la Grecque Délisse Mûre Framboise - 4x150g","p":1.99,"u":"3,32 €/KG","img":"https://fd9-photos.leclercdrive.fr/image.ashx?id=2699441&use=l&cat=p&typeid=i","cat":314999},{"id":18669,"n":"Snacks Tokapi 4 saveurs - 100g","p":0.87,"u":"8,70 €/KG","img":"https://fd9-photos.leclercdrive.fr/image.ashx?id=2588932&use=l&cat=p&typeid=i","cat":284449},{"id":18670,"n":"Tuiles Tokapi Bacon - 170g","p":1.39,"u":"8,18 €/KG","img":"https://fd9-photos.leclercdrive.fr/image.ashx?id=2609562&use=l&cat=p&typeid=i","cat":287899},{"id":18671,"n":"Tuiles Tokapi Paprika - 170g","p":1.35,"u":"7,94 €/KG","img":"https://fd9-photos.leclercdrive.fr/image.ashx?id=2609559&use=l&cat=p&typeid=i","cat":287899},{"id":18676,"n":"Allume-feu Silex cubes 18 sachets individuels","p":3.23,"img":"https://fd9-photos.leclercdrive.fr/image.ashx?id=2643584&use=l&cat=p&typeid=i","cat":300578},{"id":18746,"n":"Pavés de boeuf à l'échalote Férial x2 - 240g","p":4.79,"u":"19,96 €/KG","img":"https://fd9-photos.leclercdrive.fr/image.ashx?id=2854273&use=l&cat=p&typeid=i","cat":284328},{"id":18748,"n":"Pavés de boeuf marinés nature F x2 - 240g","p":4.99,"u":"20,79 €/KG","img":"https://fd9-photos.leclercdrive.fr/image.ashx?id=2854270&use=l&cat=p&typeid=i","cat":284328},{"id":18754,"n":"Boulettes nature Férial x12 - 300g","p":4.09,"u":"13,63 €/KG","img":"https://fd9-photos.leclercdrive.fr/image.ashx?id=2458118&use=l&cat=p&typeid=i","cat":284332},{"id":18953,"n":"Thon entier Pêche Océan Naturel - 186g","p":2.5,"u":"13,44 €/KG","img":"https://fd9-photos.leclercdrive.fr/image.ashx?id=2942193&use=l&cat=p&typeid=i","cat":303867},{"id":18968,"n":"Gâteaux mini marbrés P'tit Déli Chocolat x7 - 189g","p":1.59,"u":"8,41 €/KG","img":"https://fd9-photos.leclercdrive.fr/image.ashx?id=1947360&use=l&cat=p&typeid=i","cat":284495},{"id":18996,"n":"Confiture Bonne Maman 4 fruits rouges - 370g","p":2.42,"u":"6,54 €/KG","img":"https://fd9-photos.leclercdrive.fr/image.ashx?id=2547474&use=l&cat=p&typeid=i","cat":284480},{"id":19023,"n":"Sirop Frucci Citron - 1L","p":2.04,"u":"2,04 €/L","img":"https://fd9-photos.leclercdrive.fr/image.ashx?id=2955653&use=l&cat=p&typeid=i","cat":295020},{"id":19066,"n":"Vodka Poliakov 37,5%vol - 1L","p":15.82,"u":"15,82 €/L","img":"https://fd9-photos.leclercdrive.fr/image.ashx?id=2576916&use=l&cat=p&typeid=i","cat":284550},{"id":19098,"n":"Cookies gros éclats Granola Chocolat - 184g","p":1.7,"u":"9,24 €/KG","img":"https://fd9-photos.leclercdrive.fr/image.ashx?id=2996413&use=l&cat=p&typeid=i","cat":325066},{"id":19102,"n":"Croquettes chat Purina One Stérilisé-Saumon/Céréales-1,5kg","p":6.59,"u":"4,39 €/KG","img":"https://fd9-photos.leclercdrive.fr/image.ashx?id=2541268&use=l&cat=p&typeid=i","cat":284680},{"id":19110,"n":"Boeuf Bourguignon Côté Table 300g","p":2.04,"u":"6,80 €/KG","img":"https://fd9-photos.leclercdrive.fr/image.ashx?id=2517679&use=l&cat=p&typeid=i","cat":284953},{"id":19117,"n":"Galettes Bjorg Bio Riz complet au sésame 130g","p":1.28,"u":"9,85 €/KG","img":"https://fd9-photos.leclercdrive.fr/image.ashx?id=2991975&use=l&cat=p&typeid=i","cat":318651},{"id":19138,"n":"Semoule Couscous Bio Village Semi complet Bio - 500g","p":1.95,"u":"3,90 €/KG","img":"https://fd9-photos.leclercdrive.fr/image.ashx?id=2814217&use=l&cat=p&typeid=i","cat":284429},{"id":19146,"n":"Cappelletti bio Céréal Bio tofu et Chèvre express-220g","p":1.91,"u":"8,68 €/KG","img":"https://fd9-photos.leclercdrive.fr/image.ashx?id=2642372&use=l&cat=p&typeid=i","cat":287600},{"id":19155,"n":"Farine de blé Bio Francine 1kg","p":1.83,"u":"1,83 €/KG","img":"https://fd9-photos.leclercdrive.fr/image.ashx?id=2989117&use=l&cat=p&typeid=i","cat":284503},{"id":19199,"n":"Pain de mie La Boulangère à la  Farine complète Bio - 500g","p":1.78,"u":"3,56 €/KG","img":"https://fd9-photos.leclercdrive.fr/image.ashx?id=2912386&use=l&cat=p&typeid=i","cat":284477},{"id":19202,"n":"Galettes bio Bio Village 4 céréales x17 - 130g","p":0.99,"u":"7,62 €/KG","img":"https://fd9-photos.leclercdrive.fr/image.ashx?id=2130850&use=l&cat=p&typeid=i","cat":318651},{"id":19231,"n":"Petit Pois Cassegrain Tendres et Fondants 140g","p":1.23,"u":"8,79 €/KG","img":"https://fd9-photos.leclercdrive.fr/image.ashx?id=2912974&use=l&cat=p&typeid=i","cat":312607},{"id":19255,"n":"Croquettes chat Purina One Light Adulte -Poulet/Blé -1,5kg","p":7.19,"u":"4,79 €/KG","img":"https://fd9-photos.leclercdrive.fr/image.ashx?id=2432010&use=l&cat=p&typeid=i","cat":284680},{"id":19256,"n":"Croquettes chat Purina One Adulte d'intérieur-Dinde -1,5kg","p":7.25,"u":"4,83 €/KG","img":"https://fd9-photos.leclercdrive.fr/image.ashx?id=2902271&use=l&cat=p&typeid=i","cat":284680},{"id":19257,"n":"Croquettes chat Purina One Sensible Adulte-Dinde/Riz-450g","p":2.57,"u":"5,71 €/KG","img":"https://fd9-photos.leclercdrive.fr/image.ashx?id=2459658&use=l&cat=p&typeid=i","cat":284680},{"id":19263,"n":"Filets de maquereaux Saupiquet A la moutarde - 169g","p":1.99,"u":"11,78 €/KG","img":"https://fd9-photos.leclercdrive.fr/image.ashx?id=2829961&use=l&cat=p&typeid=i","cat":303868},{"id":19279,"n":"Sucre de canne Daddy En morceaux - 1kg","p":2.23,"u":"2,23 €/KG","img":"https://fd9-photos.leclercdrive.fr/image.ashx?id=2908576&use=l&cat=p&typeid=i","cat":284502},{"id":19285,"n":"Sauce crudités Rustica Fines herbes - 50cl","p":0.88,"u":"1,76 €/L","img":"https://fd9-photos.leclercdrive.fr/image.ashx?id=1972916&use=l&cat=p&typeid=i","cat":284456},{"id":19293,"n":"Lait céréales bébé Blédiner 12m Carotte pois soir - 2x250ml","p":1.71,"u":"3,42 €/L","img":"https://fd9-photos.leclercdrive.fr/image.ashx?id=2949856&use=l&cat=p&typeid=i","cat":312239},{"id":19296,"n":"Gressins Tokapi Sésame - 125g","p":1.17,"u":"9,36 €/KG","img":"https://fd9-photos.leclercdrive.fr/image.ashx?id=1993574&use=l&cat=p&typeid=i","cat":297000},{"id":19297,"n":"Lait céréales bébé Blédiner 6m Potiron soir - 2x250ml","p":1.77,"u":"3,54 €/L","img":"https://fd9-photos.leclercdrive.fr/image.ashx?id=2960141&use=l&cat=p&typeid=i","cat":312239},{"id":19298,"n":"Gressins Tokapi  Huile d'olive romarin - 125g","p":1.41,"u":"11,28 €/KG","img":"https://fd9-photos.leclercdrive.fr/image.ashx?id=1993577&use=l&cat=p&typeid=i","cat":297000},{"id":19301,"n":"Céréales Tipiak Méditerranéennes 2x200g","p":1.92,"u":"4,80 €/KG","img":"https://fd9-photos.leclercdrive.fr/image.ashx?id=2766253&use=l&cat=p&typeid=i","cat":284429},{"id":19303,"n":"Mini penne Turini 500g","p":0.98,"u":"1,96 €/KG","img":"https://fd9-photos.leclercdrive.fr/image.ashx?id=3015063&use=l&cat=p&typeid=i","cat":284427},{"id":19304,"n":"Mini farfalle Turini 500g","p":1.26,"u":"2,52 €/KG","img":"https://fd9-photos.leclercdrive.fr/image.ashx?id=2607494&use=l&cat=p&typeid=i","cat":284427},{"id":19305,"n":"Pâtes Spaghetti Panzani 3 Minutes - 500G","p":1.2,"u":"2,40 €/KG","img":"https://fd9-photos.leclercdrive.fr/image.ashx?id=3008035&use=l&cat=p&typeid=i","cat":284427},{"id":19308,"n":"Epices pour guacamole Old el paso - 20g","p":1.09,"u":"54,50 €/KG","img":"https://fd9-photos.leclercdrive.fr/image.ashx?id=2858168&use=l&cat=p&typeid=i","cat":288993},{"id":19319,"n":"Cookies Eco+ Pépites de chocolat - 200g","p":0.95,"u":"4,75 €/KG","img":"https://fd9-photos.leclercdrive.fr/image.ashx?id=2669660&use=l&cat=p&typeid=i","cat":325066},{"id":19347,"n":"Allume-feu Silex liquide 1L","p":4.15,"u":"4,15 €/L","img":"https://fd9-photos.leclercdrive.fr/image.ashx?id=1792447&use=l&cat=p&typeid=i","cat":300578},{"id":19353,"n":"Mao Croqui Haribo Sachet bonbons - 250g","p":1.33,"u":"5,32 €/KG","img":"https://fd9-photos.leclercdrive.fr/image.ashx?id=2805192&use=l&cat=p&typeid=i","cat":304250},{"id":19356,"n":"Infusion bio Jardin Bio Thym Menthe - x20 sachets - 30g","p":1.79,"u":"59,67 €/KG","img":"https://fd9-photos.leclercdrive.fr/image.ashx?id=2792654&use=l&cat=p&typeid=i","cat":293234},{"id":19364,"n":"Madeleines extra Ker Cadélac Coquilles moelleuses x24 - 600g","p":2.88,"u":"4,80 €/KG","img":"https://fd9-photos.leclercdrive.fr/image.ashx?id=2939511&use=l&cat=p&typeid=i","cat":284492},{"id":19366,"n":"Barres céréales Grany Chocolat - 125g","p":1.82,"u":"14,56 €/KG","img":"https://fd9-photos.leclercdrive.fr/image.ashx?id=2773613&use=l&cat=p&typeid=i","cat":285869},{"id":19408,"n":"Soupe Velouté Bio Village Bio Légumes verts - 1L","p":2.42,"u":"2,42 €/L","img":"https://fd9-photos.leclercdrive.fr/image.ashx?id=2352237&use=l&cat=p&typeid=i","cat":284462},{"id":19411,"n":"Compote Allégée en sucres Eco+ Coupelle pomme - 4x100g","p":0.55,"u":"1,38 €/KG","img":"https://fd9-photos.leclercdrive.fr/image.ashx?id=1961398&use=l&cat=p&typeid=i","cat":284508},{"id":19416,"n":"Dessert fruitier Andros Pomme allégé 730g","p":1.28,"u":"1,75 €/KG","img":"https://fd9-photos.leclercdrive.fr/image.ashx?id=2369930&use=l&cat=p&typeid=i","cat":284508},{"id":19418,"n":"Pâtes serpentini Turini 500g","p":0.84,"u":"1,68 €/KG","img":"https://fd9-photos.leclercdrive.fr/image.ashx?id=2607488&use=l&cat=p&typeid=i","cat":284427},{"id":19420,"n":"Pâtes Torsades Turini Nature tomate épinard - 500g","p":1.09,"u":"2,18 €/KG","img":"https://fd9-photos.leclercdrive.fr/image.ashx?id=2607485&use=l&cat=p&typeid=i","cat":284427},{"id":19424,"n":"Spaghetti Turini Au blé complet - 500g","p":0.95,"u":"1,90 €/KG","img":"https://fd9-photos.leclercdrive.fr/image.ashx?id=2607497&use=l&cat=p&typeid=i","cat":284427},{"id":19426,"n":"Gâteaux L'Ourson Lulu LU Chocolat - 150g","p":1.23,"u":"8,20 €/KG","img":"https://fd9-photos.leclercdrive.fr/image.ashx?id=3014425&use=l&cat=p&typeid=i","cat":284495},{"id":19427,"n":"Pâtes penne Turini Blé complet - 500g","p":1.0,"u":"2,00 €/KG","img":"https://fd9-photos.leclercdrive.fr/image.ashx?id=2607500&use=l&cat=p&typeid=i","cat":284427},{"id":19432,"n":"Pains au chocolat Eco+ x10 - 450g","p":1.55,"u":"3,44 €/KG","img":"https://fd9-photos.leclercdrive.fr/image.ashx?id=2927833&use=l&cat=p&typeid=i","cat":296366},{"id":19433,"n":"Pain au lait Eco+ x10 - 400g","p":1.01,"u":"2,53 €/KG","img":"https://fd9-photos.leclercdrive.fr/image.ashx?id=2643578&use=l&cat=p&typeid=i","cat":293505},{"id":19435,"n":"Barres de céréales Special K Kellogg's Chocolat lait - 6x20g","p":2.19,"u":"18,25 €/KG","img":"https://fd9-photos.leclercdrive.fr/image.ashx?id=2306366&use=l&cat=p&typeid=i","cat":285869},{"id":19440,"n":"Flageolets d'aucy  Extra-fins - 530g","p":1.88,"u":"3,55 €/KG","img":"https://fd9-photos.leclercdrive.fr/image.ashx?id=2486152&use=l&cat=p&typeid=i","cat":312606},{"id":19442,"n":"Flageolets d'aucy  Extra-fins - 265g","p":1.21,"u":"4,57 €/KG","img":"https://fd9-photos.leclercdrive.fr/image.ashx?id=2503437&use=l&cat=p&typeid=i","cat":312606},{"id":19463,"n":"Sticks dentaires Lydog Moyen chien - x7 - 180g","p":1.39,"u":"7,72 €/KG","img":"https://fd9-photos.leclercdrive.fr/image.ashx?id=1878598&use=l&cat=p&typeid=i","cat":294527},{"id":19473,"n":"Assiettes rondes Homeside Biodégradables 23cm x25","p":3.3,"img":"https://fd9-photos.leclercdrive.fr/image.ashx?id=1659687&use=l&cat=p&typeid=i","cat":334134},{"id":19474,"n":"Assiettes Ardence Dessert carrées 15.5cm x25","p":2.9,"img":"https://fd9-photos.leclercdrive.fr/image.ashx?id=951295&use=l&cat=p&typeid=i","cat":334134},{"id":19487,"n":"Cassoulet Toulousain   Raynal Et Roquelaure - 840g","p":4.08,"u":"4,86 €/KG","img":"https://fd9-photos.leclercdrive.fr/image.ashx?id=2928387&use=l&cat=p&typeid=i","cat":284440},{"id":19491,"n":"Couscous tunisien Côté Table Kefta merguez - 300g","p":2.19,"u":"7,30 €/KG","img":"https://fd9-photos.leclercdrive.fr/image.ashx?id=2499498&use=l&cat=p&typeid=i","cat":284953},{"id":19493,"n":"Colin d'alaska Côté Table Barquette micro-ondable 300g","p":1.99,"u":"6,63 €/KG","img":"https://fd9-photos.leclercdrive.fr/image.ashx?id=2476134&use=l&cat=p&typeid=i","cat":284953},{"id":19535,"n":"Stick lèvres Inell Nourrissant - 2 pièces","p":1.99,"u":"1,00 €/P","img":"https://fd9-photos.leclercdrive.fr/image.ashx?id=2841622&use=l&cat=p&typeid=i","cat":285485},{"id":19575,"n":"Lait démaquillant Inell Douceur 250ml","p":1.59,"u":"6,36 €/L","img":"https://fd9-photos.leclercdrive.fr/image.ashx?id=2691622&use=l&cat=p&typeid=i","cat":284603},{"id":19604,"n":"Gâteaux P'tit Déli A base de yaourt x7 - 189g","p":1.87,"u":"9,89 €/KG","img":"https://fd9-photos.leclercdrive.fr/image.ashx?id=2059086&use=l&cat=p&typeid=i","cat":294776},{"id":19609,"n":"Tuiles Tokapi Fromage - 170g","p":1.39,"u":"8,18 €/KG","img":"https://fd9-photos.leclercdrive.fr/image.ashx?id=2609568&use=l&cat=p&typeid=i","cat":287899},{"id":19611,"n":"Soupe Velouté Régal Soupe Tomates - 2x30cl","p":1.45,"u":"2,42 €/L","img":"https://fd9-photos.leclercdrive.fr/image.ashx?id=2623007&use=l&cat=p&typeid=i","cat":284462},{"id":19660,"n":"Cordons bleus Pic'Express Au poulet 4x100g","p":3.62,"u":"9,05 €/KG","img":"https://fd9-photos.leclercdrive.fr/image.ashx?id=1847343&use=l&cat=p&typeid=i","cat":319780},{"id":19684,"n":"tofu nature bio bjorg  - 2x200g","p":2.85,"u":"7,13 €/KG","img":"https://fd9-photos.leclercdrive.fr/image.ashx?id=2907979&use=l&cat=p&typeid=i","cat":284953},{"id":19702,"n":"Sucre en poudre Béghin Say 750g","p":1.72,"u":"2,29 €/KG","img":"https://fd9-photos.leclercdrive.fr/image.ashx?id=2866352&use=l&cat=p&typeid=i","cat":284502},{"id":19719,"n":"Yaourts Lait entier Bio Village Bio Vanille - 4x125g","p":1.25,"u":"2,50 €/KG","img":"https://fd9-photos.leclercdrive.fr/image.ashx?id=2702336&use=l&cat=p&typeid=i","cat":286006},{"id":19723,"n":"Sacs congélation zip Elembal Grand x15","p":1.8,"u":"0,12 €/P","img":"https://fd9-photos.leclercdrive.fr/image.ashx?id=2119127&use=l&cat=p&typeid=i","cat":334134},{"id":19729,"n":"Biscuit P'tit Déli Palmiers Chocolat au lait 110g","p":1.25,"u":"11,36 €/KG","img":"https://fd9-photos.leclercdrive.fr/image.ashx?id=2072340&use=l&cat=p&typeid=i","cat":284488},{"id":19732,"n":"Les p'tites spirales P'tit Déli Chocolat  x6 - 150g","p":1.35,"u":"9,00 €/KG","img":"https://fd9-photos.leclercdrive.fr/image.ashx?id=2660422&use=l&cat=p&typeid=i","cat":284495},{"id":19743,"n":"Déodorant atomiseur Carré Homme Musc 200ml","p":1.35,"u":"6,75 €/L","img":"https://fd9-photos.leclercdrive.fr/image.ashx?id=2375998&use=l&cat=p&typeid=i","cat":284618},{"id":19744,"n":"Déodorant atomiseur Carré Homme Marine 200ml","p":1.35,"u":"6,75 €/L","img":"https://fd9-photos.leclercdrive.fr/image.ashx?id=2390707&use=l&cat=p&typeid=i","cat":284618},{"id":19750,"n":"Cotons Duo Démaquillants Inell Duo carré - Disques x50","p":1.24,"u":"0,02 €/P","img":"https://fd9-photos.leclercdrive.fr/image.ashx?id=1709937&use=l&cat=p&typeid=i","cat":285593},{"id":19788,"n":"Stick lèvres Inell Hydratant - 2 pièces","p":1.5,"u":"0,75 €/P","img":"https://fd9-photos.leclercdrive.fr/image.ashx?id=1723009&use=l&cat=p&typeid=i","cat":285485},{"id":19796,"n":"Papier aluminium Elembal 30m","p":2.75,"img":"https://fd9-photos.leclercdrive.fr/image.ashx?id=2854231&use=l&cat=p&typeid=i","cat":334134},{"id":19798,"n":"Dissolvant doux Inell Sans acétone - 150ml","p":1.42,"u":"9,47 €/L","img":"https://fd9-photos.leclercdrive.fr/image.ashx?id=2691640&use=l&cat=p&typeid=i","cat":325347},{"id":19856,"n":"Pâtes Barilla Coquillettes - 1kg","p":1.82,"u":"1,82 €/KG","img":"https://fd9-photos.leclercdrive.fr/image.ashx?id=2392230&use=l&cat=p&typeid=i","cat":284427},{"id":19877,"n":"Mozzarella Spécial Cuisine Les Croisés - 400g","p":2.94,"u":"7,35 €/KG","img":"https://fd9-photos.leclercdrive.fr/image.ashx?id=2992531&use=l&cat=p&typeid=i","cat":314026},{"id":19881,"n":"Dés Salakis herbes de Provence Fromage brebis - 300g","p":3.22,"u":"10,73 €/KG","img":"https://fd9-photos.leclercdrive.fr/image.ashx?id=2729686&use=l&cat=p&typeid=i","cat":314026},{"id":19898,"n":"Oeufs frais Matines x12","p":3.01,"u":"0,25 €/P","img":"https://fd9-photos.leclercdrive.fr/image.ashx?id=2796231&use=l&cat=p&typeid=i","cat":284378},{"id":19901,"n":"Oeufs De Nos Villages Plein air, moyen  - x12","p":3.32,"u":"0,28 €/P","img":"https://fd9-photos.leclercdrive.fr/image.ashx?id=2153942&use=l&cat=p&typeid=i","cat":284378},{"id":19913,"n":"Mousse liégeoise Viennois  Chocolat - 4x90g","p":1.62,"u":"4,50 €/KG","img":"https://fd9-photos.leclercdrive.fr/image.ashx?id=2785172&use=l&cat=p&typeid=i","cat":285042},{"id":19918,"n":"Poêlée sarladaise Paysan Breton 750g","p":4.26,"u":"5,68 €/KG","img":"https://fd9-photos.leclercdrive.fr/image.ashx?id=2882391&use=l&cat=p&typeid=i","cat":319823},{"id":19933,"n":"Pizza Crousti-moelleuse Marie Royale - 3x400g","p":7.03,"u":"5,86 €/KG","img":"https://fd9-photos.leclercdrive.fr/image.ashx?id=2996800&use=l&cat=p&typeid=i","cat":284256},{"id":19935,"n":"Pizza Crousti-moelleuse Marie 4 fromages - 3x390g","p":6.77,"u":"5,79 €/KG","img":"https://fd9-photos.leclercdrive.fr/image.ashx?id=2996803&use=l&cat=p&typeid=i","cat":284256},{"id":20008,"n":"Compote Andros Pomme nature - 12x100g","p":3.16,"u":"2,63 €/KG","img":"https://fd9-photos.leclercdrive.fr/image.ashx?id=2989114&use=l&cat=p&typeid=i","cat":284416},{"id":20010,"n":"Yaourts lait entier nature Bio  Bio village - 12x125g","p":2.46,"u":"1,64 €/KG","img":"https://fd9-photos.leclercdrive.fr/image.ashx?id=2102992&use=l&cat=p&typeid=i","cat":284409},{"id":20013,"n":"Compote Charles & Alice Pommes Abricots - 4x100g","p":1.46,"u":"3,65 €/KG","img":"https://fd9-photos.leclercdrive.fr/image.ashx?id=2757350&use=l&cat=p&typeid=i","cat":284416},{"id":20016,"n":"Rondelle confiturier Le Parfait Universelle 85mns x10","p":2.6,"u":"0,26 €/P","img":"https://fd9-photos.leclercdrive.fr/image.ashx?id=2807492&use=l&cat=p&typeid=i","cat":284710},{"id":20038,"n":"Crème aux œufs La Laitière lit de caramel - 4x100g","p":1.76,"u":"4,40 €/KG","img":"https://fd9-photos.leclercdrive.fr/image.ashx?id=2744593&use=l&cat=p&typeid=i","cat":284419},{"id":20044,"n":"Bière Leffe Ruby 5% - 75cl","p":2.92,"u":"3,89 €/L","img":"https://fd9-photos.leclercdrive.fr/image.ashx?id=1589629&use=l&cat=p&typeid=i","cat":334878},{"id":20050,"n":"Bière belge Duvel 8,5%vol. - 33cl","p":1.77,"u":"5,36 €/L","img":"https://fd9-photos.leclercdrive.fr/image.ashx?id=2389304&use=l&cat=p&typeid=i","cat":334872},{"id":20060,"n":"Biscuits Gouda Delacre Canasta  Fourrés fromage - 75g","p":1.73,"u":"23,07 €/KG","img":"https://fd9-photos.leclercdrive.fr/image.ashx?id=2661841&use=l&cat=p&typeid=i","cat":297000},{"id":20075,"n":"Corned beef Hereford 340g","p":3.38,"u":"9,94 €/KG","img":"https://fd9-photos.leclercdrive.fr/image.ashx?id=2896946&use=l&cat=p&typeid=i","cat":305149},{"id":20085,"n":"Bière bleue Chimay Brune - 9%vol. - 33cl","p":1.75,"u":"5,30 €/L","img":"https://fd9-photos.leclercdrive.fr/image.ashx?id=1758849&use=l&cat=p&typeid=i","cat":334872},{"id":20110,"n":"Jus d'orange Jafaden A base de concentré  - 6x1L","p":10.56,"u":"1,76 €/L","img":"https://fd9-photos.leclercdrive.fr/image.ashx?id=2751895&use=l&cat=p&typeid=i","cat":284521},{"id":20138,"n":"Chips Pom'Lisse Nature - 200g","p":1.19,"u":"5,95 €/KG","img":"https://fd9-photos.leclercdrive.fr/image.ashx?id=2494148&use=l&cat=p&typeid=i","cat":284447},{"id":20146,"n":"Brique de brebis Les Croisés 150g","p":2.45,"u":"16,33 €/KG","img":"https://fd9-photos.leclercdrive.fr/image.ashx?id=2645903&use=l&cat=p&typeid=i","cat":314031},{"id":20154,"n":"Pâtes Barilla Macaroni - 1kg","p":1.85,"u":"1,85 €/KG","img":"https://fd9-photos.leclercdrive.fr/image.ashx?id=2602317&use=l&cat=p&typeid=i","cat":284427},{"id":20172,"n":"Petits pots bébé P'TIT SOUPER Aubergine pâtes 8M+ - 2x200g","p":1.93,"u":"4,83 €/KG","img":"https://fd9-photos.leclercdrive.fr/image.ashx?id=2526511&use=l&cat=p&typeid=i","cat":312239},{"id":20175,"n":"Petits pots bébé P'TIT SOUPER  7 légumes 8M+ - 2x200g","p":1.62,"u":"4,05 €/KG","img":"https://fd9-photos.leclercdrive.fr/image.ashx?id=2526508&use=l&cat=p&typeid=i","cat":312239},{"id":20180,"n":"Crème Fraîche Elle&Vire Epaisse Légère - 12% MG - 33cl","p":1.64,"u":"4,97 €/L","img":"https://fd9-photos.leclercdrive.fr/image.ashx?id=2871949&use=l&cat=p&typeid=i","cat":284381},{"id":20183,"n":"Emmental français Entremont 45%mg - 250g","p":2.73,"u":"10,92 €/KG","img":"https://fd9-photos.leclercdrive.fr/image.ashx?id=2983138&use=l&cat=p&typeid=i","cat":314034},{"id":20213,"n":"Camembert Cœur de Lion  8 portions - 240g","p":2.69,"u":"11,21 €/KG","img":"https://fd9-photos.leclercdrive.fr/image.ashx?id=2767962&use=l&cat=p&typeid=i","cat":314033},{"id":20218,"n":"Mozzarella vache Casa Azzurra Boule - 125g","p":0.99,"u":"7,92 €/KG","img":"https://fd9-photos.leclercdrive.fr/image.ashx?id=2904302&use=l&cat=p&typeid=i","cat":314026},{"id":20239,"n":"Gâteaux fourrés P'tit Déli Chocolat x7 - 189g","p":2.18,"u":"11,53 €/KG","img":"https://fd9-photos.leclercdrive.fr/image.ashx?id=1947357&use=l&cat=p&typeid=i","cat":284495},{"id":20288,"n":"Soufflés Snack's Tokapi Cacahuète - 55g","p":0.39,"u":"7,09 €/KG","img":"https://fd9-photos.leclercdrive.fr/image.ashx?id=2844517&use=l&cat=p&typeid=i","cat":284449},{"id":20291,"n":"Déodorant bille Manava Vanille 50ml","p":1.29,"u":"25,80 €/L","img":"https://fd9-photos.leclercdrive.fr/image.ashx?id=1865295&use=l&cat=p&typeid=i","cat":284595},{"id":20299,"n":"AOC Saint Mont rouge  Marquis de Seillan - 75cl","p":4.99,"pp":3.29,"u":"4,39 €/L","img":"https://fd9-photos.leclercdrive.fr/image.ashx?id=2753982&use=l&cat=p&typeid=i","cat":289556},{"id":20300,"n":"Tarte Tomates Chèvre Courgette Côté Table - 400g","p":2.8,"u":"7,00 €/KG","img":"https://fd9-photos.leclercdrive.fr/image.ashx?id=2426773&use=l&cat=p&typeid=i","cat":284257},{"id":20309,"n":"Jambon supérieur Tradilège -25% de sel - Découenné x4-160g","p":1.95,"u":"12,19 €/KG","img":"https://fd9-photos.leclercdrive.fr/image.ashx?id=2153186&use=l&cat=p&typeid=i","cat":316009},{"id":20414,"n":"Essuie-tout blanc Mimosa Super absorbant - x2","p":2.75,"u":"1,38 €/P","img":"https://fd9-photos.leclercdrive.fr/image.ashx?id=2727371&use=l&cat=p&typeid=i","cat":284635},{"id":20429,"n":"Clafoutis aux cerises Délisse 4x85g","p":2.25,"u":"6,62 €/KG","img":"https://fd9-photos.leclercdrive.fr/image.ashx?id=2891776&use=l&cat=p&typeid=i","cat":284419},{"id":20431,"n":"Vinaigre blanc Tête Noire d'alcool - 1,5L","p":1.63,"u":"1,09 €/L","img":"https://fd9-photos.leclercdrive.fr/image.ashx?id=2452002&use=l&cat=p&typeid=i","cat":325365},{"id":20447,"n":"Chips Pom'lisse Nature - 350g","p":1.89,"u":"5,40 €/KG","img":"https://fd9-photos.leclercdrive.fr/image.ashx?id=2498596&use=l&cat=p&typeid=i","cat":284447},{"id":20452,"n":"Paëlla Valenciana Fleury Michon 400g","p":3.55,"u":"8,88 €/KG","img":"https://fd9-photos.leclercdrive.fr/image.ashx?id=2656739&use=l&cat=p&typeid=i","cat":333665},{"id":20484,"n":"AOP Cabernet d'Anjou rosé Plessis-Duval - 75cl","p":4.48,"u":"5,97 €/L","img":"https://fd9-photos.leclercdrive.fr/image.ashx?id=2941035&use=l&cat=p&typeid=i","cat":289558},{"id":20501,"n":"Yaourts aux fruits Délisse Fruits Jaunes - 8x125g","p":2.29,"u":"2,29 €/KG","img":"https://fd9-photos.leclercdrive.fr/image.ashx?id=2533319&use=l&cat=p&typeid=i","cat":284410},{"id":20545,"n":"Haricots verts Bio Bio Village 600g","p":1.46,"u":"2,43 €/KG","img":"https://fd9-photos.leclercdrive.fr/image.ashx?id=2891812&use=l&cat=p&typeid=i","cat":319805},{"id":20603,"n":"Sauce à l'Echalote Rustica Déshydratée 33g","p":0.68,"u":"20,61 €/KG","img":"https://fd9-photos.leclercdrive.fr/image.ashx?id=3007043&use=l&cat=p&typeid=i","cat":288381},{"id":20612,"n":"Thon Pêche Océan A la catalane - 2x135g","p":1.87,"u":"6,93 €/KG","img":"https://fd9-photos.leclercdrive.fr/image.ashx?id=2941432&use=l&cat=p&typeid=i","cat":303867},{"id":20634,"n":"Lait céréales Blédidej 6 mois Vanille - 4x250ml","p":3.33,"u":"3,33 €/L","img":"https://fd9-photos.leclercdrive.fr/image.ashx?id=2921046&use=l&cat=p&typeid=i","cat":312226},{"id":20648,"n":"Maquereaux Pêche Océan Moutarde à l'ancienne - 169g","p":1.66,"u":"9,82 €/KG","img":"https://fd9-photos.leclercdrive.fr/image.ashx?id=2515676&use=l&cat=p&typeid=i","cat":303868},{"id":20683,"n":"Pommes duchesse Pom'lisse 750g","p":1.33,"u":"1,77 €/KG","img":"https://fd9-photos.leclercdrive.fr/image.ashx?id=2699681&use=l&cat=p&typeid=i","cat":319792},{"id":20684,"n":"Cordon bleu de poulet Eco+ 800g","p":3.92,"u":"4,90 €/KG","img":"https://fd9-photos.leclercdrive.fr/image.ashx?id=1760212&use=l&cat=p&typeid=i","cat":319780},{"id":20685,"n":"Purée 4 légumes Notre Jardin 750g","p":2.24,"u":"2,99 €/KG","img":"https://fd9-photos.leclercdrive.fr/image.ashx?id=2389518&use=l&cat=p&typeid=i","cat":319805},{"id":20686,"n":"Haricots plats Notre Jardin 1kg","p":1.79,"u":"1,79 €/KG","img":"https://fd9-photos.leclercdrive.fr/image.ashx?id=2431122&use=l&cat=p&typeid=i","cat":319805},{"id":20688,"n":"Tagliatelles carbonara Marie 330g","p":2.95,"u":"8,94 €/KG","img":"https://fd9-photos.leclercdrive.fr/image.ashx?id=2980920&use=l&cat=p&typeid=i","cat":333665},{"id":20700,"n":"Macaroni sauce tomate Marie Boulettes de viande 280g","p":2.71,"u":"9,68 €/KG","img":"https://fd9-photos.leclercdrive.fr/image.ashx?id=2980968&use=l&cat=p&typeid=i","cat":333665},{"id":20721,"n":"Epinards Bonduelle Feuilles préservées - 750g","p":2.21,"u":"2,95 €/KG","img":"https://fd9-photos.leclercdrive.fr/image.ashx?id=2910028&use=l&cat=p&typeid=i","cat":319805},{"id":20724,"n":"Cheeseburger Charal 6x140g - 840g","p":8.67,"u":"10,32 €/KG","img":"https://fd9-photos.leclercdrive.fr/image.ashx?id=2741952&use=l&cat=p&typeid=i","cat":319822},{"id":20753,"n":"Mouchoirs The Original Kleenex® Etuis mini x24","p":3.14,"u":"0,13 €/P","img":"https://fd9-photos.leclercdrive.fr/image.ashx?id=2840301&use=l&cat=p&typeid=i","cat":284638},{"id":20758,"n":"Riz cantonais Tables du Monde 900g","p":3.99,"u":"4,43 €/KG","img":"https://fd9-photos.leclercdrive.fr/image.ashx?id=2903953&use=l&cat=p&typeid=i","cat":284254},{"id":20760,"n":"Légumes vapeurs Notre Jardin 2x200g","p":2.47,"u":"6,18 €/KG","img":"https://fd9-photos.leclercdrive.fr/image.ashx?id=2447882&use=l&cat=p&typeid=i","cat":319805},{"id":20773,"n":"Anneaux d'encornets Pêche Océan 500g","p":6.55,"u":"13,10 €/KG","img":"https://fd9-photos.leclercdrive.fr/image.ashx?id=3012391&use=l&cat=p&typeid=i","cat":319787},{"id":20775,"n":"Carottes râpées Menu Fraîcheur  1kg","p":1.98,"u":"1,98 €/KG","img":"https://fd9-photos.leclercdrive.fr/image.ashx?id=2850814&use=l&cat=p&typeid=i","cat":333657},{"id":20776,"n":"Taboulé Menu Fraîcheur A l'orientale - 1kg","p":2.77,"u":"2,77 €/KG","img":"https://fd9-photos.leclercdrive.fr/image.ashx?id=2645921&use=l&cat=p&typeid=i","cat":333657},{"id":20840,"n":"Yaourts Mamie Nova Panaché de fruits - 6x150g","p":3.19,"u":"3,54 €/KG","img":"https://fd9-photos.leclercdrive.fr/image.ashx?id=2886954&use=l&cat=p&typeid=i","cat":284410},{"id":20858,"n":"Saucisses de Toulouse Férial x4 - 500g","p":4.16,"u":"8,32 €/KG","img":"https://fd9-photos.leclercdrive.fr/image.ashx?id=3004669&use=l&cat=p&typeid=i","cat":284334},{"id":20862,"n":"Sauce Provençale Turini 190g","p":0.58,"u":"3,05 €/KG","img":"https://fd9-photos.leclercdrive.fr/image.ashx?id=2386152&use=l&cat=p&typeid=i","cat":287599},{"id":20882,"n":"Colin pané Alaska Cité Marine MSC - 200g","p":2.43,"u":"12,15 €/KG","img":"https://fd9-photos.leclercdrive.fr/image.ashx?id=2844142&use=l&cat=p&typeid=i","cat":284344},{"id":20986,"n":"Sauce Napolitaine Turini 190g","p":0.85,"u":"4,47 €/KG","img":"https://fd9-photos.leclercdrive.fr/image.ashx?id=2552430&use=l&cat=p&typeid=i","cat":287599},{"id":21017,"n":"Poisson Pané Findus  Colin d'Alaska - x10 - 510g","p":4.14,"u":"8,12 €/KG","img":"https://fd9-photos.leclercdrive.fr/image.ashx?id=2735332&use=l&cat=p&typeid=i","cat":319788},{"id":21027,"n":"Sauce bolognaise Turini 190g","p":0.85,"u":"4,47 €/KG","img":"https://fd9-photos.leclercdrive.fr/image.ashx?id=2634869&use=l&cat=p&typeid=i","cat":287599},{"id":21077,"n":"Bière blonde La Goudale 7.2%vol. - 6x25cl","p":4.11,"u":"2,74 €/L","img":"https://fd9-photos.leclercdrive.fr/image.ashx?id=2789865&use=l&cat=p&typeid=i","cat":334852},{"id":21081,"n":"Bière blonde Rince Cochon 50cl","p":1.79,"u":"3,58 €/L","img":"https://fd9-photos.leclercdrive.fr/image.ashx?id=2021232&use=l&cat=p&typeid=i","cat":334853},{"id":21221,"n":"Déodorant bille Nivea  Pearl & Beauty - 50ml","p":1.94,"u":"38,80 €/L","img":"https://fd9-photos.leclercdrive.fr/image.ashx?id=2871061&use=l&cat=p&typeid=i","cat":284595},{"id":21241,"n":"Spirales Insectivor Anti-moustiques - x10","p":1.73,"u":"0,17 €/P","img":"https://fd9-photos.leclercdrive.fr/image.ashx?id=1939040&use=l&cat=p&typeid=i","cat":298368},{"id":21244,"n":"Pièges anti-fourmis Insectivor x2","p":3.34,"u":"1,67 €/P","img":"https://fd9-photos.leclercdrive.fr/image.ashx?id=2302725&use=l&cat=p&typeid=i","cat":298368},{"id":21246,"n":"Pièges Insectivor Anti-mites alimentaires - x2","p":2.76,"u":"1,38 €/P","img":"https://fd9-photos.leclercdrive.fr/image.ashx?id=1962780&use=l&cat=p&typeid=i","cat":298368},{"id":21485,"n":"Eau gazeuse La Pétillante Naturelle - 6x1L","p":2.34,"u":"0,39 €/L","img":"https://fd9-photos.leclercdrive.fr/image.ashx?id=2452966&use=l&cat=p&typeid=i","cat":284536},{"id":21573,"n":"Bonbons LUTTI Arlequin Original 250g","p":1.43,"u":"5,72 €/KG","img":"https://fd9-photos.leclercdrive.fr/image.ashx?id=2817422&use=l&cat=p&typeid=i","cat":304252},{"id":21574,"n":"Bonbons Lutti Menthise Fondant aux 2 menthes 250g","p":1.91,"u":"7,64 €/KG","img":"https://fd9-photos.leclercdrive.fr/image.ashx?id=2962167&use=l&cat=p&typeid=i","cat":304252},{"id":21580,"n":"Steak haché Isla Délice 100% boeuf Halal x10 800g","p":11.39,"u":"14,24 €/KG","img":"https://fd9-photos.leclercdrive.fr/image.ashx?id=2349233&use=l&cat=p&typeid=i","cat":319778},{"id":21584,"n":"Olives noires Crespo Dénoyautées - 170g","p":1.29,"u":"7,59 €/KG","img":"https://fd9-photos.leclercdrive.fr/image.ashx?id=2616892&use=l&cat=p&typeid=i","cat":284458},{"id":21609,"n":"Cornichons Extra-Fins MAILLE 220g","p":2.16,"u":"9,82 €/KG","img":"https://fd9-photos.leclercdrive.fr/image.ashx?id=2945823&use=l&cat=p&typeid=i","cat":284458},{"id":21612,"n":"Liquide vaisselle Eco+ Citron 1L","p":0.66,"u":"0,66 €/L","img":"https://fd9-photos.leclercdrive.fr/image.ashx?id=2874368&use=l&cat=p&typeid=i","cat":284655},{"id":21655,"n":"Boîtes chiens Lydog Mitonnées Agneau poulet veau - 3x410g","p":3.9,"u":"3,17 €/KG","img":"https://fd9-photos.leclercdrive.fr/image.ashx?id=2710488&use=l&cat=p&typeid=i","cat":288578},{"id":21656,"n":"Boîte chiens Lydog Bouchées Boeuf carottes - 1,25kg","p":2.65,"u":"2,12 €/KG","img":"https://fd9-photos.leclercdrive.fr/image.ashx?id=2691222&use=l&cat=p&typeid=i","cat":288578},{"id":21662,"n":"Boîte chiens Lydog Bouchées Poulet légumes - 1,2kg","p":1.98,"u":"1,65 €/KG","img":"https://fd9-photos.leclercdrive.fr/image.ashx?id=2548100&use=l&cat=p&typeid=i","cat":288578},{"id":21663,"n":"Bouchées au poulet foie et  aux carottes Lydog - 1.23kg","p":2.39,"u":"1,94 €/KG","img":"https://fd9-photos.leclercdrive.fr/image.ashx?id=2691225&use=l&cat=p&typeid=i","cat":288578},{"id":21676,"n":"Bûche de chèvre Ste Maure Sélection Soignon - 200g","p":2.84,"u":"14,20 €/KG","img":"https://fd9-photos.leclercdrive.fr/image.ashx?id=2799925&use=l&cat=p&typeid=i","cat":314031},{"id":21685,"n":"Nuggets de poulet Côté Croc x20 - 400g","p":3.0,"u":"7,50 €/KG","img":"https://fd9-photos.leclercdrive.fr/image.ashx?id=1935823&use=l&cat=p&typeid=i","cat":333684},{"id":21686,"n":"Saucisson sec Saint Azay Spécialité 200g","p":2.99,"u":"14,95 €/KG","img":"https://fd9-photos.leclercdrive.fr/image.ashx?id=2472053&use=l&cat=p&typeid=i","cat":316006},{"id":21687,"n":"Fromage Cheddar Burger Les Croisés 10 Tranches - 200g","p":1.25,"u":"6,25 €/KG","img":"https://fd9-photos.leclercdrive.fr/image.ashx?id=2804181&use=l&cat=p&typeid=i","cat":314028},{"id":21688,"n":"Fromage Emmental Croque Les Croisés 10 Tranches - 200g","p":1.19,"u":"5,95 €/KG","img":"https://fd9-photos.leclercdrive.fr/image.ashx?id=2341888&use=l&cat=p&typeid=i","cat":314028},{"id":21699,"n":"Crème fraîche Eco  Epaisse - 30% MG - 50cl","p":1.89,"u":"3,78 €/L","img":"https://fd9-photos.leclercdrive.fr/image.ashx?id=738045&use=l&cat=p&typeid=i","cat":284381},{"id":21701,"n":"Glace Eco+ Vanille - 500g","p":1.25,"u":"2,50 €/KG","img":"https://fd9-photos.leclercdrive.fr/image.ashx?id=2711580&use=l&cat=p&typeid=i","cat":284263},{"id":21702,"n":"Haricots verts Eco+ Très fins - 1kg","p":1.39,"u":"1,39 €/KG","img":"https://fd9-photos.leclercdrive.fr/image.ashx?id=2739706&use=l&cat=p&typeid=i","cat":319805},{"id":21703,"n":"Fromage frais Eco+ Nature 20%MG - 1kg","p":1.79,"u":"1,79 €/KG","img":"https://fd9-photos.leclercdrive.fr/image.ashx?id=2699919&use=l&cat=p&typeid=i","cat":284409},{"id":21711,"n":"Brandade de morue Pêcheries Basques parmentière - 900g","p":6.71,"u":"7,46 €/KG","img":"https://fd9-photos.leclercdrive.fr/image.ashx?id=2608259&use=l&cat=p&typeid=i","cat":285094},{"id":21772,"n":"Calissons d'Aix le Roy René 500g","p":13.5,"u":"27,00 €/KG","img":"https://fd9-photos.leclercdrive.fr/image.ashx?id=2395372&use=l&cat=p&typeid=i","cat":327606},{"id":21809,"n":"Boules chocolat Jacquot Praliné noir - 1kg","p":9.79,"u":"9,79 €/KG","img":"https://fd9-photos.leclercdrive.fr/image.ashx?id=2303303&use=l&cat=p&typeid=i","cat":327595},{"id":21877,"n":"Purée surgelée Pom'lisse Pommes de terre 750g","p":2.04,"u":"2,72 €/KG","img":"https://fd9-photos.leclercdrive.fr/image.ashx?id=2759777&use=l&cat=p&typeid=i","cat":319793},{"id":21911,"n":"Tomato Ketchup Heinz - 342g","p":1.47,"u":"4,30 €/KG","img":"https://fd9-photos.leclercdrive.fr/image.ashx?id=2955288&use=l&cat=p&typeid=i","cat":284455},{"id":21982,"n":"Lait Corps Hydratant Nivea Fluide Peaux sèches - 250ml","p":3.5,"u":"14,00 €/L","img":"https://fd9-photos.leclercdrive.fr/image.ashx?id=2652682&use=l&cat=p&typeid=i","cat":325349},{"id":22033,"n":"Gin Brighton's London Dry 37.5%vol - 70cl","p":9.99,"u":"14,27 €/L","img":"https://fd9-photos.leclercdrive.fr/image.ashx?id=2907183&use=l&cat=p&typeid=i","cat":284550},{"id":22065,"n":"Filets de maquereaux Saupiquet A la moutarde - 3x169g","p":5.99,"u":"11,81 €/KG","img":"https://fd9-photos.leclercdrive.fr/image.ashx?id=2826972&use=l&cat=p&typeid=i","cat":303868},{"id":22066,"n":"Filets de maquereaux Saupiquet Tomate basilic - 3x169g","p":5.99,"u":"11,81 €/KG","img":"https://fd9-photos.leclercdrive.fr/image.ashx?id=2826975&use=l&cat=p&typeid=i","cat":303868},{"id":22074,"n":"Cornichons Maille Extra fins - 380g","p":3.19,"u":"8,39 €/KG","img":"https://fd9-photos.leclercdrive.fr/image.ashx?id=2403184&use=l&cat=p&typeid=i","cat":284458},{"id":22087,"n":"Sucettes Chupa Chups Mini Assortiment x30 180g","p":1.81,"u":"10,06 €/KG","img":"https://fd9-photos.leclercdrive.fr/image.ashx?id=2647606&use=l&cat=p&typeid=i","cat":304250},{"id":22115,"n":"Cidre brut Les Goelleries Bretagne 4.5%vol. - 1,5L","p":1.87,"u":"1,25 €/L","img":"https://fd9-photos.leclercdrive.fr/image.ashx?id=2842274&use=l&cat=p&typeid=i","cat":334880},{"id":22116,"n":"Pain de mie complet Epi d'Or Grandes tranches - 550g","p":1.22,"u":"2,22 €/KG","img":"https://fd9-photos.leclercdrive.fr/image.ashx?id=2861292&use=l&cat=p&typeid=i","cat":284477},{"id":22117,"n":"Pain de mie complet Epi d'Or Grandes tranches - 825g","p":1.78,"u":"2,16 €/KG","img":"https://fd9-photos.leclercdrive.fr/image.ashx?id=2331502&use=l&cat=p&typeid=i","cat":284477},{"id":22140,"n":"Crème anglaise Délisse 3x20cl","p":2.65,"u":"4,42 €/L","img":"https://fd9-photos.leclercdrive.fr/image.ashx?id=3002590&use=l&cat=p&typeid=i","cat":284382},{"id":22141,"n":"Riz Basmati Comptoir du grain Sélection Riz long - 5x90g","p":1.81,"u":"4,02 €/KG","img":"https://fd9-photos.leclercdrive.fr/image.ashx?id=2076685&use=l&cat=p&typeid=i","cat":284428},{"id":22143,"n":"Emincés Tous Mes Amis En sauce - 4x400g","p":4.39,"u":"2,74 €/KG","img":"https://fd9-photos.leclercdrive.fr/image.ashx?id=776773&use=l&cat=p&typeid=i","cat":285601},{"id":22212,"n":"Vin de l'Union Européenne rouge Vieux Papes - BIB 5L","p":11.84,"u":"2,37 €/L","img":"https://fd9-photos.leclercdrive.fr/image.ashx?id=2136139&use=l&cat=p&typeid=i","cat":289556},{"id":22229,"n":"Terrines chats Tous mes ami Foie volaille - 800g","p":2.01,"u":"2,51 €/KG","img":"https://fd9-photos.leclercdrive.fr/image.ashx?id=2294656&use=l&cat=p&typeid=i","cat":285601},{"id":22349,"n":"Moule à manqué Homeside Revêtement antiadhésif - 26cm","p":5.99,"img":"https://fd9-photos.leclercdrive.fr/image.ashx?id=2856724&use=l&cat=p&typeid=i","cat":298490},{"id":22373,"n":"Carré pour la vaisselle Mamison x5","p":1.35,"img":"https://fd9-photos.leclercdrive.fr/image.ashx?id=1947483&use=l&cat=p&typeid=i","cat":284667},{"id":22374,"n":"Chiffons secs Clair Dépouissiérants x20","p":1.97,"img":"https://fd9-photos.leclercdrive.fr/image.ashx?id=1237966&use=l&cat=p&typeid=i","cat":325364},{"id":22477,"n":"Pignons de pin Couleurs Vives 125g","p":5.99,"u":"47,92 €/KG","img":"https://fd9-photos.leclercdrive.fr/image.ashx?id=2212926&use=l&cat=p&typeid=i","cat":284357},{"id":22487,"n":"IGP Pays d'Oc rosé Roche Mazet Grenache Cinsault - BIB 3L","p":10.19,"u":"3,40 €/L","img":"https://fd9-photos.leclercdrive.fr/image.ashx?id=2597118&use=l&cat=p&typeid=i","cat":289560},{"id":22488,"n":"IGP Pays d'Oc rouge Roche Mazet Cabernet Sauvignon 12.5% BIB 3L","p":10.38,"u":"3,46 €/L","img":"https://fd9-photos.leclercdrive.fr/image.ashx?id=2597121&use=l&cat=p&typeid=i","cat":289560},{"id":22506,"n":"Yaourts aromatisés Délisse 4 saveurs - 8x125g","p":2.79,"u":"2,79 €/KG","img":"https://fd9-photos.leclercdrive.fr/image.ashx?id=2134527&use=l&cat=p&typeid=i","cat":286006},{"id":22659,"n":"Cancoillotte nature NRT IGP 250g","p":1.97,"u":"7,88 €/KG","img":"https://fd9-photos.leclercdrive.fr/image.ashx?id=2663845&use=l&cat=p&typeid=i","cat":314037},{"id":22689,"n":"Confiture extra bio Bio Village Fraises - 370g","p":1.79,"u":"4,84 €/KG","img":"https://fd9-photos.leclercdrive.fr/image.ashx?id=2965626&use=l&cat=p&typeid=i","cat":284480},{"id":22690,"n":"Confiture extra bio Bio Village Abricots - 370g","p":1.79,"u":"4,84 €/KG","img":"https://fd9-photos.leclercdrive.fr/image.ashx?id=2965629&use=l&cat=p&typeid=i","cat":284480},{"id":22787,"n":"Saumon Ronde des Mers Petites tranches - 100g","p":3.69,"u":"36,90 €/KG","img":"https://fd9-photos.leclercdrive.fr/image.ashx?id=2449999&use=l&cat=p&typeid=i","cat":285188},{"id":22803,"n":"Brioche tranchée Epi d'Or Nature - 700g","p":2.22,"u":"3,17 €/KG","img":"https://fd9-photos.leclercdrive.fr/image.ashx?id=2860733&use=l&cat=p&typeid=i","cat":284478},{"id":22804,"n":"Boisson végétale Bio Village Soja nature bio - 1l","p":0.88,"u":"0,88 €/L","img":"https://fd9-photos.leclercdrive.fr/image.ashx?id=2372350&use=l&cat=p&typeid=i","cat":316067},{"id":22805,"n":"Boisson végétale Bio Village Soja vanille bio - 1l","p":1.42,"u":"1,42 €/L","img":"https://fd9-photos.leclercdrive.fr/image.ashx?id=2357707&use=l&cat=p&typeid=i","cat":316067},{"id":22893,"n":"Cidre doux Les Goelleries 2%vol. - 1,5L","p":2.09,"u":"1,39 €/L","img":"https://fd9-photos.leclercdrive.fr/image.ashx?id=2843791&use=l&cat=p&typeid=i","cat":334880},{"id":22894,"n":"Nettoyant spray Clair Ultra dégraissant - 750ml","p":1.18,"u":"1,57 €/L","img":"https://fd9-photos.leclercdrive.fr/image.ashx?id=1910616&use=l&cat=p&typeid=i","cat":325357},{"id":22895,"n":"Nettoyant spray Clair javel Salle de bains 750ml","p":1.45,"u":"1,93 €/L","img":"https://fd9-photos.leclercdrive.fr/image.ashx?id=2388085&use=l&cat=p&typeid=i","cat":325357},{"id":22898,"n":"Nettoyant Silex vitres d'insert Barbecue ultra décapante 750ml","p":4.36,"u":"5,81 €/L","img":"https://fd9-photos.leclercdrive.fr/image.ashx?id=1665442&use=l&cat=p&typeid=i","cat":325363},{"id":22900,"n":"Eau de Cologne Belles Saisons Lavande 250ml","p":1.69,"u":"6,76 €/L","img":"https://fd9-photos.leclercdrive.fr/image.ashx?id=2851655&use=l&cat=p&typeid=i","cat":291525},{"id":22902,"n":"Savon de Marseille Epsil Textiles délicats 400g","p":1.72,"u":"4,30 €/KG","img":"https://fd9-photos.leclercdrive.fr/image.ashx?id=2034938&use=l&cat=p&typeid=i","cat":284651},{"id":22960,"n":"Gants de ménage Mamison Taille M 1 paire","p":1.01,"img":"https://fd9-photos.leclercdrive.fr/image.ashx?id=2635679&use=l&cat=p&typeid=i","cat":284668},{"id":22963,"n":"Gants Mamison ultra résistant Taille M 1 paire","p":1.64,"img":"https://fd9-photos.leclercdrive.fr/image.ashx?id=676218&use=l&cat=p&typeid=i","cat":284668},{"id":22967,"n":"Tampon à récurer Mamison Surfaces fragiles xs","p":1.32,"u":"0,66 €/P","img":"https://fd9-photos.leclercdrive.fr/image.ashx?id=2669699&use=l&cat=p&typeid=i","cat":284667},{"id":22968,"n":"Eponges grattantes Mamison Surfaces délicates x2","p":1.49,"u":"0,75 €/P","img":"https://fd9-photos.leclercdrive.fr/image.ashx?id=2202392&use=l&cat=p&typeid=i","cat":284667},{"id":22969,"n":"Lavette Mamison multi-usages Microfibre plusieurs coloris x2","p":0.84,"u":"0,42 €/P","img":"https://fd9-photos.leclercdrive.fr/image.ashx?id=2595095&use=l&cat=p&typeid=i","cat":284667},{"id":22979,"n":"Gel nettoyant Inell visage Purifiant px norm. mixtes 150ml","p":2.58,"u":"17,20 €/L","img":"https://fd9-photos.leclercdrive.fr/image.ashx?id=1961443&use=l&cat=p&typeid=i","cat":284603},{"id":22996,"n":"Nettoyant détachant Clair Tapis moquettes 600ml","p":2.16,"u":"3,60 €/L","img":"https://fd9-photos.leclercdrive.fr/image.ashx?id=2242721&use=l&cat=p&typeid=i","cat":284907},{"id":23040,"n":"Café moulu Méo L'original Bio - 500g","p":8.33,"u":"16,66 €/KG","img":"https://fd9-photos.leclercdrive.fr/image.ashx?id=2571287&use=l&cat=p&typeid=i","cat":284750},{"id":23157,"n":"AOP Champagne Brut Nicolas Feuillatte - 75cl","p":27.18,"u":"36,24 €/L","img":"https://fd9-photos.leclercdrive.fr/image.ashx?id=2962791&use=l&cat=p&typeid=i","cat":284542},{"id":23169,"n":"Papier toilette Mimosa Blanc - Ultra Moelleux - x6","p":3.29,"u":"0,55 €/P","img":"https://fd9-photos.leclercdrive.fr/image.ashx?id=2777857&use=l&cat=p&typeid=i","cat":284634},{"id":23176,"n":"Pur jus de tomate Bio Village Bio - 1L","p":2.77,"u":"2,77 €/L","img":"https://fd9-photos.leclercdrive.fr/image.ashx?id=1871725&use=l&cat=p&typeid=i","cat":284523},{"id":23179,"n":"Pur jus 7 fruits Bio Village Bio - 1L","p":2.78,"u":"2,78 €/L","img":"https://fd9-photos.leclercdrive.fr/image.ashx?id=2901530&use=l&cat=p&typeid=i","cat":284917},{"id":23180,"n":"Rasoirs jetables Carré Homme 3 lames - x4","p":2.65,"img":"https://fd9-photos.leclercdrive.fr/image.ashx?id=2426088&use=l&cat=p&typeid=i","cat":284616},{"id":23182,"n":"Rasoirs jetables Siliss 3 lames - x4","p":1.99,"u":"0,50 €/P","img":"https://fd9-photos.leclercdrive.fr/image.ashx?id=1852842&use=l&cat=p&typeid=i","cat":325352},{"id":23188,"n":"Tomato Ketchup Heinz - 250g","p":1.06,"u":"4,24 €/KG","img":"https://fd9-photos.leclercdrive.fr/image.ashx?id=2943801&use=l&cat=p&typeid=i","cat":284455},{"id":23190,"n":"Mayonnaise AMORA Recette Fouettée - 398g","p":2.52,"u":"6,33 €/KG","img":"https://fd9-photos.leclercdrive.fr/image.ashx?id=2598684&use=l&cat=p&typeid=i","cat":298295},{"id":23216,"n":"Sauce Hollandaise Rustica 32g","p":0.64,"u":"20,00 €/KG","img":"https://fd9-photos.leclercdrive.fr/image.ashx?id=2965491&use=l&cat=p&typeid=i","cat":288381},{"id":23219,"n":"Sauce Pesto Turini Basilic - 185g","p":1.3,"u":"7,03 €/KG","img":"https://fd9-photos.leclercdrive.fr/image.ashx?id=2546248&use=l&cat=p&typeid=i","cat":287599},{"id":23221,"n":"Sauce Tomates Turini Basilic - 420g","p":1.15,"u":"2,74 €/KG","img":"https://fd9-photos.leclercdrive.fr/image.ashx?id=2487458&use=l&cat=p&typeid=i","cat":287599},{"id":23244,"n":"Désodorisant frigo Bien Air Sans parfum 40g","p":1.83,"u":"45,75 €/KG","img":"https://fd9-photos.leclercdrive.fr/image.ashx?id=2287737&use=l&cat=p&typeid=i","cat":311628},{"id":23249,"n":"Savon de Marseille Epsil Textiles délicats 4x200g","p":1.86,"u":"2,33 €/KG","img":"https://fd9-photos.leclercdrive.fr/image.ashx?id=2379591&use=l&cat=p&typeid=i","cat":284651},{"id":23252,"n":"Cubes allume-feu Silex Sans odeur 100% naturel x40","p":1.57,"u":"0,04 €/P","img":"https://fd9-photos.leclercdrive.fr/image.ashx?id=1304483&use=l&cat=p&typeid=i","cat":300578},{"id":23255,"n":"Déodorant Carré Homme Vétiver longue durée 200ml","p":1.35,"u":"6,75 €/L","img":"https://fd9-photos.leclercdrive.fr/image.ashx?id=2375992&use=l&cat=p&typeid=i","cat":284618},{"id":23304,"n":"Feuilletés paniers Côté Table Saumon - 4x100g","p":4.45,"u":"11,13 €/KG","img":"https://fd9-photos.leclercdrive.fr/image.ashx?id=2549400&use=l&cat=p&typeid=i","cat":319776},{"id":23363,"n":"Lait bébé poudre Nidal Nestlé 1er âge - 0-6 mois - 800g","p":12.94,"u":"16,18 €/KG","img":"https://fd9-photos.leclercdrive.fr/image.ashx?id=2811638&use=l&cat=p&typeid=i","cat":284726},{"id":23371,"n":"Mozzarella Maxi Les Croisés - 250g","p":1.86,"u":"7,44 €/KG","img":"https://fd9-photos.leclercdrive.fr/image.ashx?id=2133617&use=l&cat=p&typeid=i","cat":314026},{"id":23372,"n":"Ricotta Les Croisés - 250g","p":1.29,"u":"5,16 €/KG","img":"https://fd9-photos.leclercdrive.fr/image.ashx?id=2133294&use=l&cat=p&typeid=i","cat":314026},{"id":23381,"n":"Absorbeur humidité Foxter + 1 recharge neutre - 1kg","p":7.99,"u":"7,99 €/KG","img":"https://fd9-photos.leclercdrive.fr/image.ashx?id=2162330&use=l&cat=p&typeid=i","cat":300576},{"id":23411,"n":"Petits pains grillés Epi d'Or Froment - 400g","p":1.39,"u":"3,48 €/KG","img":"https://fd9-photos.leclercdrive.fr/image.ashx?id=2496413&use=l&cat=p&typeid=i","cat":284479},{"id":23416,"n":"Barquettes chats Tous mes amis Terrines 4 variétés - 4x85g","p":1.74,"u":"6,82 €/KG","img":"https://fd9-photos.leclercdrive.fr/image.ashx?id=2520026&use=l&cat=p&typeid=i","cat":285286},{"id":23429,"n":"Croquettes chat Tous mes amis Chatons - 2kg","p":4.07,"u":"2,04 €/KG","img":"https://fd9-photos.leclercdrive.fr/image.ashx?id=2710485&use=l&cat=p&typeid=i","cat":284680},{"id":23430,"n":"Croquettes chat Tous mes amis Lapin/volailles - 2kg","p":3.99,"u":"2,00 €/KG","img":"https://fd9-photos.leclercdrive.fr/image.ashx?id=2301605&use=l&cat=p&typeid=i","cat":284680},{"id":23432,"n":"Croquettes Lydog Petits chiens - Vollaile - 2kg","p":4.12,"u":"2,06 €/KG","img":"https://fd9-photos.leclercdrive.fr/image.ashx?id=2191126&use=l&cat=p&typeid=i","cat":294526},{"id":23434,"n":"Cacahuètes Tokapi Sans sel ajouté - 200g","p":0.76,"u":"3,80 €/KG","img":"https://fd9-photos.leclercdrive.fr/image.ashx?id=2858833&use=l&cat=p&typeid=i","cat":284448},{"id":23437,"n":"Maïs Notre Jardin Croquant - 285g","p":0.85,"u":"2,98 €/KG","img":"https://fd9-photos.leclercdrive.fr/image.ashx?id=2988048&use=l&cat=p&typeid=i","cat":312611},{"id":23438,"n":"Soufflés RingsTokapi Oignon - 60g","p":0.77,"u":"12,83 €/KG","img":"https://fd9-photos.leclercdrive.fr/image.ashx?id=2898838&use=l&cat=p&typeid=i","cat":284449},{"id":23439,"n":"Crème dessert Délisse Choco Billes bicompartiment 4x117g","p":1.99,"u":"4,25 €/KG","img":"https://fd9-photos.leclercdrive.fr/image.ashx?id=2965482&use=l&cat=p&typeid=i","cat":285041},{"id":23450,"n":"Yaourts aux fruits Délisse Fruits rouges - 8x125g","p":2.29,"u":"2,29 €/KG","img":"https://fd9-photos.leclercdrive.fr/image.ashx?id=2616736&use=l&cat=p&typeid=i","cat":284410},{"id":23452,"n":"Terrines chats Tous mes amis Viandes variées - 4x400g","p":3.74,"u":"2,34 €/KG","img":"https://fd9-photos.leclercdrive.fr/image.ashx?id=606862&use=l&cat=p&typeid=i","cat":285601},{"id":23520,"n":"Bloc de fromage Leerdammer L'Original - 500g","p":5.46,"u":"10,92 €/KG","img":"https://fd9-photos.leclercdrive.fr/image.ashx?id=2699035&use=l&cat=p&typeid=i","cat":314034},{"id":23522,"n":"Bûche de chèvre Les Croisés Format famililal 25%mg 300g","p":2.95,"u":"9,83 €/KG","img":"https://fd9-photos.leclercdrive.fr/image.ashx?id=1983439&use=l&cat=p&typeid=i","cat":314031},{"id":23543,"n":"Bière blonde Leffe 6,6% - 12x33cl","p":13.02,"u":"3,29 €/L","img":"https://fd9-photos.leclercdrive.fr/image.ashx?id=2811578&use=l&cat=p&typeid=i","cat":334852},{"id":23545,"n":"Rösti McCain 800g","p":2.14,"u":"2,68 €/KG","img":"https://fd9-photos.leclercdrive.fr/image.ashx?id=2988728&use=l&cat=p&typeid=i","cat":319792},{"id":23546,"n":"Poêlée savoyarde Marie Aux lardons fumés - 900g","p":4.72,"u":"5,24 €/KG","img":"https://fd9-photos.leclercdrive.fr/image.ashx?id=2996782&use=l&cat=p&typeid=i","cat":319823},{"id":23552,"n":"Lait bébé poudre Nidal Nestlé 2e âge -6-12 mois - 800g","p":10.82,"u":"13,53 €/KG","img":"https://fd9-photos.leclercdrive.fr/image.ashx?id=2805597&use=l&cat=p&typeid=i","cat":284727},{"id":23583,"n":"Crème Fraîche Elle&Vire Epaisse Entière - 30% MG - 33cl","p":1.81,"u":"5,48 €/L","img":"https://fd9-photos.leclercdrive.fr/image.ashx?id=3003333&use=l&cat=p&typeid=i","cat":284381},{"id":23595,"n":"Fromage raclette Les Croisés 3 poivres 26%mg 250g","p":2.99,"u":"11,96 €/KG","img":"https://fd9-photos.leclercdrive.fr/image.ashx?id=1539935&use=l&cat=p&typeid=i","cat":314037},{"id":23598,"n":"Fromage raclette Les Croisés Sans croûte - 28%mg - 400g","p":3.95,"u":"9,88 €/KG","img":"https://fd9-photos.leclercdrive.fr/image.ashx?id=2969752&use=l&cat=p&typeid=i","cat":314037},{"id":23631,"n":"Chocolat noir Equador Mini carrés 72% cacao 200g","p":4.35,"u":"21,75 €/KG","img":"https://fd9-photos.leclercdrive.fr/image.ashx?id=2856483&use=l&cat=p&typeid=i","cat":284956},{"id":23636,"n":"Bouillon de volaille Rustica Dégraissé - Tablettes 12x10g","p":1.32,"u":"11,00 €/KG","img":"https://fd9-photos.leclercdrive.fr/image.ashx?id=1880033&use=l&cat=p&typeid=i","cat":288379},{"id":23642,"n":"Huile spéciale fondue Rustica Aux aromates - 1L","p":3.46,"u":"3,46 €/L","img":"https://fd9-photos.leclercdrive.fr/image.ashx?id=2546245&use=l&cat=p&typeid=i","cat":284453},{"id":23709,"n":"Riz à la Cantonaise Marie 900g","p":5.05,"u":"5,61 €/KG","img":"https://fd9-photos.leclercdrive.fr/image.ashx?id=2996791&use=l&cat=p&typeid=i","cat":284254},{"id":23712,"n":"Saumon fumé Eco+ Atlantique - 200g","p":4.67,"u":"23,35 €/KG","img":"https://fd9-photos.leclercdrive.fr/image.ashx?id=2815725&use=l&cat=p&typeid=i","cat":285188},{"id":23725,"n":"Liquide vaisselle Eco+ Pomme - 1L","p":0.74,"u":"0,74 €/L","img":"https://fd9-photos.leclercdrive.fr/image.ashx?id=2044543&use=l&cat=p&typeid=i","cat":284655},{"id":23726,"n":"Aluminium Eco+ 30m","p":1.91,"u":"0,06 €/MT","img":"https://fd9-photos.leclercdrive.fr/image.ashx?id=1732733&use=l&cat=p&typeid=i","cat":334134},{"id":23727,"n":"Sacs poubelle 100L Eco+ x10","p":0.78,"u":"0,08 €/P","img":"https://fd9-photos.leclercdrive.fr/image.ashx?id=1904753&use=l&cat=p&typeid=i","cat":285168},{"id":23728,"n":"Huile de tournesol Eco+ 1L","p":1.63,"u":"1,63 €/L","img":"https://fd9-photos.leclercdrive.fr/image.ashx?id=2913636&use=l&cat=p&typeid=i","cat":284453},{"id":23729,"n":"Tomato Ketchup Eco+ 560g","p":0.88,"u":"1,57 €/KG","img":"https://fd9-photos.leclercdrive.fr/image.ashx?id=2954328&use=l&cat=p&typeid=i","cat":284455},{"id":23753,"n":"Alcool modifié Primoplast 70° 250ml","p":2.2,"u":"8,80 €/L","img":"https://fd9-photos.leclercdrive.fr/image.ashx?id=2856495&use=l&cat=p&typeid=i","cat":284630},{"id":23754,"n":"Eau oxygénée Primoplast 250ml","p":1.86,"u":"7,44 €/L","img":"https://fd9-photos.leclercdrive.fr/image.ashx?id=2832936&use=l&cat=p&typeid=i","cat":284630},{"id":23782,"n":"Mi-bas voile résistant Tissaia Beige rosé taille unique - x3","p":2.7,"u":"0,90 €/P","img":"https://fd9-photos.leclercdrive.fr/image.ashx?id=2193353&use=l&cat=p&typeid=i","cat":334130},{"id":23791,"n":"Tartines craquantes Epi d'Or Au blé complet - 250g","p":1.29,"u":"5,16 €/KG","img":"https://fd9-photos.leclercdrive.fr/image.ashx?id=2530299&use=l&cat=p&typeid=i","cat":284479},{"id":23794,"n":"Pain grillé Epi d'Or Blé complet x24 - 500g","p":1.72,"u":"3,44 €/KG","img":"https://fd9-photos.leclercdrive.fr/image.ashx?id=2610696&use=l&cat=p&typeid=i","cat":284479},{"id":23797,"n":"Lentilles vertes Bio Village Bio 500g","p":2.15,"u":"4,30 €/KG","img":"https://fd9-photos.leclercdrive.fr/image.ashx?id=2120317&use=l&cat=p&typeid=i","cat":284430},{"id":23798,"n":"Riz Risotto Comptoir du Grain 500g","p":1.42,"u":"2,84 €/KG","img":"https://fd9-photos.leclercdrive.fr/image.ashx?id=2363283&use=l&cat=p&typeid=i","cat":284428},{"id":23799,"n":"Riz rond Comptoir du Grain Dessert - 1kg","p":1.94,"u":"1,94 €/KG","img":"https://fd9-photos.leclercdrive.fr/image.ashx?id=1957084&use=l&cat=p&typeid=i","cat":284428},{"id":23827,"n":"Cordon Bleu poulet Père Dodu  Les Bons plans x10 - 1kg","p":5.88,"u":"5,88 €/KG","img":"https://fd9-photos.leclercdrive.fr/image.ashx?id=2971095&use=l&cat=p&typeid=i","cat":333683},{"id":23936,"n":"Fromage blanc jockey Stracciatella - 4x120g","p":1.98,"u":"4,13 €/KG","img":"https://fd9-photos.leclercdrive.fr/image.ashx?id=2280011&use=l&cat=p&typeid=i","cat":314999},{"id":23967,"n":"Lait demi-écrémé Grandlait Candia Bouteille - 6x50cl","p":5.17,"u":"1,72 €/L","img":"https://fd9-photos.leclercdrive.fr/image.ashx?id=2916195&use=l&cat=p&typeid=i","cat":284377},{"id":23968,"n":"Roquefort AOP Les Croisés Tranché 150g","p":2.29,"u":"15,27 €/KG","img":"https://fd9-photos.leclercdrive.fr/image.ashx?id=2676537&use=l&cat=p&typeid=i","cat":314032},{"id":23973,"n":"Fusili Côté Snack Pâtes Carbonara - 300g","p":1.89,"u":"6,30 €/KG","img":"https://fd9-photos.leclercdrive.fr/image.ashx?id=2517682&use=l&cat=p&typeid=i","cat":334983},{"id":24035,"n":"Echalotes semoule Rustica 36g","p":1.29,"u":"35,83 €/KG","img":"https://fd9-photos.leclercdrive.fr/image.ashx?id=1209302&use=l&cat=p&typeid=i","cat":298297},{"id":24043,"n":"Thé vert Britley Menthe x25 sachets - 40g","p":0.79,"u":"19,75 €/KG","img":"https://fd9-photos.leclercdrive.fr/image.ashx?id=2441285&use=l&cat=p&typeid=i","cat":293233},{"id":24049,"n":"Pâtée chats Tous mes amis Thon en sauce - 80g","p":0.99,"u":"12,38 €/KG","img":"https://fd9-photos.leclercdrive.fr/image.ashx?id=2450306&use=l&cat=p&typeid=i","cat":285601},{"id":24050,"n":"Pâtée chats Tous mes amis Poulet en sauce - 80g","p":0.99,"u":"12,38 €/KG","img":"https://fd9-photos.leclercdrive.fr/image.ashx?id=2450309&use=l&cat=p&typeid=i","cat":285601},{"id":24051,"n":"Pâtée pour chats Tous mes amis Thon aux crevettes - 80g","p":0.99,"u":"12,38 €/KG","img":"https://fd9-photos.leclercdrive.fr/image.ashx?id=1971897&use=l&cat=p&typeid=i","cat":285601},{"id":24081,"n":"Mayonnaise Fins Gourmets MAILLE Bocal - 320g","p":2.35,"u":"7,34 €/KG","img":"https://fd9-photos.leclercdrive.fr/image.ashx?id=2812750&use=l&cat=p&typeid=i","cat":298295},{"id":24082,"n":"Mayonnaise Fine MAILLE Qualité Traiteur Bocal - 320g","p":2.32,"u":"7,25 €/KG","img":"https://fd9-photos.leclercdrive.fr/image.ashx?id=2908369&use=l&cat=p&typeid=i","cat":298295},{"id":24083,"n":"Nuggets de Poulet  Père Dodu  x50 - 1kg - Les Bons plans","p":6.09,"u":"6,09 €/KG","img":"https://fd9-photos.leclercdrive.fr/image.ashx?id=2957086&use=l&cat=p&typeid=i","cat":333684},{"id":24094,"n":"Jus de pommes pressées Andros 1,5L","p":3.79,"u":"2,53 €/L","img":"https://fd9-photos.leclercdrive.fr/image.ashx?id=2902981&use=l&cat=p&typeid=i","cat":285435},{"id":24162,"n":"Vinaigre balsamique Bio Village Bio 50cl","p":3.49,"u":"6,98 €/L","img":"https://fd9-photos.leclercdrive.fr/image.ashx?id=2346095&use=l&cat=p&typeid=i","cat":298543},{"id":24163,"n":"Infusion Tiséa Tilleul Citron 25 sachets 34g","p":1.69,"u":"48,29 €/KG","img":"https://fd9-photos.leclercdrive.fr/image.ashx?id=2441282&use=l&cat=p&typeid=i","cat":293234},{"id":24164,"n":"Thé vert Briley 32.5g","p":0.79,"u":"24,69 €/KG","img":"https://fd9-photos.leclercdrive.fr/image.ashx?id=2441279&use=l&cat=p&typeid=i","cat":293233},{"id":24293,"n":"Céréales Extra Kellogg's Chocolat Noir Noisettes - 500g","p":3.23,"u":"6,46 €/KG","img":"https://fd9-photos.leclercdrive.fr/image.ashx?id=2692284&use=l&cat=p&typeid=i","cat":309512},{"id":24350,"n":"Lingettes rince doigt Clair x24","p":1.96,"u":"0,08 €/P","img":"https://fd9-photos.leclercdrive.fr/image.ashx?id=1883834&use=l&cat=p&typeid=i","cat":325358},{"id":24390,"n":"Pétales de blé Eco+ Chocolat - 750g","p":2.04,"u":"2,72 €/KG","img":"https://fd9-photos.leclercdrive.fr/image.ashx?id=2260553&use=l&cat=p&typeid=i","cat":309513},{"id":24492,"n":"Blanc de poulet Tradilège Doré à la broche - 120g","p":1.39,"u":"11,58 €/KG","img":"https://fd9-photos.leclercdrive.fr/image.ashx?id=1736041&use=l&cat=p&typeid=i","cat":316010},{"id":24495,"n":"Capsules Nescafé Dolce Gusto  Nesquik - x16","p":4.32,"u":"16,88 €/KG","img":"https://fd9-photos.leclercdrive.fr/image.ashx?id=2946634&use=l&cat=p&typeid=i","cat":293239},{"id":24500,"n":"Pain de mie nature Epi d'Or Sans croute - 500g","p":1.39,"u":"2,78 €/KG","img":"https://fd9-photos.leclercdrive.fr/image.ashx?id=2209282&use=l&cat=p&typeid=i","cat":284477},{"id":24642,"n":"Déodorant Rexona Confidence Stick anti-transpirant - 45ml","p":4.02,"u":"89,33 €/L","img":"https://fd9-photos.leclercdrive.fr/image.ashx?id=2738194&use=l&cat=p&typeid=i","cat":284595},{"id":24652,"n":"Déodorant Stick Rexona Anti- Transpirant CleanScent 96H 45ml","p":3.38,"u":"75,11 €/L","img":"https://fd9-photos.leclercdrive.fr/image.ashx?id=2895101&use=l&cat=p&typeid=i","cat":284595},{"id":24666,"n":"Roquefort AOP Société Fromage de brebis - 100g","p":2.72,"u":"27,20 €/KG","img":"https://fd9-photos.leclercdrive.fr/image.ashx?id=2729683&use=l&cat=p&typeid=i","cat":314032},{"id":24672,"n":"Lait Matin Léger Lactel Sans lactose écrémé - 6x1l","p":11.76,"u":"1,96 €/L","img":"https://fd9-photos.leclercdrive.fr/image.ashx?id=2883546&use=l&cat=p&typeid=i","cat":317169},{"id":24694,"n":"Brosses à dent souple Dentamyl x4","p":0.99,"u":"0,25 €/P","img":"https://fd9-photos.leclercdrive.fr/image.ashx?id=2790946&use=l&cat=p&typeid=i","cat":284614},{"id":24759,"n":"Mini nems Tables du Monde porc x5/poulet x5 +sauce - 220g","p":2.99,"u":"13,59 €/KG","img":"https://fd9-photos.leclercdrive.fr/image.ashx?id=2613276&use=l&cat=p&typeid=i","cat":333673},{"id":24790,"n":"Oeufs De Nos Villages Plein air - Gros - x6","p":1.63,"u":"0,27 €/P","img":"https://fd9-photos.leclercdrive.fr/image.ashx?id=2228927&use=l&cat=p&typeid=i","cat":284378},{"id":24906,"n":"Mozzarella mini billes  Les Croisés - 150g","p":1.7,"u":"11,33 €/KG","img":"https://fd9-photos.leclercdrive.fr/image.ashx?id=2463468&use=l&cat=p&typeid=i","cat":314026},{"id":24972,"n":"Chèvre à dorer Les Croisés x4 - 100g","p":1.77,"u":"17,70 €/KG","img":"https://fd9-photos.leclercdrive.fr/image.ashx?id=2460592&use=l&cat=p&typeid=i","cat":314027},{"id":24977,"n":"Pain hot dog Jacquet x4 -  240g","p":1.59,"u":"6,63 €/KG","img":"https://fd9-photos.leclercdrive.fr/image.ashx?id=2799293&use=l&cat=p&typeid=i","cat":284985},{"id":25006,"n":"Sauce béchamel Maggi Saveur à l'ancienne sachet -60g","p":0.59,"u":"9,83 €/KG","img":"https://fd9-photos.leclercdrive.fr/image.ashx?id=2697297&use=l&cat=p&typeid=i","cat":288381},{"id":25010,"n":"Barres Chocolatées KINDER Maxi Chocolat au Lait x10 - 210g","p":3.03,"u":"14,43 €/KG","img":"https://fd9-photos.leclercdrive.fr/image.ashx?id=2679609&use=l&cat=p&typeid=i","cat":284498},{"id":25027,"n":"Pots soir bébé bio Babybio Légumes riz - 6 mois - 2x200g","p":2.59,"u":"6,48 €/KG","img":"https://fd9-photos.leclercdrive.fr/image.ashx?id=2833474&use=l&cat=p&typeid=i","cat":312239},{"id":25035,"n":"Salade Menu Fraîcheur Concombre au fromage blanc 300g","p":1.64,"u":"5,47 €/KG","img":"https://fd9-photos.leclercdrive.fr/image.ashx?id=2727632&use=l&cat=p&typeid=i","cat":333657},{"id":25044,"n":"Nettoyant spray Clair Salle de bain - Mousse - 600ml","p":1.99,"u":"3,32 €/L","img":"https://fd9-photos.leclercdrive.fr/image.ashx?id=1705620&use=l&cat=p&typeid=i","cat":325357},{"id":25051,"n":"Boulettes de boeuf Férial x30 - 900g","p":7.48,"u":"8,31 €/KG","img":"https://fd9-photos.leclercdrive.fr/image.ashx?id=1499692&use=l&cat=p&typeid=i","cat":319779},{"id":25061,"n":"Cornichons Rustica Vinaigre - 360g","p":1.65,"u":"4,58 €/KG","img":"https://fd9-photos.leclercdrive.fr/image.ashx?id=2799763&use=l&cat=p&typeid=i","cat":284458},{"id":25064,"n":"Film étirable Alfapac Extensible auto-adhérent 50m","p":2.07,"img":"https://fd9-photos.leclercdrive.fr/image.ashx?id=2918271&use=l&cat=p&typeid=i","cat":334134},{"id":25067,"n":"Oeufs frais De Nos Régions Plein Air - Label Rouge - x12","p":3.58,"u":"0,30 €/P","img":"https://fd9-photos.leclercdrive.fr/image.ashx?id=1512897&use=l&cat=p&typeid=i","cat":284378},{"id":25068,"n":"Oeufs frais De Nos Régions Plein Air - Label rouge - x6","p":1.79,"u":"0,30 €/P","img":"https://fd9-photos.leclercdrive.fr/image.ashx?id=2969731&use=l&cat=p&typeid=i","cat":284378},{"id":25079,"n":"Mozzarella bufala Casa Azzurra Boule - 125g","p":2.14,"u":"17,12 €/KG","img":"https://fd9-photos.leclercdrive.fr/image.ashx?id=2899533&use=l&cat=p&typeid=i","cat":314026},{"id":25093,"n":"Yaourts brassés Délisse Fruits jaunes - 8x125 g","p":2.28,"u":"2,28 €/KG","img":"https://fd9-photos.leclercdrive.fr/image.ashx?id=2495536&use=l&cat=p&typeid=i","cat":284410},{"id":25095,"n":"Yaourts brassés Délisse Fruits rouges - 8X125g","p":2.27,"u":"2,27 €/KG","img":"https://fd9-photos.leclercdrive.fr/image.ashx?id=2494217&use=l&cat=p&typeid=i","cat":284410},{"id":25124,"n":"Pur jus Multifruits Bio Village Bio - 6x20cl","p":3.11,"u":"2,59 €/L","img":"https://fd9-photos.leclercdrive.fr/image.ashx?id=2843626&use=l&cat=p&typeid=i","cat":284524},{"id":25125,"n":"Pur jus d'orange Bio Village Bio - 6x20cl","p":2.99,"u":"2,49 €/L","img":"https://fd9-photos.leclercdrive.fr/image.ashx?id=2047076&use=l&cat=p&typeid=i","cat":284521},{"id":25204,"n":"Petits pois d'aucy  Tendres et fondants - 560g","p":2.02,"u":"3,61 €/KG","img":"https://fd9-photos.leclercdrive.fr/image.ashx?id=2438126&use=l&cat=p&typeid=i","cat":312607},{"id":25207,"n":"Cornichons Rustica Extra fins - 185g","p":1.28,"u":"6,92 €/KG","img":"https://fd9-photos.leclercdrive.fr/image.ashx?id=2799760&use=l&cat=p&typeid=i","cat":284458},{"id":25220,"n":"Cotons Démaquillants Demak'Up Sensitive - Disques x64","p":1.13,"u":"0,02 €/P","img":"https://fd9-photos.leclercdrive.fr/image.ashx?id=2966983&use=l&cat=p&typeid=i","cat":285593},{"id":25283,"n":"Barres céréales Grany Pommes - 125g","p":1.84,"u":"14,72 €/KG","img":"https://fd9-photos.leclercdrive.fr/image.ashx?id=3002093&use=l&cat=p&typeid=i","cat":285869},{"id":25321,"n":"Protège pieds Tissaia T35/37 noir - x2","p":3.5,"u":"1,75 €/P","img":"https://fd9-photos.leclercdrive.fr/image.ashx?id=2193371&use=l&cat=p&typeid=i","cat":334130},{"id":25322,"n":"Protège pied Tissaia Taille 38/41 noir x2","p":3.5,"u":"1,75 €/P","img":"https://fd9-photos.leclercdrive.fr/image.ashx?id=2193377&use=l&cat=p&typeid=i","cat":334130},{"id":25323,"n":"Protège pieds opaque Tissaia  T35/37 beige - x2","p":3.5,"u":"1,75 €/P","img":"https://fd9-photos.leclercdrive.fr/image.ashx?id=2193374&use=l&cat=p&typeid=i","cat":334130},{"id":25337,"n":"Café moulu L'Or Absolu 100% Arabica - 2x250g","p":9.37,"u":"18,74 €/KG","img":"https://fd9-photos.leclercdrive.fr/image.ashx?id=2294935&use=l&cat=p&typeid=i","cat":284750},{"id":25342,"n":"Céréales Trésor Kellogg's Chocolat au lait - 1kg","p":6.07,"u":"6,07 €/KG","img":"https://fd9-photos.leclercdrive.fr/image.ashx?id=2598319&use=l&cat=p&typeid=i","cat":309513},{"id":25366,"n":"Tablette de chocolat noir Lindt 90% cacao - 100g","p":2.19,"u":"21,90 €/KG","img":"https://fd9-photos.leclercdrive.fr/image.ashx?id=2689502&use=l&cat=p&typeid=i","cat":284956},{"id":25370,"n":"Tablette chocolat Côte d'Or Chocolat lait/Noisettes - 200g","p":4.24,"u":"21,20 €/KG","img":"https://fd9-photos.leclercdrive.fr/image.ashx?id=2961218&use=l&cat=p&typeid=i","cat":284497},{"id":25372,"n":"Tablette chocolat Milka Au lait du pays Alpin - 200g","p":2.58,"u":"12,90 €/KG","img":"https://fd9-photos.leclercdrive.fr/image.ashx?id=2994455&use=l&cat=p&typeid=i","cat":284497},{"id":25424,"n":"Pâtes Farfalle Panzani 1kg","p":1.97,"u":"1,97 €/KG","img":"https://fd9-photos.leclercdrive.fr/image.ashx?id=2876047&use=l&cat=p&typeid=i","cat":284427},{"id":25425,"n":"Biscuits apéritif Lay's 3D's Goût Cacahuetes - 85g","p":0.77,"u":"9,06 €/KG","img":"https://fd9-photos.leclercdrive.fr/image.ashx?id=2916824&use=l&cat=p&typeid=i","cat":284449},{"id":25445,"n":"Lait poudre Croissance Modilac  De 12 mois à 36 mois - 800g","p":13.34,"u":"16,68 €/KG","img":"https://fd9-photos.leclercdrive.fr/image.ashx?id=2873390&use=l&cat=p&typeid=i","cat":290219},{"id":25465,"n":"Recharge distributeur Canderel Comprimés x600 - 51g","p":4.69,"u":"91,96 €/KG","img":"https://fd9-photos.leclercdrive.fr/image.ashx?id=2811008&use=l&cat=p&typeid=i","cat":324846},{"id":25485,"n":"Miel de fleurs Lune de Miel Spécialités 500g","p":4.3,"u":"8,60 €/KG","img":"https://fd9-photos.leclercdrive.fr/image.ashx?id=2972409&use=l&cat=p&typeid=i","cat":287643},{"id":25493,"n":"Bouillon Cube Maggi Pot au feu - 180g","p":1.57,"u":"8,72 €/KG","img":"https://fd9-photos.leclercdrive.fr/image.ashx?id=2212315&use=l&cat=p&typeid=i","cat":288379},{"id":25515,"n":"Eau minérale naturelle Vittel 6x1L","p":2.41,"u":"0,40 €/L","img":"https://fd9-photos.leclercdrive.fr/image.ashx?id=2276654&use=l&cat=p&typeid=i","cat":284535},{"id":25540,"n":"Soda à l'orange Orangina 4x50cl","p":4.36,"u":"2,18 €/L","img":"https://fd9-photos.leclercdrive.fr/image.ashx?id=2574952&use=l&cat=p&typeid=i","cat":284532},{"id":25541,"n":"Soda à l'orange Orangina 6x25cl","p":4.16,"u":"2,77 €/L","img":"https://fd9-photos.leclercdrive.fr/image.ashx?id=2495653&use=l&cat=p&typeid=i","cat":284532},{"id":25550,"n":"Soda Schweppes Indian Tonic Zero - 1,5L","p":1.68,"u":"1,12 €/L","img":"https://fd9-photos.leclercdrive.fr/image.ashx?id=2852393&use=l&cat=p&typeid=i","cat":284531},{"id":25554,"n":"Soda Schweppes Saveur Citron Zero - 1,5L","p":1.7,"u":"1,13 €/L","img":"https://fd9-photos.leclercdrive.fr/image.ashx?id=2852396&use=l&cat=p&typeid=i","cat":284532},{"id":25567,"n":"Jus d'orange Jafaden A base de concentré  - 2L","p":3.51,"u":"1,76 €/L","img":"https://fd9-photos.leclercdrive.fr/image.ashx?id=2470231&use=l&cat=p&typeid=i","cat":284521},{"id":25575,"n":"Limonade artisanale Lorina Bouteille - 1L","p":2.98,"u":"2,98 €/L","img":"https://fd9-photos.leclercdrive.fr/image.ashx?id=2735137&use=l&cat=p&typeid=i","cat":284531},{"id":25576,"n":"Limonade Cristal Lorina 1,25L","p":2.21,"u":"1,77 €/L","img":"https://fd9-photos.leclercdrive.fr/image.ashx?id=2575555&use=l&cat=p&typeid=i","cat":284531},{"id":25589,"n":"Nectar Bio Pressade Orange pêche abricot - 1,5L","p":2.61,"u":"1,74 €/L","img":"https://fd9-photos.leclercdrive.fr/image.ashx?id=2732503&use=l&cat=p&typeid=i","cat":284521},{"id":25593,"n":"Boisson aux fruits Capri Sun Multivitaminé - 10x20cl","p":3.43,"u":"1,72 €/L","img":"https://fd9-photos.leclercdrive.fr/image.ashx?id=2447067&use=l&cat=p&typeid=i","cat":295018},{"id":25596,"n":"Nectar Bio Pressade Multifruits - 6x20cl","p":2.55,"u":"2,13 €/L","img":"https://fd9-photos.leclercdrive.fr/image.ashx?id=2732518&use=l&cat=p&typeid=i","cat":284524},{"id":25609,"n":"Saucisses aux lentilles  William Saurin- 840g","p":3.4,"u":"4,05 €/KG","img":"https://fd9-photos.leclercdrive.fr/image.ashx?id=2890070&use=l&cat=p&typeid=i","cat":284441},{"id":25614,"n":"Boisson Citronnade Pulco Citron - 1,5L","p":2.14,"u":"1,43 €/L","img":"https://fd9-photos.leclercdrive.fr/image.ashx?id=2941526&use=l&cat=p&typeid=i","cat":295018},{"id":25630,"n":"Taboulé Menu Fraîcheur Poulet - 500g","p":2.11,"u":"4,22 €/KG","img":"https://fd9-photos.leclercdrive.fr/image.ashx?id=2645927&use=l&cat=p&typeid=i","cat":333657},{"id":25632,"n":"Vodka Absolut 40% vol - 70cl","p":17.72,"u":"25,31 €/L","img":"https://fd9-photos.leclercdrive.fr/image.ashx?id=2887239&use=l&cat=p&typeid=i","cat":284550},{"id":25663,"n":"Chips à l'ancienne Pom'Lisse Nature - 270g","p":1.85,"u":"6,85 €/KG","img":"https://fd9-photos.leclercdrive.fr/image.ashx?id=2441300&use=l&cat=p&typeid=i","cat":284447},{"id":25669,"n":"Pâtes de fruits rouges NRT   De Provence - 180g","p":3.55,"u":"19,72 €/KG","img":"https://fd9-photos.leclercdrive.fr/image.ashx?id=2771049&use=l&cat=p&typeid=i","cat":284499},{"id":25670,"n":"Pâtes de fruits jaunes NRT De Provence - 180g","p":3.55,"u":"19,72 €/KG","img":"https://fd9-photos.leclercdrive.fr/image.ashx?id=2771052&use=l&cat=p&typeid=i","cat":284499},{"id":25685,"n":"Bouillon Cube Maggi Boeuf - 180g","p":1.45,"u":"8,06 €/KG","img":"https://fd9-photos.leclercdrive.fr/image.ashx?id=2882896&use=l&cat=p&typeid=i","cat":288379},{"id":25686,"n":"Bouillon Cube Maggi Volaille - 180g","p":1.42,"u":"7,89 €/KG","img":"https://fd9-photos.leclercdrive.fr/image.ashx?id=2737003&use=l&cat=p&typeid=i","cat":288379},{"id":25689,"n":"AOC Coteaux Varois rosé Terres de Saint-Louis - 75cl","p":4.99,"u":"6,65 €/L","img":"https://fd9-photos.leclercdrive.fr/image.ashx?id=2105905&use=l&cat=p&typeid=i","cat":289558},{"id":25703,"n":"Rousquilles fondantes NRT 200g","p":2.15,"u":"10,75 €/KG","img":"https://fd9-photos.leclercdrive.fr/image.ashx?id=2663812&use=l&cat=p&typeid=i","cat":284487},{"id":25724,"n":"Huile d'olive puissante Puget Vierge extra - 75cl","p":12.43,"u":"16,57 €/L","img":"https://fd9-photos.leclercdrive.fr/image.ashx?id=2980929&use=l&cat=p&typeid=i","cat":284453},{"id":25739,"n":"Bûche de chèvre Les Croisés Fondante 22%mg - 180g","p":1.84,"u":"10,22 €/KG","img":"https://fd9-photos.leclercdrive.fr/image.ashx?id=2565500&use=l&cat=p&typeid=i","cat":314031},{"id":25742,"n":"Macédoine Menu Fraîcheur  Légumes - 300g","p":1.59,"u":"5,30 €/KG","img":"https://fd9-photos.leclercdrive.fr/image.ashx?id=2645909&use=l&cat=p&typeid=i","cat":333657},{"id":25743,"n":"Mascarpone Les Croisés - 500g","p":3.08,"u":"6,16 €/KG","img":"https://fd9-photos.leclercdrive.fr/image.ashx?id=2992537&use=l&cat=p&typeid=i","cat":314026},{"id":25744,"n":"Nems au Poulet Tables du Monde  x4  - 280g","p":1.79,"u":"6,39 €/KG","img":"https://fd9-photos.leclercdrive.fr/image.ashx?id=2610702&use=l&cat=p&typeid=i","cat":333673},{"id":25746,"n":"Saucisse de volaille Tradilège  x10 350g","p":1.46,"u":"4,17 €/KG","img":"https://fd9-photos.leclercdrive.fr/image.ashx?id=2625110&use=l&cat=p&typeid=i","cat":316012},{"id":25748,"n":"Hachés au colin d'Alaska Pêche Océan - 200g","p":2.24,"u":"11,20 €/KG","img":"https://fd9-photos.leclercdrive.fr/image.ashx?id=2481487&use=l&cat=p&typeid=i","cat":284344},{"id":25749,"n":"Hachés au saumon Pêche Océan à la ciboulette - 200g","p":2.25,"u":"11,25 €/KG","img":"https://fd9-photos.leclercdrive.fr/image.ashx?id=2953632&use=l&cat=p&typeid=i","cat":284344},{"id":25753,"n":"Génoises fourrées Eco+ Framboise - 300g","p":1.9,"u":"6,33 €/KG","img":"https://fd9-photos.leclercdrive.fr/image.ashx?id=2477532&use=l&cat=p&typeid=i","cat":284489},{"id":25759,"n":"Barquettes chats Gourmet Gold Double délice luxe mix - 12x85g","p":5.76,"u":"5,65 €/KG","img":"https://fd9-photos.leclercdrive.fr/image.ashx?id=2857096&use=l&cat=p&typeid=i","cat":285286},{"id":25762,"n":"Bâtonnets Dentastix Pedigree Grand chien x28 - 1080g","p":8.28,"u":"7,67 €/KG","img":"https://fd9-photos.leclercdrive.fr/image.ashx?id=2924776&use=l&cat=p&typeid=i","cat":294527},{"id":25764,"n":"Olives noires Tramier Dénoyautées - 150g","p":1.45,"u":"9,67 €/KG","img":"https://fd9-photos.leclercdrive.fr/image.ashx?id=2840814&use=l&cat=p&typeid=i","cat":284458},{"id":25765,"n":"Céréales Nestlé Mix Chocapic, Lion, Nesquik x6","p":2.22,"u":"11,68 €/KG","img":"https://fd9-photos.leclercdrive.fr/image.ashx?id=2981364&use=l&cat=p&typeid=i","cat":309513},{"id":25779,"n":"Yaourts Lait de chèvre Soignon Nature - 4x125g","p":2.19,"u":"4,38 €/KG","img":"https://fd9-photos.leclercdrive.fr/image.ashx?id=2518250&use=l&cat=p&typeid=i","cat":314998},{"id":25790,"n":"Sucre pure canne Bio Village En morceaux bio - 500g","p":2.09,"u":"4,18 €/KG","img":"https://fd9-photos.leclercdrive.fr/image.ashx?id=3010440&use=l&cat=p&typeid=i","cat":284502},{"id":25793,"n":"AOP Côtes du Rhône rouge Cellier des Dauphins - BIB 3L","p":11.33,"u":"3,78 €/L","img":"https://fd9-photos.leclercdrive.fr/image.ashx?id=2830006&use=l&cat=p&typeid=i","cat":289560},{"id":25801,"n":"Lingettes Wc Syphon Désinfectantes x40","p":2.2,"img":"https://fd9-photos.leclercdrive.fr/image.ashx?id=1905479&use=l&cat=p&typeid=i","cat":325358},{"id":25805,"n":"Légumes pour pot au feu Panier du Primeur - 1kg","p":2.49,"u":"2,49 €/KG","img":"https://fd9-photos.leclercdrive.fr/image.ashx?id=2958717&use=l&cat=p&typeid=i","cat":284352},{"id":25806,"n":"Lingettes bébé H2O Biolane Epaisses - x72","p":1.74,"u":"0,02 €/P","img":"https://fd9-photos.leclercdrive.fr/image.ashx?id=2877910&use=l&cat=p&typeid=i","cat":284738},{"id":25808,"n":"Protection incontinence Chorys Homme - Important - x20","p":5.38,"u":"0,27 €/P","img":"https://fd9-photos.leclercdrive.fr/image.ashx?id=2672933&use=l&cat=p&typeid=i","cat":291514},{"id":25811,"n":"Salade Coleslaw Menu Fraîcheur  500g","p":1.83,"u":"3,66 €/KG","img":"https://fd9-photos.leclercdrive.fr/image.ashx?id=2645930&use=l&cat=p&typeid=i","cat":333657},{"id":25819,"n":"Feuilletés Jambon Emmental Coté Table - 2x140g","p":2.99,"u":"10,68 €/KG","img":"https://fd9-photos.leclercdrive.fr/image.ashx?id=2065035&use=l&cat=p&typeid=i","cat":333671},{"id":25820,"n":"Flammekueche Coté Table 350g","p":1.88,"u":"5,37 €/KG","img":"https://fd9-photos.leclercdrive.fr/image.ashx?id=2064819&use=l&cat=p&typeid=i","cat":333680},{"id":25822,"n":"Fromage à tartiner Les Croisés Nature - 24%mg - 300g","p":1.84,"u":"6,13 €/KG","img":"https://fd9-photos.leclercdrive.fr/image.ashx?id=1630699&use=l&cat=p&typeid=i","cat":314029},{"id":25825,"n":"Fromage de brebis Les Croisés 210g","p":2.86,"u":"13,62 €/KG","img":"https://fd9-photos.leclercdrive.fr/image.ashx?id=2198038&use=l&cat=p&typeid=i","cat":329184},{"id":25836,"n":"Choucroute garnie  William Saurin - 800g","p":3.96,"u":"4,95 €/KG","img":"https://fd9-photos.leclercdrive.fr/image.ashx?id=2890058&use=l&cat=p&typeid=i","cat":284441},{"id":25841,"n":"Couscous Tipiak  Prêt en 1 min 30 s - 500g","p":1.32,"u":"2,64 €/KG","img":"https://fd9-photos.leclercdrive.fr/image.ashx?id=2640431&use=l&cat=p&typeid=i","cat":284429},{"id":25854,"n":"Mignonnettes Côte d'Or Chocolat noir /orange - 24x10g","p":4.98,"u":"20,75 €/KG","img":"https://fd9-photos.leclercdrive.fr/image.ashx?id=3009152&use=l&cat=p&typeid=i","cat":284499},{"id":25856,"n":"Olives vertes La Ciota Farcies anchois - 120g","p":1.9,"u":"15,83 €/KG","img":"https://fd9-photos.leclercdrive.fr/image.ashx?id=2296575&use=l&cat=p&typeid=i","cat":284458},{"id":25868,"n":"Flocons d'avoine Quaker Oats Classic - 800g","p":2.24,"u":"2,80 €/KG","img":"https://fd9-photos.leclercdrive.fr/image.ashx?id=2344498&use=l&cat=p&typeid=i","cat":309512},{"id":25879,"n":"Bâtonnets Dentastix Pedigree Petit chien x28 - 440g","p":5.38,"u":"12,23 €/KG","img":"https://fd9-photos.leclercdrive.fr/image.ashx?id=2877106&use=l&cat=p&typeid=i","cat":294527},{"id":25884,"n":"Carrés chocolat Côte d'Or Chocolat lait Noisettes -10x20g","p":4.8,"u":"24,00 €/KG","img":"https://fd9-photos.leclercdrive.fr/image.ashx?id=2826651&use=l&cat=p&typeid=i","cat":284497},{"id":25886,"n":"Carrés chocolat Côte d'Or Chocolat noir Noisettes -10x20g","p":5.12,"u":"25,60 €/KG","img":"https://fd9-photos.leclercdrive.fr/image.ashx?id=2826654&use=l&cat=p&typeid=i","cat":284956},{"id":25889,"n":"Mignonnettes Côte d'Or Chocolat au lait - 24x10g","p":5.28,"u":"22,00 €/KG","img":"https://fd9-photos.leclercdrive.fr/image.ashx?id=3002210&use=l&cat=p&typeid=i","cat":284499},{"id":25893,"n":"Tablette chocolat Côte d'Or Chocolat noir - 200g","p":2.74,"u":"13,70 €/KG","img":"https://fd9-photos.leclercdrive.fr/image.ashx?id=2993119&use=l&cat=p&typeid=i","cat":284956},{"id":25894,"n":"Mignonnettes Côte d'Or Chocolat noir - 24x10g","p":5.11,"u":"21,29 €/KG","img":"https://fd9-photos.leclercdrive.fr/image.ashx?id=3009116&use=l&cat=p&typeid=i","cat":284499},{"id":25947,"n":"Escalope Milanaise Marie 2x300g","p":6.06,"u":"10,10 €/KG","img":"https://fd9-photos.leclercdrive.fr/image.ashx?id=2331813&use=l&cat=p&typeid=i","cat":333665},{"id":26026,"n":"Gel douche Eco+ Amande - 500ml","p":0.65,"u":"1,30 €/L","img":"https://fd9-photos.leclercdrive.fr/image.ashx?id=2979328&use=l&cat=p&typeid=i","cat":284594},{"id":26027,"n":"Gel douche Eco  Senteur vanille - 500ml","p":0.65,"u":"1,30 €/L","img":"https://fd9-photos.leclercdrive.fr/image.ashx?id=2965789&use=l&cat=p&typeid=i","cat":284594},{"id":26035,"n":"Bain de bouche Dentamyl Fraîcheur menthe - 500ml","p":1.89,"u":"3,78 €/L","img":"https://fd9-photos.leclercdrive.fr/image.ashx?id=2526604&use=l&cat=p&typeid=i","cat":284613},{"id":26038,"n":"Recharge savon mains Manava Crème Lait et miel - 250ml","p":0.57,"u":"2,28 €/L","img":"https://fd9-photos.leclercdrive.fr/image.ashx?id=2333772&use=l&cat=p&typeid=i","cat":284597},{"id":26040,"n":"Recharge savon mains Manava Gel spécial cuisine - 250ml","p":0.66,"u":"2,64 €/L","img":"https://fd9-photos.leclercdrive.fr/image.ashx?id=2333775&use=l&cat=p&typeid=i","cat":284597},{"id":26087,"n":"Fromage blanc sous mousse  gervita nature - 8x100g","p":3.46,"u":"4,33 €/KG","img":"https://fd9-photos.leclercdrive.fr/image.ashx?id=2265768&use=l&cat=p&typeid=i","cat":284409},{"id":26152,"n":"Salade Mexicaine Eco+ Au thon - 280g","p":1.12,"u":"4,00 €/KG","img":"https://fd9-photos.leclercdrive.fr/image.ashx?id=2436630&use=l&cat=p&typeid=i","cat":284437},{"id":26153,"n":"Salade Americaine Eco+ Au thon - 280g","p":1.12,"u":"4,00 €/KG","img":"https://fd9-photos.leclercdrive.fr/image.ashx?id=2394639&use=l&cat=p&typeid=i","cat":284437},{"id":26154,"n":"Salade Niçoise Eco+ Au thon - 280g","p":1.12,"u":"4,00 €/KG","img":"https://fd9-photos.leclercdrive.fr/image.ashx?id=1679815&use=l&cat=p&typeid=i","cat":284437},{"id":26161,"n":"Yaourt nature brassé bifidus Activia - 8x125g","p":2.64,"u":"2,64 €/KG","img":"https://fd9-photos.leclercdrive.fr/image.ashx?id=2741691&use=l&cat=p&typeid=i","cat":315000},{"id":26183,"n":"Adoucissant Hyperdou Rêve de fraîcheur - 3x250ml","p":1.23,"u":"1,64 €/L","img":"https://fd9-photos.leclercdrive.fr/image.ashx?id=2169751&use=l&cat=p&typeid=i","cat":284650},{"id":26185,"n":"Lingettes désinfectante Sanytol Multi-usage Eucalyptus - x72","p":1.55,"u":"0,03 €/P","img":"https://fd9-photos.leclercdrive.fr/image.ashx?id=2899353&use=l&cat=p&typeid=i","cat":325358},{"id":26220,"n":"Sucre Eco+ Cristal  - 5kg","p":5.02,"u":"1,00 €/KG","img":"https://fd9-photos.leclercdrive.fr/image.ashx?id=3010413&use=l&cat=p&typeid=i","cat":284502},{"id":26258,"n":"Madeleines coquilles P'tit déli Sachet 600g","p":2.39,"u":"3,98 €/KG","img":"https://fd9-photos.leclercdrive.fr/image.ashx?id=2540948&use=l&cat=p&typeid=i","cat":284492},{"id":26271,"n":"Rôti de porc Tradilège 6 tranches VPF 180g","p":2.38,"u":"13,22 €/KG","img":"https://fd9-photos.leclercdrive.fr/image.ashx?id=2675786&use=l&cat=p&typeid=i","cat":316009},{"id":26278,"n":"Mélange chili mexicain Ducros Sachet malin - 20g","p":1.29,"u":"64,50 €/KG","img":"https://fd9-photos.leclercdrive.fr/image.ashx?id=2326661&use=l&cat=p&typeid=i","cat":298297},{"id":26279,"n":"Mélange couscous royal Ducros Sachet malin - 20g","p":1.49,"u":"74,50 €/KG","img":"https://fd9-photos.leclercdrive.fr/image.ashx?id=2490491&use=l&cat=p&typeid=i","cat":298297},{"id":26289,"n":"Sauce froide Suzi Wan Aigre douce 330g","p":1.92,"u":"5,82 €/KG","img":"https://fd9-photos.leclercdrive.fr/image.ashx?id=2990886&use=l&cat=p&typeid=i","cat":288992},{"id":26308,"n":"Boisson énergisante Red Bull 355ml","p":1.54,"u":"4,34 €/L","img":"https://fd9-photos.leclercdrive.fr/image.ashx?id=3011980&use=l&cat=p&typeid=i","cat":284533},{"id":26309,"n":"Boîte chat Whiskas  Gelée mer & campagne - 8x400g","p":9.17,"u":"2,94 €/KG","img":"https://fd9-photos.leclercdrive.fr/image.ashx?id=2759628&use=l&cat=p&typeid=i","cat":285601},{"id":26310,"n":"Cornichons Kühne Aigre doux - 360g","p":2.29,"u":"6,36 €/KG","img":"https://fd9-photos.leclercdrive.fr/image.ashx?id=2550925&use=l&cat=p&typeid=i","cat":284458},{"id":26319,"n":"Noix de cajou Tokapi Sans sel ajouté - 125g","p":1.79,"u":"14,32 €/KG","img":"https://fd9-photos.leclercdrive.fr/image.ashx?id=2794000&use=l&cat=p&typeid=i","cat":284448},{"id":26320,"n":"Oignons frits snack Kühne Boîte -  100g","p":1.2,"u":"12,00 €/KG","img":"https://fd9-photos.leclercdrive.fr/image.ashx?id=2447079&use=l&cat=p&typeid=i","cat":298297},{"id":26376,"n":"Pepites de chocolat au lait Vahiné - 100g","p":2.22,"u":"22,20 €/KG","img":"https://fd9-photos.leclercdrive.fr/image.ashx?id=2983243&use=l&cat=p&typeid=i","cat":284504},{"id":26384,"n":"Pépites Vahiné Chocolat noir 200g","p":3.96,"u":"19,80 €/KG","img":"https://fd9-photos.leclercdrive.fr/image.ashx?id=2606265&use=l&cat=p&typeid=i","cat":284504},{"id":26398,"n":"Sucre vanilliné Vahiné 10 sachets 75g","p":0.89,"u":"11,87 €/KG","img":"https://fd9-photos.leclercdrive.fr/image.ashx?id=2490539&use=l&cat=p&typeid=i","cat":294686},{"id":26484,"n":"Croquette chat stérilisé Ultima  Poulet - 3kg","p":11.59,"u":"3,86 €/KG","img":"https://fd9-photos.leclercdrive.fr/image.ashx?id=2918886&use=l&cat=p&typeid=i","cat":284680},{"id":26488,"n":"Panna Cotta Délisse Caramel - 4x90g","p":1.94,"u":"5,39 €/KG","img":"https://fd9-photos.leclercdrive.fr/image.ashx?id=2059384&use=l&cat=p&typeid=i","cat":284419},{"id":26512,"n":"Fromage blanc Délisse Fraise 5.5%MG - 500g","p":2.55,"u":"5,10 €/KG","img":"https://fd9-photos.leclercdrive.fr/image.ashx?id=3009514&use=l&cat=p&typeid=i","cat":284409},{"id":26565,"n":"Lait Croissance Bio Village bio 10 à 36 mois - 6x1L","p":9.99,"u":"1,67 €/L","img":"https://fd9-photos.leclercdrive.fr/image.ashx?id=778114&use=l&cat=p&typeid=i","cat":284728},{"id":26569,"n":"Filet de poulet blanc Le Gaulois 720g","p":7.79,"u":"10,82 €/KG","img":"https://fd9-photos.leclercdrive.fr/image.ashx?id=3003212&use=l&cat=p&typeid=i","cat":284336},{"id":26570,"n":"Filet de poulet jaune Le Gaulois 720g","p":10.21,"u":"14,18 €/KG","img":"https://fd9-photos.leclercdrive.fr/image.ashx?id=3003209&use=l&cat=p&typeid=i","cat":284336},{"id":26586,"n":"Fromage blanc Déli'light Vanille 0%MG - 8x100g","p":2.66,"u":"3,33 €/KG","img":"https://fd9-photos.leclercdrive.fr/image.ashx?id=2043352&use=l&cat=p&typeid=i","cat":315000},{"id":26646,"n":"AOP Champagne Brut Nicolas Feuillatte Grande Réserve 75cl","p":22.35,"pp":20.11,"u":"26,81 €/L","img":"https://fd9-photos.leclercdrive.fr/image.ashx?id=2733184&use=l&cat=p&typeid=i","cat":284542},{"id":26647,"n":"Chair à saucisses porc Férial 400g","p":3.49,"u":"8,73 €/KG","img":"https://fd9-photos.leclercdrive.fr/image.ashx?id=2953308&use=l&cat=p&typeid=i","cat":284332},{"id":26649,"n":"Cacahuètes Benenuts-Twinuts Nature Sel - 150g","p":1.05,"u":"7,00 €/KG","img":"https://fd9-photos.leclercdrive.fr/image.ashx?id=2967735&use=l&cat=p&typeid=i","cat":284448},{"id":26659,"n":"Fonds d'artichauts Notre Jardin 210g","p":2.75,"u":"13,10 €/KG","img":"https://fd9-photos.leclercdrive.fr/image.ashx?id=2040302&use=l&cat=p&typeid=i","cat":312611},{"id":26663,"n":"Farine de sarrasin Treblec 1kg","p":2.95,"u":"2,95 €/KG","img":"https://fd9-photos.leclercdrive.fr/image.ashx?id=2734843&use=l&cat=p&typeid=i","cat":284503},{"id":26687,"n":"Escargots praliné/lait Jacquot x24 300g","p":4.89,"u":"16,30 €/KG","img":"https://fd9-photos.leclercdrive.fr/image.ashx?id=2303279&use=l&cat=p&typeid=i","cat":327595},{"id":26708,"n":"Cacahuètes Benenuts-Twinuts Bacon Grillé - 150g","p":1.06,"u":"7,07 €/KG","img":"https://fd9-photos.leclercdrive.fr/image.ashx?id=2967738&use=l&cat=p&typeid=i","cat":284448},{"id":26722,"n":"Ratatouille Cuisinée Cassegrain à la Provençale 660g","p":3.59,"u":"5,44 €/KG","img":"https://fd9-photos.leclercdrive.fr/image.ashx?id=2902660&use=l&cat=p&typeid=i","cat":312612},{"id":26725,"n":"Infusion camomille Tiséa 25 sachets - 37,5g","p":0.92,"u":"0,25 €/KG","img":"https://fd9-photos.leclercdrive.fr/image.ashx?id=2441288&use=l&cat=p&typeid=i","cat":293234},{"id":26733,"n":"Dessert végétal au soja Sojasun Nature - 12x100g","p":3.13,"u":"2,61 €/KG","img":"https://fd9-photos.leclercdrive.fr/image.ashx?id=2355665&use=l&cat=p&typeid=i","cat":316071},{"id":26765,"n":"Mayonnaise Rustica A la moutarde de Dijon - 470g","p":1.6,"u":"3,40 €/KG","img":"https://fd9-photos.leclercdrive.fr/image.ashx?id=1944120&use=l&cat=p&typeid=i","cat":298295},{"id":26797,"n":"Compote Douceur du Verger Coupelle pomme fraise - 4x100g","p":1.15,"u":"2,88 €/KG","img":"https://fd9-photos.leclercdrive.fr/image.ashx?id=2663503&use=l&cat=p&typeid=i","cat":284508},{"id":26805,"n":"Crêpes dentelle Gavottes Nature étui 125g","p":2.0,"u":"16,00 €/KG","img":"https://fd9-photos.leclercdrive.fr/image.ashx?id=2664473&use=l&cat=p&typeid=i","cat":284487},{"id":26818,"n":"Boisson base vin rosée Very Pamp Pamplemousse - 75cl","p":2.99,"u":"3,99 €/L","img":"https://fd9-photos.leclercdrive.fr/image.ashx?id=2446629&use=l&cat=p&typeid=i","cat":304569},{"id":26819,"n":"Boisson aromatisée Vin rosé Pamplemousse 7.5%,vol BIB 3L","p":9.5,"u":"3,17 €/L","img":"https://fd9-photos.leclercdrive.fr/image.ashx?id=2470024&use=l&cat=p&typeid=i","cat":304569},{"id":26820,"n":"IGP Pays d'Oc rouge Roche Mazet Merlot - BIB 3L","p":10.6,"u":"3,53 €/L","img":"https://fd9-photos.leclercdrive.fr/image.ashx?id=2597387&use=l&cat=p&typeid=i","cat":289560},{"id":26840,"n":"Spray Détachant Vanish  Avant-lavage - 750ml","p":4.53,"u":"6,04 €/L","img":"https://fd9-photos.leclercdrive.fr/image.ashx?id=2963913&use=l&cat=p&typeid=i","cat":284651},{"id":26877,"n":"Crackers Mini pizza Tokapi 85g","p":0.69,"u":"8,12 €/KG","img":"https://fd9-photos.leclercdrive.fr/image.ashx?id=2351232&use=l&cat=p&typeid=i","cat":297000},{"id":26926,"n":"Couches bébé Mots d'Enfants -T3 Ultra confort - 4/9kg - x162","p":19.7,"u":"0,12 €/P","img":"https://fd9-photos.leclercdrive.fr/image.ashx?id=1982013&use=l&cat=p&typeid=i","cat":284737},{"id":26978,"n":"Chewing-gum menthol Airwaves Eucalyptus s/sucre 5x10","p":2.11,"img":"https://fd9-photos.leclercdrive.fr/image.ashx?id=2355902&use=l&cat=p&typeid=i","cat":304251},{"id":26998,"n":"Sachet repas chats Gourmet Les filettines en sauce -12x85g","p":5.27,"u":"5,17 €/KG","img":"https://fd9-photos.leclercdrive.fr/image.ashx?id=2902277&use=l&cat=p&typeid=i","cat":285286},{"id":27070,"n":"Bâtonnets Oasis Tropical x10 - 400g","p":2.65,"u":"6,63 €/KG","img":"https://fd9-photos.leclercdrive.fr/image.ashx?id=2877829&use=l&cat=p&typeid=i","cat":285250},{"id":27086,"n":"Crème légère fluide UHT Bio Bio Village 15%mg - 3x20cl","p":3.65,"u":"6,08 €/L","img":"https://fd9-photos.leclercdrive.fr/image.ashx?id=2447649&use=l&cat=p&typeid=i","cat":284381},{"id":27096,"n":"Mayonnaise allégée Rustica 450g","p":1.14,"u":"2,53 €/KG","img":"https://fd9-photos.leclercdrive.fr/image.ashx?id=1026709&use=l&cat=p&typeid=i","cat":298295},{"id":27098,"n":"Café moulu Plantation Brésil - 250g","p":3.71,"u":"14,84 €/KG","img":"https://fd9-photos.leclercdrive.fr/image.ashx?id=2607512&use=l&cat=p&typeid=i","cat":284750},{"id":27106,"n":"Couches bébé Mots d'Enfants Mini - T2 : 3/6kg - x35 changes","p":5.18,"u":"0,15 €/P","img":"https://fd9-photos.leclercdrive.fr/image.ashx?id=2487156&use=l&cat=p&typeid=i","cat":284737},{"id":27108,"n":"Steak haché 5%mg Férial façon bouchère - 250g","p":4.49,"u":"17,96 €/KG","img":"https://fd9-photos.leclercdrive.fr/image.ashx?id=2903989&use=l&cat=p&typeid=i","cat":284332},{"id":27109,"n":"Steak haché 15mg Férial Façon bouchère - 250g","p":3.99,"u":"15,96 €/KG","img":"https://fd9-photos.leclercdrive.fr/image.ashx?id=2903992&use=l&cat=p&typeid=i","cat":284332},{"id":27114,"n":"Lait céréales Blédidej 12 mois Chocolat - 4x250ml","p":3.6,"u":"3,60 €/L","img":"https://fd9-photos.leclercdrive.fr/image.ashx?id=2921058&use=l&cat=p&typeid=i","cat":312226},{"id":27137,"n":"Friandises Picnic Fido Festival 3 variétés  x15  -126g","p":1.47,"u":"11,67 €/KG","img":"https://fd9-photos.leclercdrive.fr/image.ashx?id=2382595&use=l&cat=p&typeid=i","cat":294527},{"id":27158,"n":"Mini Barre Chocolat Lait KitKat x21 barres - 350g","p":4.5,"u":"12,86 €/KG","img":"https://fd9-photos.leclercdrive.fr/image.ashx?id=2762611&use=l&cat=p&typeid=i","cat":284498},{"id":27172,"n":"Boisson lactée allégé Candy'UP Chocolat - 6x20cl","p":2.77,"u":"2,31 €/L","img":"https://fd9-photos.leclercdrive.fr/image.ashx?id=2492148&use=l&cat=p&typeid=i","cat":295246},{"id":27174,"n":"Bière blonde Tripel Karmeliet 8,4% - 75cl","p":4.6,"u":"6,13 €/L","img":"https://fd9-photos.leclercdrive.fr/image.ashx?id=2861180&use=l&cat=p&typeid=i","cat":334872},{"id":27178,"n":"Friandises Fun Tastix Fido Jambon fromage - 150g","p":1.5,"u":"10,00 €/KG","img":"https://fd9-photos.leclercdrive.fr/image.ashx?id=2681212&use=l&cat=p&typeid=i","cat":294527},{"id":27372,"n":"Adoucissant Hyperdou Douceur pêche - 3x250ml","p":1.24,"u":"1,65 €/L","img":"https://fd9-photos.leclercdrive.fr/image.ashx?id=2128534&use=l&cat=p&typeid=i","cat":284650},{"id":27434,"n":"Coupelles Pêches DDV Sirop léger - 4x70 g","p":2.49,"u":"8,89 €/KG","img":"https://fd9-photos.leclercdrive.fr/image.ashx?id=2100784&use=l&cat=p&typeid=i","cat":284507},{"id":27454,"n":"Maïs Notre Jardin Croquant - 3x140g","p":1.83,"u":"4,36 €/KG","img":"https://fd9-photos.leclercdrive.fr/image.ashx?id=2988051&use=l&cat=p&typeid=i","cat":312611},{"id":27487,"n":"Dés Salakis basilic Fromage brebis - 300g","p":3.5,"u":"11,67 €/KG","img":"https://fd9-photos.leclercdrive.fr/image.ashx?id=2729695&use=l&cat=p&typeid=i","cat":314026},{"id":27523,"n":"Colin d'Alaska Pêche Océan À la parisienne - MSC - 400g","p":2.79,"u":"6,98 €/KG","img":"https://fd9-photos.leclercdrive.fr/image.ashx?id=2930120&use=l&cat=p&typeid=i","cat":319786},{"id":27524,"n":"Colin d'Alaska Côté Table A la provençale - MSC - 400g","p":2.79,"u":"6,98 €/KG","img":"https://fd9-photos.leclercdrive.fr/image.ashx?id=2546251&use=l&cat=p&typeid=i","cat":319786},{"id":27721,"n":"Emmental Les Croisés En tranches - 200g","p":1.94,"u":"9,70 €/KG","img":"https://fd9-photos.leclercdrive.fr/image.ashx?id=2436317&use=l&cat=p&typeid=i","cat":314028},{"id":27798,"n":"Bière ambrée corse Pietra 6° - 75cl","p":3.78,"u":"5,04 €/L","img":"https://fd9-photos.leclercdrive.fr/image.ashx?id=2992921&use=l&cat=p&typeid=i","cat":334872},{"id":27834,"n":"Pizza Crousti-moelleuse Marie 4 fromages - 510g","p":3.86,"u":"7,57 €/KG","img":"https://fd9-photos.leclercdrive.fr/image.ashx?id=2996749&use=l&cat=p&typeid=i","cat":284256},{"id":27836,"n":"Pizza Crousti-moelleuse Marie Poulet kebab - 530g","p":4.03,"u":"7,60 €/KG","img":"https://fd9-photos.leclercdrive.fr/image.ashx?id=2996752&use=l&cat=p&typeid=i","cat":284256},{"id":27925,"n":"AOP Réserve du Président rosé Sciaccrellu - 75cl","p":5.6,"u":"7,47 €/L","img":"https://fd9-photos.leclercdrive.fr/image.ashx?id=2093463&use=l&cat=p&typeid=i","cat":289558},{"id":27941,"n":"Cotons Duo Démaquillants Inell Disques x110","p":0.97,"img":"https://fd9-photos.leclercdrive.fr/image.ashx?id=1709588&use=l&cat=p&typeid=i","cat":285593},{"id":27961,"n":"Poulet basquaise Marie Riz à la tomate - 900g","p":4.88,"u":"5,42 €/KG","img":"https://fd9-photos.leclercdrive.fr/image.ashx?id=2996779&use=l&cat=p&typeid=i","cat":284254},{"id":27976,"n":"Eau minérale naturelle Vittel 8x33cl","p":2.6,"u":"0,98 €/L","img":"https://fd9-photos.leclercdrive.fr/image.ashx?id=3000423&use=l&cat=p&typeid=i","cat":284535},{"id":27977,"n":"Eau minérale naturelle Vittel 6x50cl","p":2.35,"u":"0,78 €/L","img":"https://fd9-photos.leclercdrive.fr/image.ashx?id=2999850&use=l&cat=p&typeid=i","cat":284535},{"id":28021,"n":"Dentifrice enfant Dentamyl Gel fraise - 75ml","p":1.25,"u":"16,67 €/L","img":"https://fd9-photos.leclercdrive.fr/image.ashx?id=2613831&use=l&cat=p&typeid=i","cat":288898},{"id":28023,"n":"Duo céréales Comptoir du Grain  Quinoa et Boulgour - 400g","p":2.05,"u":"5,13 €/KG","img":"https://fd9-photos.leclercdrive.fr/image.ashx?id=3012830&use=l&cat=p&typeid=i","cat":284429},{"id":28076,"n":"AOP Madiran rouge Terroirs de Tilhet - 75cl","p":5.25,"pp":3.46,"u":"4,61 €/L","img":"https://fd9-photos.leclercdrive.fr/image.ashx?id=2996830&use=l&cat=p&typeid=i","cat":289556},{"id":28078,"n":"Coton bébé Mots d'Enfants Duo maxi carrés - x80","p":1.79,"u":"0,02 €/P","img":"https://fd9-photos.leclercdrive.fr/image.ashx?id=3014206&use=l&cat=p&typeid=i","cat":284739},{"id":28083,"n":"Maïs Notre Jardin Tendre  - 2x300g","p":1.88,"u":"3,13 €/KG","img":"https://fd9-photos.leclercdrive.fr/image.ashx?id=3005661&use=l&cat=p&typeid=i","cat":312611},{"id":28099,"n":"Eau minérale gazeuse St Diery Naturelle - 6x1,25L","p":2.16,"u":"0,29 €/L","img":"https://fd9-photos.leclercdrive.fr/image.ashx?id=2863075&use=l&cat=p&typeid=i","cat":284536},{"id":28104,"n":"IGP Pays d'Oc Merlot vin rosé Vieux Carion 12.5% vol -75 cl","p":2.25,"u":"3,00 €/L","img":"https://fd9-photos.leclercdrive.fr/image.ashx?id=2367024&use=l&cat=p&typeid=i","cat":289558},{"id":28203,"n":"Fromage : Le Carré Les Croisés 23%mg - 230g","p":1.92,"u":"8,35 €/KG","img":"https://fd9-photos.leclercdrive.fr/image.ashx?id=2974801&use=l&cat=p&typeid=i","cat":314033},{"id":28209,"n":"Noix de cajou grillées Tokapi Salées - 125g","p":1.49,"u":"11,92 €/KG","img":"https://fd9-photos.leclercdrive.fr/image.ashx?id=2795553&use=l&cat=p&typeid=i","cat":284448},{"id":28211,"n":"Pistaches Tokapi Grillées et salées - 125g","p":1.85,"u":"14,80 €/KG","img":"https://fd9-photos.leclercdrive.fr/image.ashx?id=2417165&use=l&cat=p&typeid=i","cat":284448},{"id":28216,"n":"Café en grains Bio Village Bio 100% arabica - 250g","p":4.43,"u":"17,72 €/KG","img":"https://fd9-photos.leclercdrive.fr/image.ashx?id=1470434&use=l&cat=p&typeid=i","cat":293237},{"id":28217,"n":"Pain d'épices bio Bio Village Miel - Pré-tranché - 300g","p":1.66,"u":"5,53 €/KG","img":"https://fd9-photos.leclercdrive.fr/image.ashx?id=2355419&use=l&cat=p&typeid=i","cat":284493},{"id":28226,"n":"Cotons Duo Démaquillants Inell Duo ovale - Disques x70","p":1.56,"img":"https://fd9-photos.leclercdrive.fr/image.ashx?id=1709940&use=l&cat=p&typeid=i","cat":285593},{"id":28228,"n":"Chocolat Pâtissier Bio Village Bio - Noir  52% cacao - 200g","p":2.75,"u":"13,75 €/KG","img":"https://fd9-photos.leclercdrive.fr/image.ashx?id=2658596&use=l&cat=p&typeid=i","cat":285562},{"id":28269,"n":"Sacs congélation Eco+ Moyen modèle - x75","p":1.71,"u":"0,02 €/P","img":"https://fd9-photos.leclercdrive.fr/image.ashx?id=2125431&use=l&cat=p&typeid=i","cat":334134},{"id":28308,"n":"Paëlla Royale Côté Table Poulet, moule et chorizo 940g","p":3.69,"u":"3,93 €/KG","img":"https://fd9-photos.leclercdrive.fr/image.ashx?id=2977873&use=l&cat=p&typeid=i","cat":325094},{"id":28336,"n":"Huile d'olive Cauvin Vierge extra - 2L","p":21.41,"u":"10,71 €/L","img":"https://fd9-photos.leclercdrive.fr/image.ashx?id=2477739&use=l&cat=p&typeid=i","cat":284453},{"id":28368,"n":"Tablette de chocolat Equador Noir fleur de sel 100g","p":1.39,"u":"13,90 €/KG","img":"https://fd9-photos.leclercdrive.fr/image.ashx?id=2368530&use=l&cat=p&typeid=i","cat":284956},{"id":28419,"n":"Lingettes anti-transfert Texil Tous textiles x25","p":2.32,"u":"0,09 €/P","img":"https://fd9-photos.leclercdrive.fr/image.ashx?id=1646465&use=l&cat=p&typeid=i","cat":290450},{"id":28432,"n":"Jus d'ananas Eco + Brique 1L","p":1.57,"u":"1,57 €/L","img":"https://fd9-photos.leclercdrive.fr/image.ashx?id=2595074&use=l&cat=p&typeid=i","cat":284916},{"id":28444,"n":"Fleur de sel de Camargue Le Saunier de Camargue - 125g","p":2.42,"u":"19,36 €/KG","img":"https://fd9-photos.leclercdrive.fr/image.ashx?id=2819343&use=l&cat=p&typeid=i","cat":284457},{"id":28613,"n":"Nectar multifruits  1L","p":0.98,"u":"0,98 €/L","img":"https://fd9-photos.leclercdrive.fr/image.ashx?id=1663598&use=l&cat=p&typeid=i","cat":284917},{"id":28614,"n":"Pur jus d'orange Eco+ Brique - 1L","p":1.87,"u":"1,87 €/L","img":"https://fd9-photos.leclercdrive.fr/image.ashx?id=2275712&use=l&cat=p&typeid=i","cat":284521},{"id":28710,"n":"Lingettes Mots d'Enfants Bio Bébé - x72 lingettes","p":2.53,"u":"0,04 €/P","img":"https://fd9-photos.leclercdrive.fr/image.ashx?id=2856504&use=l&cat=p&typeid=i","cat":284738},{"id":28724,"n":"Nettoyant écologique Uni Vert Spécial Vitres - 750ml","p":1.79,"u":"2,39 €/L","img":"https://fd9-photos.leclercdrive.fr/image.ashx?id=2370993&use=l&cat=p&typeid=i","cat":325363},{"id":28727,"n":"Tablettes anti-calcaire Calgon  4 en 1 - x48","p":9.8,"u":"15,71 €/KG","img":"https://fd9-photos.leclercdrive.fr/image.ashx?id=2954881&use=l&cat=p&typeid=i","cat":284653},{"id":28753,"n":"Café Soluble Nescafé Cappuccino Café Viennois - 306g","p":4.45,"u":"14,54 €/KG","img":"https://fd9-photos.leclercdrive.fr/image.ashx?id=2874087&use=l&cat=p&typeid=i","cat":284843},{"id":28809,"n":"Pain burger géant Epi d'Or Nature x4 - 330g","p":0.87,"u":"2,64 €/KG","img":"https://fd9-photos.leclercdrive.fr/image.ashx?id=1861089&use=l&cat=p&typeid=i","cat":325067},{"id":28827,"n":"Chili con carne Côté Table Au piment de Cayenne - 820g","p":3.24,"u":"3,95 €/KG","img":"https://fd9-photos.leclercdrive.fr/image.ashx?id=2977156&use=l&cat=p&typeid=i","cat":325094},{"id":28828,"n":"Pâtes fraîches Turini Gnocchi 380g","p":1.09,"u":"2,87 €/KG","img":"https://fd9-photos.leclercdrive.fr/image.ashx?id=2254526&use=l&cat=p&typeid=i","cat":333682},{"id":28832,"n":"Cookies Méga pépites P'tit Déli Chocolat 184g","p":1.51,"u":"8,21 €/KG","img":"https://fd9-photos.leclercdrive.fr/image.ashx?id=2116125&use=l&cat=p&typeid=i","cat":325066},{"id":28856,"n":"Pain burger Epi d'Or Géant complet x4 - 330g","p":0.97,"u":"2,94 €/KG","img":"https://fd9-photos.leclercdrive.fr/image.ashx?id=2042561&use=l&cat=p&typeid=i","cat":325067},{"id":28860,"n":"Pain de mie Epi d'or Complet - Spécial mie - 500g","p":1.47,"u":"2,94 €/KG","img":"https://fd9-photos.leclercdrive.fr/image.ashx?id=2807291&use=l&cat=p&typeid=i","cat":284477},{"id":28864,"n":"Cassoulet au confit canard NRT - 300g","p":2.97,"u":"9,90 €/KG","img":"https://fd9-photos.leclercdrive.fr/image.ashx?id=2723231&use=l&cat=p&typeid=i","cat":284953},{"id":28866,"n":"Coq au vin et ses torsades NRT 300g","p":2.61,"u":"8,70 €/KG","img":"https://fd9-photos.leclercdrive.fr/image.ashx?id=2723240&use=l&cat=p&typeid=i","cat":284953},{"id":28867,"n":"Foie gras canard IGP perigord NRT Entier - 125g","p":12.5,"u":"100,00 €/KG","img":"https://fd9-photos.leclercdrive.fr/image.ashx?id=2743879&use=l&cat=p&typeid=i","cat":305148},{"id":28869,"n":"Parmentier canard Sud Ouest NRT - 300g","p":2.99,"u":"9,97 €/KG","img":"https://fd9-photos.leclercdrive.fr/image.ashx?id=2723237&use=l&cat=p&typeid=i","cat":284953},{"id":28872,"n":"Saucisses de Toulouse lentilles NRT - 300g","p":2.36,"u":"7,87 €/KG","img":"https://fd9-photos.leclercdrive.fr/image.ashx?id=2134569&use=l&cat=p&typeid=i","cat":284953},{"id":28938,"n":"Velouté bio Bio Village Légumes variés  - 1L","p":2.04,"u":"2,04 €/L","img":"https://fd9-photos.leclercdrive.fr/image.ashx?id=2133954&use=l&cat=p&typeid=i","cat":284462},{"id":28941,"n":"Potage gourmand Régal Soupe Légumes et fromage fondu - 1L","p":2.42,"u":"2,42 €/L","img":"https://fd9-photos.leclercdrive.fr/image.ashx?id=1531676&use=l&cat=p&typeid=i","cat":284462},{"id":28966,"n":"Liqueur Malibu Coco 18% vol - 70cl","p":10.3,"u":"14,71 €/L","img":"https://fd9-photos.leclercdrive.fr/image.ashx?id=2993481&use=l&cat=p&typeid=i","cat":284551},{"id":28970,"n":"Oeufs de lompe Ronde des Mers MSC - 2x100g","p":4.49,"u":"22,45 €/KG","img":"https://fd9-photos.leclercdrive.fr/image.ashx?id=3015257&use=l&cat=p&typeid=i","cat":285191},{"id":28996,"n":"Mayonnaise de Dijon AMORA 235g","p":1.96,"u":"8,34 €/KG","img":"https://fd9-photos.leclercdrive.fr/image.ashx?id=2946649&use=l&cat=p&typeid=i","cat":298295},{"id":28999,"n":"Mayonnaise de Dijon Amora Sans conservateur  - 415g","p":2.24,"u":"5,40 €/KG","img":"https://fd9-photos.leclercdrive.fr/image.ashx?id=2964207&use=l&cat=p&typeid=i","cat":298295},{"id":29000,"n":"Mayonnaise de Dijon Amora 710g","p":3.27,"u":"4,61 €/KG","img":"https://fd9-photos.leclercdrive.fr/image.ashx?id=2598672&use=l&cat=p&typeid=i","cat":298295},{"id":29006,"n":"Escargots préparés Eco+ Recette bourguignonne - 89g","p":2.99,"u":"33,60 €/KG","img":"https://fd9-photos.leclercdrive.fr/image.ashx?id=2978501&use=l&cat=p&typeid=i","cat":319775},{"id":29032,"n":"Chips Bret's Poulet braisé - 125g","p":1.14,"u":"9,12 €/KG","img":"https://fd9-photos.leclercdrive.fr/image.ashx?id=1927788&use=l&cat=p&typeid=i","cat":284447},{"id":29044,"n":"Cerneaux de noix Tablier Blanc 50g","p":1.3,"u":"26,00 €/KG","img":"https://fd9-photos.leclercdrive.fr/image.ashx?id=2460607&use=l&cat=p&typeid=i","cat":323809},{"id":29047,"n":"Pignons de pin Tablier Blanc 50g","p":2.39,"u":"47,80 €/KG","img":"https://fd9-photos.leclercdrive.fr/image.ashx?id=2694425&use=l&cat=p&typeid=i","cat":323809},{"id":29095,"n":"Yaourts brassés Délisse Vanille - 8x125g","p":2.65,"u":"2,65 €/KG","img":"https://fd9-photos.leclercdrive.fr/image.ashx?id=2372338&use=l&cat=p&typeid=i","cat":284410},{"id":29117,"n":"Bonbons sans sucres Confiséo Menthe - 150g","p":1.98,"u":"13,20 €/KG","img":"https://fd9-photos.leclercdrive.fr/image.ashx?id=2934697&use=l&cat=p&typeid=i","cat":304252},{"id":29133,"n":"Sacs poubelle Haute 50L Elembal Poignées coulissantes - x15","p":1.94,"u":"0,13 €/P","img":"https://fd9-photos.leclercdrive.fr/image.ashx?id=2958726&use=l&cat=p&typeid=i","cat":285168},{"id":29134,"n":"Mousse coiffante Vitanove Effet boucles - 200ml","p":1.48,"u":"7,40 €/L","img":"https://fd9-photos.leclercdrive.fr/image.ashx?id=2490040&use=l&cat=p&typeid=i","cat":284609},{"id":29174,"n":"Lait de douche Manava Pêche de vigne - 250ml","p":0.94,"u":"3,76 €/L","img":"https://fd9-photos.leclercdrive.fr/image.ashx?id=1636779&use=l&cat=p&typeid=i","cat":284594},{"id":29182,"n":"AOC Bordeaux rouge Yvecourt - 75cl","p":4.3,"u":"5,73 €/L","img":"https://fd9-photos.leclercdrive.fr/image.ashx?id=2529297&use=l&cat=p&typeid=i","cat":289556},{"id":29358,"n":"Pur jus pamplemousse Jafaden Rose - 1L","p":1.67,"u":"1,67 €/L","img":"https://fd9-photos.leclercdrive.fr/image.ashx?id=2869269&use=l&cat=p&typeid=i","cat":284914},{"id":29396,"n":"Mousse coiffante Vitanove Effet volume - 200ml","p":1.48,"u":"7,40 €/L","img":"https://fd9-photos.leclercdrive.fr/image.ashx?id=1005874&use=l&cat=p&typeid=i","cat":284609},{"id":29419,"n":"Tortillas chips Tokapi Nature - 150g","p":0.55,"u":"3,67 €/KG","img":"https://fd9-photos.leclercdrive.fr/image.ashx?id=1884857&use=l&cat=p&typeid=i","cat":287899},{"id":29447,"n":"Truite fumée Ronde des mers France 6 tranches - 150g","p":4.95,"u":"33,00 €/KG","img":"https://fd9-photos.leclercdrive.fr/image.ashx?id=2833105&use=l&cat=p&typeid=i","cat":285188},{"id":29493,"n":"Tomato Ketchup Bio Heinz - 580g","p":2.36,"u":"4,07 €/KG","img":"https://fd9-photos.leclercdrive.fr/image.ashx?id=2927726&use=l&cat=p&typeid=i","cat":284455},{"id":29518,"n":"Glace Tyrolia Eskiss Caramel biscuit - 380g","p":2.57,"u":"6,76 €/KG","img":"https://fd9-photos.leclercdrive.fr/image.ashx?id=1886617&use=l&cat=p&typeid=i","cat":284266},{"id":29535,"n":"Croûtons Epi d'Or Ail - 2x90g","p":1.19,"u":"6,61 €/KG","img":"https://fd9-photos.leclercdrive.fr/image.ashx?id=2606049&use=l&cat=p&typeid=i","cat":284464},{"id":29570,"n":"Saucisson Petit Justin Bridou  Bâton de Berger Nature - 160g","p":3.43,"u":"21,44 €/KG","img":"https://fd9-photos.leclercdrive.fr/image.ashx?id=2894893&use=l&cat=p&typeid=i","cat":316006},{"id":29701,"n":"Bonbons Confiséo Menthe fraîcheur - 360g","p":1.87,"u":"5,19 €/KG","img":"https://fd9-photos.leclercdrive.fr/image.ashx?id=2080774&use=l&cat=p&typeid=i","cat":304252},{"id":29724,"n":"Escalope de dinde Le Gaulois Milanaise x2 - 240g","p":4.03,"u":"16,79 €/KG","img":"https://fd9-photos.leclercdrive.fr/image.ashx?id=2259652&use=l&cat=p&typeid=i","cat":284337},{"id":29753,"n":"Eau gazeuse La Pétillante Citron vert sans sucre - 1L","p":0.4,"u":"0,40 €/L","img":"https://fd9-photos.leclercdrive.fr/image.ashx?id=2669738&use=l&cat=p&typeid=i","cat":284536},{"id":29754,"n":"Eau gazeuse La Pétillante Citron sans sucre - 1L","p":0.4,"u":"0,40 €/L","img":"https://fd9-photos.leclercdrive.fr/image.ashx?id=2590442&use=l&cat=p&typeid=i","cat":284536},{"id":29764,"n":"Galettes blé noir Bio village Bio x4 - 200g","p":1.83,"u":"9,15 €/KG","img":"https://fd9-photos.leclercdrive.fr/image.ashx?id=2907258&use=l&cat=p&typeid=i","cat":333672},{"id":29767,"n":"Eau gazeuse aromatisée Badoit citron vert sans sucres- 1L","p":0.87,"u":"0,87 €/L","img":"https://fd9-photos.leclercdrive.fr/image.ashx?id=3011044&use=l&cat=p&typeid=i","cat":284537},{"id":29768,"n":"Bière blonde 1664 5,5° - 50cl canette","p":1.17,"u":"2,34 €/L","img":"https://fd9-photos.leclercdrive.fr/image.ashx?id=2887563&use=l&cat=p&typeid=i","cat":334853},{"id":29773,"n":"Eau minérale naturelle Mag Source de magnésium - 6x1L","p":2.28,"u":"0,38 €/L","img":"https://fd9-photos.leclercdrive.fr/image.ashx?id=2423520&use=l&cat=p&typeid=i","cat":284535},{"id":29794,"n":"Triangolo Fromage enfants vache Les Croisés 24 portions - 400g","p":2.67,"u":"6,68 €/KG","img":"https://fd9-photos.leclercdrive.fr/image.ashx?id=2133297&use=l&cat=p&typeid=i","cat":314030},{"id":29795,"n":"Fromage à tartiner Les Croisés Ail et fines herbes 24%mg 250g","p":2.09,"u":"8,36 €/KG","img":"https://fd9-photos.leclercdrive.fr/image.ashx?id=2476143&use=l&cat=p&typeid=i","cat":314029},{"id":29802,"n":"Kit Pâte à pizza Tablier Blanc 600g","p":2.59,"u":"4,32 €/KG","img":"https://fd9-photos.leclercdrive.fr/image.ashx?id=1731167&use=l&cat=p&typeid=i","cat":333681},{"id":29816,"n":"Bicarbonate alimentaire La Baleine - 800g","p":2.06,"u":"2,58 €/KG","img":"https://fd9-photos.leclercdrive.fr/image.ashx?id=2468335&use=l&cat=p&typeid=i","cat":284457},{"id":29841,"n":"Bouillon de Poule KNORR 15 Tablettes - 150g","p":1.19,"u":"7,93 €/KG","img":"https://fd9-photos.leclercdrive.fr/image.ashx?id=2906043&use=l&cat=p&typeid=i","cat":288379},{"id":29854,"n":"Beurre de Bretagne Les Croisés Doux - 82% MG - 250g","p":2.61,"u":"10,44 €/KG","img":"https://fd9-photos.leclercdrive.fr/image.ashx?id=2778045&use=l&cat=p&typeid=i","cat":284379},{"id":29855,"n":"Beurre de Bretagne Les Croisés Demi-sel - 80% MG - 250g","p":2.61,"u":"10,44 €/KG","img":"https://fd9-photos.leclercdrive.fr/image.ashx?id=2778048&use=l&cat=p&typeid=i","cat":284379},{"id":29864,"n":"Crème fraîche entière Délisse Fleurette - 30% MG - 40cl","p":1.72,"u":"4,30 €/L","img":"https://fd9-photos.leclercdrive.fr/image.ashx?id=3002575&use=l&cat=p&typeid=i","cat":284381},{"id":29865,"n":"Crème fraîche légère Délisse Fleurette - 12% MG - 40cl","p":1.62,"u":"4,05 €/L","img":"https://fd9-photos.leclercdrive.fr/image.ashx?id=2064843&use=l&cat=p&typeid=i","cat":284381},{"id":29866,"n":"Crème légère fluide UHT Délisse Brique 12%mg - 1L","p":3.39,"u":"3,39 €/L","img":"https://fd9-photos.leclercdrive.fr/image.ashx?id=1879963&use=l&cat=p&typeid=i","cat":284381},{"id":29872,"n":"Crème semi-épaisse légère UHT Délisse 18%mg - 2x25cl","p":2.34,"u":"4,68 €/L","img":"https://fd9-photos.leclercdrive.fr/image.ashx?id=1883732&use=l&cat=p&typeid=i","cat":284381},{"id":29875,"n":"Crevettes Nord Pêche Océan Entières cuites - MSC - 500g","p":5.25,"u":"10,50 €/KG","img":"https://fd9-photos.leclercdrive.fr/image.ashx?id=2478769&use=l&cat=p&typeid=i","cat":319787},{"id":29900,"n":"Bière belge Rince Cochon Blonde - 8.5%vol. - 33cl","p":2.06,"u":"6,24 €/L","img":"https://fd9-photos.leclercdrive.fr/image.ashx?id=2694695&use=l&cat=p&typeid=i","cat":334872},{"id":29949,"n":"AOC Gaillac  Vin rouge Grande Réserve Labastide - 75cl","p":4.09,"u":"5,45 €/L","img":"https://fd9-photos.leclercdrive.fr/image.ashx?id=2105044&use=l&cat=p&typeid=i","cat":289556},{"id":30029,"n":"Poêlée champignons Notre Jardin Forestière - 400g","p":4.66,"u":"11,65 €/KG","img":"https://fd9-photos.leclercdrive.fr/image.ashx?id=2771372&use=l&cat=p&typeid=i","cat":319823},{"id":30042,"n":"Lait frais demi-écrémé Délisse Bouteille - 1L","p":1.12,"u":"1,12 €/L","img":"https://fd9-photos.leclercdrive.fr/image.ashx?id=2970581&use=l&cat=p&typeid=i","cat":285609},{"id":30043,"n":"Lait frais Délisse Entier Bouteille - 1L","p":1.33,"u":"1,33 €/L","img":"https://fd9-photos.leclercdrive.fr/image.ashx?id=2970584&use=l&cat=p&typeid=i","cat":285609},{"id":30051,"n":"Mini gratins Côté Table Choux fleurs - x4 480g","p":3.19,"u":"6,65 €/KG","img":"https://fd9-photos.leclercdrive.fr/image.ashx?id=2029370&use=l&cat=p&typeid=i","cat":319802},{"id":30067,"n":"Assaisonnement En Poudre KNORR Secret d’Arômes Tube - 60g","p":1.29,"u":"21,50 €/KG","img":"https://fd9-photos.leclercdrive.fr/image.ashx?id=3014401&use=l&cat=p&typeid=i","cat":298297},{"id":30084,"n":"Bacon Saint Azay 100g","p":1.61,"u":"16,10 €/KG","img":"https://fd9-photos.leclercdrive.fr/image.ashx?id=2943653&use=l&cat=p&typeid=i","cat":316007},{"id":30089,"n":"Blanc de poulet Tradilège 6 tranches - 180g","p":1.51,"u":"8,39 €/KG","img":"https://fd9-photos.leclercdrive.fr/image.ashx?id=2943677&use=l&cat=p&typeid=i","cat":316010},{"id":30091,"n":"Blanc de dinde Tradilège 6 tranches 180g","p":1.96,"u":"10,89 €/KG","img":"https://fd9-photos.leclercdrive.fr/image.ashx?id=2974867&use=l&cat=p&typeid=i","cat":316010},{"id":30110,"n":"Pommes de terre NRT à la Sarladaise - 600g","p":2.99,"u":"4,98 €/KG","img":"https://fd9-photos.leclercdrive.fr/image.ashx?id=2699816&use=l&cat=p&typeid=i","cat":319823},{"id":30124,"n":"Soupe Régal Soupe Tomate et vermicelles - 1L","p":1.8,"u":"1,80 €/L","img":"https://fd9-photos.leclercdrive.fr/image.ashx?id=2607518&use=l&cat=p&typeid=i","cat":284462},{"id":30128,"n":"Céréales Chocapic Nestlé Chocolat - 1kg","p":5.2,"u":"5,20 €/KG","img":"https://fd9-photos.leclercdrive.fr/image.ashx?id=2977729&use=l&cat=p&typeid=i","cat":309513},{"id":30144,"n":"Croquettes chiens adulte Ultima Medium/maxi - poulet 7.5kg","p":21.06,"u":"2,81 €/KG","img":"https://fd9-photos.leclercdrive.fr/image.ashx?id=2872033&use=l&cat=p&typeid=i","cat":284672},{"id":30150,"n":"Eau aromatisée Volvic Juicy Agrumes -1,5L","p":1.45,"u":"0,97 €/L","img":"https://fd9-photos.leclercdrive.fr/image.ashx?id=2961987&use=l&cat=p&typeid=i","cat":284537},{"id":30185,"n":"Haché moelleux oignon Férial x10 - 1kg","p":7.6,"u":"7,60 €/KG","img":"https://fd9-photos.leclercdrive.fr/image.ashx?id=2704517&use=l&cat=p&typeid=i","cat":319778},{"id":30186,"n":"Haché moelleux Férial x10 - 1kg","p":9.71,"u":"9,71 €/KG","img":"https://fd9-photos.leclercdrive.fr/image.ashx?id=2966514&use=l&cat=p&typeid=i","cat":319778},{"id":30188,"n":"Steak haché bio - Bio Village  15%mg x4 - 400g","p":8.25,"u":"20,63 €/KG","img":"https://fd9-photos.leclercdrive.fr/image.ashx?id=1659330&use=l&cat=p&typeid=i","cat":319778},{"id":30189,"n":"Tortillas chips Tokapi Chili - 150g","p":0.99,"u":"6,60 €/KG","img":"https://fd9-photos.leclercdrive.fr/image.ashx?id=2647958&use=l&cat=p&typeid=i","cat":287899},{"id":30212,"n":"Soufflés l'Original Curly Cacahuète - 100g","p":0.85,"u":"8,50 €/KG","img":"https://fd9-photos.leclercdrive.fr/image.ashx?id=2693635&use=l&cat=p&typeid=i","cat":284449},{"id":30213,"n":"Soufflés l'Original Curly Cacahuète - 2x100g","p":1.71,"u":"8,55 €/KG","img":"https://fd9-photos.leclercdrive.fr/image.ashx?id=2962887&use=l&cat=p&typeid=i","cat":284449},{"id":30230,"n":"AOC Gaillac Vin blanc Perlé Réserve de Labastide - 75cl","p":4.02,"u":"5,36 €/L","img":"https://fd9-photos.leclercdrive.fr/image.ashx?id=1650893&use=l&cat=p&typeid=i","cat":289557},{"id":30235,"n":"Bonbons Tic Tac  Menthe x100 - 49g","p":1.62,"u":"33,06 €/KG","img":"https://fd9-photos.leclercdrive.fr/image.ashx?id=2729470&use=l&cat=p&typeid=i","cat":304256},{"id":30256,"n":"Pâte à tartiner Nutella 825g","p":5.77,"u":"6,99 €/KG","img":"https://fd9-photos.leclercdrive.fr/image.ashx?id=2961813&use=l&cat=p&typeid=i","cat":284481},{"id":30257,"n":"Cassoulet La Belle Chaurienne Au canard 420g","p":2.9,"u":"6,90 €/KG","img":"https://fd9-photos.leclercdrive.fr/image.ashx?id=2831912&use=l&cat=p&typeid=i","cat":284440},{"id":30258,"n":"Tripes La Belle Chaurienne Au jambon 420g","p":2.42,"u":"5,76 €/KG","img":"https://fd9-photos.leclercdrive.fr/image.ashx?id=2450850&use=l&cat=p&typeid=i","cat":284441},{"id":30264,"n":"Jambonneau Miquel Boîte - 400g","p":4.6,"u":"11,50 €/KG","img":"https://fd9-photos.leclercdrive.fr/image.ashx?id=2516347&use=l&cat=p&typeid=i","cat":305149},{"id":30265,"n":"Gésiers de canard Miquel Confit 1/2 - 400g","p":7.06,"u":"17,65 €/KG","img":"https://fd9-photos.leclercdrive.fr/image.ashx?id=1649813&use=l&cat=p&typeid=i","cat":284440},{"id":30272,"n":"IGP Pays d'Oc rouge Merlot Les Ormes de Cambras 12.5% BIB 5L","p":15.55,"u":"3,11 €/L","img":"https://fd9-photos.leclercdrive.fr/image.ashx?id=2443871&use=l&cat=p&typeid=i","cat":289560},{"id":30273,"n":"IGP Pays d'OC rouge Les Ormes De Cambras Sauvignon 12% BIB 5L","p":15.67,"u":"3,13 €/L","img":"https://fd9-photos.leclercdrive.fr/image.ashx?id=2445115&use=l&cat=p&typeid=i","cat":289560},{"id":30278,"n":"AOC Blanquette de Limoux fruité Méthode ancestrale - 75cl","p":6.95,"pp":6.45,"u":"8,60 €/L","img":"https://fd9-photos.leclercdrive.fr/image.ashx?id=1653216&use=l&cat=p&typeid=i","cat":284544},{"id":30300,"n":"IGP Confit Maistres Occitans Cuisse de canard x1 - 180g","p":5.37,"u":"29,83 €/KG","img":"https://fd9-photos.leclercdrive.fr/image.ashx?id=1746686&use=l&cat=p&typeid=i","cat":284339},{"id":30303,"n":"Café en grains Le Bonifieur Giacomo - 1kg","p":18.9,"u":"18,90 €/KG","img":"https://fd9-photos.leclercdrive.fr/image.ashx?id=2098853&use=l&cat=p&typeid=i","cat":293237},{"id":30360,"n":"Bonbons Tic Tac 100 pastilles citron vert et orange - 49g","p":1.62,"u":"33,06 €/KG","img":"https://fd9-photos.leclercdrive.fr/image.ashx?id=2736280&use=l&cat=p&typeid=i","cat":304256},{"id":30362,"n":"Fleur de maïs Maïzena 400g","p":1.38,"u":"3,45 €/KG","img":"https://fd9-photos.leclercdrive.fr/image.ashx?id=2312770&use=l&cat=p&typeid=i","cat":288382},{"id":30372,"n":"Fleur de Maïs Maïzena Sans Gluten Format Famille 700g","p":2.47,"u":"3,53 €/KG","img":"https://fd9-photos.leclercdrive.fr/image.ashx?id=2773907&use=l&cat=p&typeid=i","cat":288382},{"id":30386,"n":"Crème dessert Mont Blanc Boîte Praliné - 570g","p":2.46,"u":"4,32 €/KG","img":"https://fd9-photos.leclercdrive.fr/image.ashx?id=3011596&use=l&cat=p&typeid=i","cat":284506},{"id":30395,"n":"Piment d'Espelette AOP Ducros - 40g","p":9.06,"u":"226,50 €/KG","img":"https://fd9-photos.leclercdrive.fr/image.ashx?id=2559463&use=l&cat=p&typeid=i","cat":298297},{"id":30407,"n":"Dés de fromage salade Boursin Ail & fines herbes -120g","p":2.27,"u":"18,92 €/KG","img":"https://fd9-photos.leclercdrive.fr/image.ashx?id=2864366&use=l&cat=p&typeid=i","cat":314027},{"id":30415,"n":"IGP Pays d'Oc rouge J-P Chenet Cabernet Syrah 13% vol - BIB 3L","p":10.42,"u":"3,47 €/L","img":"https://fd9-photos.leclercdrive.fr/image.ashx?id=2837451&use=l&cat=p&typeid=i","cat":289560},{"id":30471,"n":"Yaourts Cazaubon Vanille - 4x125g","p":1.68,"u":"3,36 €/KG","img":"https://fd9-photos.leclercdrive.fr/image.ashx?id=1642109&use=l&cat=p&typeid=i","cat":286006},{"id":30477,"n":"Chocolat Pâtissier Nestlé Dessert : Praliné - 170g","p":2.99,"u":"17,59 €/KG","img":"https://fd9-photos.leclercdrive.fr/image.ashx?id=2895637&use=l&cat=p&typeid=i","cat":285562},{"id":30537,"n":"IGP Foie gras Maistres Occitans Canard 200g","p":11.95,"pp":7.89,"u":"39,45 €/KG","img":"https://fd9-photos.leclercdrive.fr/image.ashx?id=2261870&use=l&cat=p&typeid=i","cat":316008},{"id":30570,"n":"Sauce Tube Ail Oignons Panzani Panzani - 180G","p":1.1,"u":"6,11 €/KG","img":"https://fd9-photos.leclercdrive.fr/image.ashx?id=3004804&use=l&cat=p&typeid=i","cat":288384},{"id":30572,"n":"Pur jus de pomme Jafaden 1L","p":2.15,"u":"2,15 €/L","img":"https://fd9-photos.leclercdrive.fr/image.ashx?id=2403691&use=l&cat=p&typeid=i","cat":285435},{"id":30573,"n":"Edulcorant sucralose Canderel Briquet x300","p":3.08,"u":"99,35 €/KG","img":"https://fd9-photos.leclercdrive.fr/image.ashx?id=2811014&use=l&cat=p&typeid=i","cat":324846},{"id":30575,"n":"Happy' Box Haribo Boîte bonbons - 600g","p":4.26,"u":"7,10 €/KG","img":"https://fd9-photos.leclercdrive.fr/image.ashx?id=2802353&use=l&cat=p&typeid=i","cat":304250},{"id":30576,"n":"Zanzigliss Haribo Sachet bonbons réglisse - 300g","p":1.44,"u":"4,80 €/KG","img":"https://fd9-photos.leclercdrive.fr/image.ashx?id=2802347&use=l&cat=p&typeid=i","cat":304250},{"id":30577,"n":"Les Schtroumpfs Pik Haribo Sachet bonbons acidulés - 275g","p":1.46,"u":"5,31 €/KG","img":"https://fd9-photos.leclercdrive.fr/image.ashx?id=2984898&use=l&cat=p&typeid=i","cat":304250},{"id":30578,"n":"Bonbons LUTTI Scoubidou Doux Fruits - 200g","p":1.22,"u":"6,10 €/KG","img":"https://fd9-photos.leclercdrive.fr/image.ashx?id=2817434&use=l&cat=p&typeid=i","cat":304250},{"id":30587,"n":"Yaourts châtaignes Bio village Bio au lait de brebis - 2x125g","p":1.67,"u":"6,68 €/KG","img":"https://fd9-photos.leclercdrive.fr/image.ashx?id=2658593&use=l&cat=p&typeid=i","cat":314998},{"id":30592,"n":"Fromage blanc Délisse Sucré 3% MG - 8x100g","p":2.29,"u":"2,86 €/KG","img":"https://fd9-photos.leclercdrive.fr/image.ashx?id=1744463&use=l&cat=p&typeid=i","cat":284409},{"id":30600,"n":"Billes Chocolat au Lait KitKat Sachet  - 250g","p":3.96,"u":"15,84 €/KG","img":"https://fd9-photos.leclercdrive.fr/image.ashx?id=2806063&use=l&cat=p&typeid=i","cat":304238},{"id":30607,"n":"Soupe liquide Liebig  Potiron et kiri - Brique 1L","p":2.71,"u":"2,71 €/L","img":"https://fd9-photos.leclercdrive.fr/image.ashx?id=2892130&use=l&cat=p&typeid=i","cat":284462},{"id":30619,"n":"Jambon cru Aoste Quart Tranché  sans conservateur -  x18 - 220g","p":5.38,"u":"24,45 €/KG","img":"https://fd9-photos.leclercdrive.fr/image.ashx?id=2948057&use=l&cat=p&typeid=i","cat":316007},{"id":30640,"n":"Lapin chasseur Côté Table 280g","p":2.2,"u":"7,86 €/KG","img":"https://fd9-photos.leclercdrive.fr/image.ashx?id=2393866&use=l&cat=p&typeid=i","cat":284953},{"id":30641,"n":"Son d'avoine bio Bio Village 500g","p":2.69,"u":"5,38 €/KG","img":"https://fd9-photos.leclercdrive.fr/image.ashx?id=2551987&use=l&cat=p&typeid=i","cat":309512},{"id":30646,"n":"Salade Notre Jardin Feuille de chêne - 125g","p":0.95,"u":"7,60 €/KG","img":"https://fd9-photos.leclercdrive.fr/image.ashx?id=2657951&use=l&cat=p&typeid=i","cat":284353},{"id":30656,"n":"Bandes de cire froide Siliss Maillot aisselles - x16","p":2.19,"u":"0,14 €/P","img":"https://fd9-photos.leclercdrive.fr/image.ashx?id=2602784&use=l&cat=p&typeid=i","cat":325351},{"id":30729,"n":"Crème Dépilatoire Siliss Maillot aisselles - 100ml","p":1.79,"u":"17,90 €/L","img":"https://fd9-photos.leclercdrive.fr/image.ashx?id=2699687&use=l&cat=p&typeid=i","cat":325351},{"id":30733,"n":"Déboucheur canalisations Syphon 1L","p":1.39,"u":"1,39 €/L","img":"https://fd9-photos.leclercdrive.fr/image.ashx?id=2794193&use=l&cat=p&typeid=i","cat":284908},{"id":30780,"n":"Sacs poubelle 30L Eco+ x20","p":0.58,"u":"0,03 €/P","img":"https://fd9-photos.leclercdrive.fr/image.ashx?id=1979356&use=l&cat=p&typeid=i","cat":285168},{"id":30781,"n":"Sacs poubelle 50L Eco+ x10","p":0.41,"u":"0,04 €/P","img":"https://fd9-photos.leclercdrive.fr/image.ashx?id=1904756&use=l&cat=p&typeid=i","cat":285168},{"id":30791,"n":"Mouchoirs blancs 2 plis Eco+ Boîte mouchoirs en papier- x150","p":0.62,"img":"https://fd9-photos.leclercdrive.fr/image.ashx?id=2897751&use=l&cat=p&typeid=i","cat":284638},{"id":30808,"n":"Coton-tiges Eco+ Tige papier x200 bâtonnets","p":0.34,"img":"https://fd9-photos.leclercdrive.fr/image.ashx?id=2579141&use=l&cat=p&typeid=i","cat":284636},{"id":30815,"n":"Dissolvant Eco+ 250ml","p":1.33,"u":"5,32 €/L","img":"https://fd9-photos.leclercdrive.fr/image.ashx?id=1873934&use=l&cat=p&typeid=i","cat":325347},{"id":30816,"n":"Film étirable Eco+ 50m","p":0.95,"img":"https://fd9-photos.leclercdrive.fr/image.ashx?id=2048995&use=l&cat=p&typeid=i","cat":334134},{"id":30848,"n":"Vinaigre ménager Onyx 1L","p":1.6,"u":"1,60 €/L","img":"https://fd9-photos.leclercdrive.fr/image.ashx?id=2398553&use=l&cat=p&typeid=i","cat":300576},{"id":30850,"n":"Blanquette veau Côté Table Champignons 285g","p":2.2,"u":"7,72 €/KG","img":"https://fd9-photos.leclercdrive.fr/image.ashx?id=2064822&use=l&cat=p&typeid=i","cat":284953},{"id":30856,"n":"Emincés de poulet Tradilège Rôti - 2x75g","p":2.09,"u":"13,93 €/KG","img":"https://fd9-photos.leclercdrive.fr/image.ashx?id=2930775&use=l&cat=p&typeid=i","cat":316011},{"id":30882,"n":"Bloc de fromage Leerdammer L'Original - 250g","p":3.34,"u":"13,36 €/KG","img":"https://fd9-photos.leclercdrive.fr/image.ashx?id=2146096&use=l&cat=p&typeid=i","cat":314034},{"id":30901,"n":"Cookies Chaque Jour sans gluten aux pépites de chocolat - 150g","p":2.44,"u":"16,27 €/KG","img":"https://fd9-photos.leclercdrive.fr/image.ashx?id=1454214&use=l&cat=p&typeid=i","cat":318654},{"id":30905,"n":"Coquilles moelleuses x6 Chaque Jour Sans Gluten 180g","p":2.2,"u":"12,22 €/KG","img":"https://fd9-photos.leclercdrive.fr/image.ashx?id=1939043&use=l&cat=p&typeid=i","cat":318654},{"id":30917,"n":"Pâtes Escalope volaille Marie Crème champignons - 900g","p":4.4,"u":"4,89 €/KG","img":"https://fd9-photos.leclercdrive.fr/image.ashx?id=2996794&use=l&cat=p&typeid=i","cat":284254},{"id":30929,"n":"Tortillas chips Tables du Monde Nature - 200g","p":1.15,"u":"5,75 €/KG","img":"https://fd9-photos.leclercdrive.fr/image.ashx?id=2655695&use=l&cat=p&typeid=i","cat":288993},{"id":30932,"n":"Biscuits déli matin P'tit Déli  Chocolat allégé- 300g","p":1.88,"u":"6,27 €/KG","img":"https://fd9-photos.leclercdrive.fr/image.ashx?id=3001202&use=l&cat=p&typeid=i","cat":284491},{"id":30933,"n":"Biscuit chocolat noir Gerblé Sans Sucres Ajoutés - 126g","p":1.87,"u":"14,84 €/KG","img":"https://fd9-photos.leclercdrive.fr/image.ashx?id=2662799&use=l&cat=p&typeid=i","cat":318653},{"id":30947,"n":"Pâtes Collezione Barilla Tagliatelle - 500g","p":1.42,"u":"2,84 €/KG","img":"https://fd9-photos.leclercdrive.fr/image.ashx?id=2654119&use=l&cat=p&typeid=i","cat":284427},{"id":30951,"n":"Chocolat au lait Tablette d'Or Coeur de lait - 2x100g","p":1.95,"u":"9,75 €/KG","img":"https://fd9-photos.leclercdrive.fr/image.ashx?id=3010575&use=l&cat=p&typeid=i","cat":284497},{"id":30983,"n":"Filets de limande Pêche Océan Meunière - MSC - 400g","p":6.85,"u":"17,13 €/KG","img":"https://fd9-photos.leclercdrive.fr/image.ashx?id=2489122&use=l&cat=p&typeid=i","cat":319788},{"id":30989,"n":"Quiche lorraine Côté Table 2x150g","p":2.92,"u":"9,73 €/KG","img":"https://fd9-photos.leclercdrive.fr/image.ashx?id=2992522&use=l&cat=p&typeid=i","cat":284257},{"id":30992,"n":"Poêlée paysanne Marie Saucisse fumé - 900g","p":4.99,"u":"5,54 €/KG","img":"https://fd9-photos.leclercdrive.fr/image.ashx?id=2996797&use=l&cat=p&typeid=i","cat":319823},{"id":31019,"n":"Feuilles de lasagne Turini 350g","p":2.69,"u":"7,69 €/KG","img":"https://fd9-photos.leclercdrive.fr/image.ashx?id=2174696&use=l&cat=p&typeid=i","cat":333682},{"id":31027,"n":"Cappuccino soluble Plantation nature - 280g","p":3.21,"u":"11,46 €/KG","img":"https://fd9-photos.leclercdrive.fr/image.ashx?id=2460595&use=l&cat=p&typeid=i","cat":284843},{"id":31029,"n":"Escalope Cordon Bleu Père Dodu  Dinde - Comté x2 - 200g","p":2.4,"u":"12,00 €/KG","img":"https://fd9-photos.leclercdrive.fr/image.ashx?id=2957179&use=l&cat=p&typeid=i","cat":333683},{"id":31044,"n":"Haricots verts Notre Jardin Extra fins - 5 Fagots - 220g","p":2.15,"u":"9,77 €/KG","img":"https://fd9-photos.leclercdrive.fr/image.ashx?id=788822&use=l&cat=p&typeid=i","cat":312606},{"id":31046,"n":"Assortiment crackers Tokapi Emmental - 100g","p":0.64,"u":"6,40 €/KG","img":"https://fd9-photos.leclercdrive.fr/image.ashx?id=2034386&use=l&cat=p&typeid=i","cat":297000},{"id":31050,"n":"Biscuits pavot citron GERBLE  - 4x4  200g","p":1.52,"u":"7,60 €/KG","img":"https://fd9-photos.leclercdrive.fr/image.ashx?id=2967001&use=l&cat=p&typeid=i","cat":318651},{"id":31052,"n":"Biscuits figue et son GERBLE   - 5x5, 210g","p":1.4,"u":"6,67 €/KG","img":"https://fd9-photos.leclercdrive.fr/image.ashx?id=2662319&use=l&cat=p&typeid=i","cat":318651},{"id":31058,"n":"Pâtes Barilla Capellini n°1 - 500g","p":0.94,"u":"1,88 €/KG","img":"https://fd9-photos.leclercdrive.fr/image.ashx?id=2392194&use=l&cat=p&typeid=i","cat":284427},{"id":31068,"n":"Chocolat Pâtissier Tablette dOr Lait - 170g","p":1.99,"u":"11,71 €/KG","img":"https://fd9-photos.leclercdrive.fr/image.ashx?id=2482884&use=l&cat=p&typeid=i","cat":285562},{"id":31069,"n":"Chocolat Pâtissier Tablette dOr Chocolat Blanc - 180g","p":2.03,"u":"11,28 €/KG","img":"https://fd9-photos.leclercdrive.fr/image.ashx?id=2562879&use=l&cat=p&typeid=i","cat":285562},{"id":31084,"n":"Crackers Tokapi Sésame et pavot - 100g","p":0.69,"u":"6,90 €/KG","img":"https://fd9-photos.leclercdrive.fr/image.ashx?id=1921880&use=l&cat=p&typeid=i","cat":297000},{"id":31086,"n":"Capsules Nescafé Dolce Gusto  Lungo Décaféiné - x16","p":4.98,"u":"44,46 €/KG","img":"https://fd9-photos.leclercdrive.fr/image.ashx?id=2836676&use=l&cat=p&typeid=i","cat":293239},{"id":31095,"n":"Filets maquereaux Pêche Océan Citron olives - 176g","p":1.78,"u":"10,11 €/KG","img":"https://fd9-photos.leclercdrive.fr/image.ashx?id=2515679&use=l&cat=p&typeid=i","cat":303868},{"id":31097,"n":"Feuilletés Tokapi Emmental - 85g","p":0.98,"u":"11,53 €/KG","img":"https://fd9-photos.leclercdrive.fr/image.ashx?id=1884022&use=l&cat=p&typeid=i","cat":297000},{"id":31098,"n":"Capsules Nescafé Dolce Gusto  Café au Lait - x16","p":4.48,"u":"28,00 €/KG","img":"https://fd9-photos.leclercdrive.fr/image.ashx?id=2946637&use=l&cat=p&typeid=i","cat":293239},{"id":31101,"n":"Filets maquereaux Pêche Océan Sauce escabèche - 169g","p":1.15,"u":"6,80 €/KG","img":"https://fd9-photos.leclercdrive.fr/image.ashx?id=2394666&use=l&cat=p&typeid=i","cat":303868},{"id":31105,"n":"Gaufrettes P'tit Déli Praliné noisette x15 110g","p":0.87,"u":"7,91 €/KG","img":"https://fd9-photos.leclercdrive.fr/image.ashx?id=2418245&use=l&cat=p&typeid=i","cat":284488},{"id":31113,"n":"Haricots rouges Notre Jardin 500g","p":1.37,"u":"2,74 €/KG","img":"https://fd9-photos.leclercdrive.fr/image.ashx?id=2448980&use=l&cat=p&typeid=i","cat":312606},{"id":31116,"n":"Pâtes bio Jardin Bio' Tire-bouchon semi-complet  500g","p":1.87,"u":"3,74 €/KG","img":"https://fd9-photos.leclercdrive.fr/image.ashx?id=2961116&use=l&cat=p&typeid=i","cat":284427},{"id":31136,"n":"Pâtes Torti Panzani 3 Minutes - 1Kg","p":2.26,"u":"2,26 €/KG","img":"https://fd9-photos.leclercdrive.fr/image.ashx?id=2896099&use=l&cat=p&typeid=i","cat":284427},{"id":31143,"n":"Lait concentré sucré Délisse 397g","p":1.35,"u":"3,40 €/KG","img":"https://fd9-photos.leclercdrive.fr/image.ashx?id=2085236&use=l&cat=p&typeid=i","cat":299162},{"id":31149,"n":"Les p'tites spirales P'tit Déli Fraise 150g","p":1.55,"u":"10,33 €/KG","img":"https://fd9-photos.leclercdrive.fr/image.ashx?id=2660419&use=l&cat=p&typeid=i","cat":284495},{"id":31156,"n":"Café Soluble Nescafé x25 - 50g","p":2.05,"u":"41,00 €/KG","img":"https://fd9-photos.leclercdrive.fr/image.ashx?id=2485131&use=l&cat=p&typeid=i","cat":284843},{"id":31174,"n":"Pâtes penne rigate Panzani 1kg","p":1.93,"u":"1,93 €/KG","img":"https://fd9-photos.leclercdrive.fr/image.ashx?id=2876020&use=l&cat=p&typeid=i","cat":284427},{"id":31183,"n":"Pain campagnard Schar 240g","p":3.35,"u":"13,96 €/KG","img":"https://fd9-photos.leclercdrive.fr/image.ashx?id=2267978&use=l&cat=p&typeid=i","cat":325069},{"id":31200,"n":"AOP Bordeaux rouge Baron de Lestac - BIB 3L","p":13.99,"u":"4,66 €/L","img":"https://fd9-photos.leclercdrive.fr/image.ashx?id=2420910&use=l&cat=p&typeid=i","cat":289560},{"id":31211,"n":"Grana Padano AOP Casa Azzurra Râpé -  100g","p":1.89,"u":"18,90 €/KG","img":"https://fd9-photos.leclercdrive.fr/image.ashx?id=2284730&use=l&cat=p&typeid=i","cat":314035},{"id":31265,"n":"Friandises chats Félix Original  Party mix - 60g","p":1.23,"u":"20,50 €/KG","img":"https://fd9-photos.leclercdrive.fr/image.ashx?id=2683346&use=l&cat=p&typeid=i","cat":285285},{"id":31267,"n":"Friandises chats Félix Saveur océane Party mix  - 60g","p":1.23,"u":"20,50 €/KG","img":"https://fd9-photos.leclercdrive.fr/image.ashx?id=2910210&use=l&cat=p&typeid=i","cat":285285},{"id":31289,"n":"Emmental râpé Entremont 3x70g","p":2.33,"u":"11,10 €/KG","img":"https://fd9-photos.leclercdrive.fr/image.ashx?id=2983150&use=l&cat=p&typeid=i","cat":314035},{"id":31301,"n":"Steak haché Férial  15%mg - X10 - 1kg","p":11.9,"u":"11,90 €/KG","img":"https://fd9-photos.leclercdrive.fr/image.ashx?id=1659140&use=l&cat=p&typeid=i","cat":319778},{"id":31389,"n":"Menus gourmands Tous mes amis pour chatons - 12x100g","p":4.29,"u":"3,58 €/KG","img":"https://fd9-photos.leclercdrive.fr/image.ashx?id=2027595&use=l&cat=p&typeid=i","cat":285286},{"id":31447,"n":"Tablette Chocolat Lait Crunch Céréales Croustillantes 2x100g","p":2.61,"u":"13,05 €/KG","img":"https://fd9-photos.leclercdrive.fr/image.ashx?id=2899740&use=l&cat=p&typeid=i","cat":284497},{"id":31449,"n":"Tortillas chips Eco+ Nature - 300g","p":0.94,"u":"3,13 €/KG","img":"https://fd9-photos.leclercdrive.fr/image.ashx?id=2564485&use=l&cat=p&typeid=i","cat":287899},{"id":31458,"n":"Moutarde de Dijon Rustica  Fine et forte - 160g","p":0.95,"u":"5,94 €/KG","img":"https://fd9-photos.leclercdrive.fr/image.ashx?id=1921625&use=l&cat=p&typeid=i","cat":288850},{"id":31590,"n":"Cahier de musique 48 pages 17x22","p":0.99,"img":"https://fd9-photos.leclercdrive.fr/image.ashx?id=1690925&use=l&cat=p&typeid=i","cat":284697},{"id":31641,"n":"Poulet basquaise Côté Table Riz 285g","p":1.81,"u":"6,35 €/KG","img":"https://fd9-photos.leclercdrive.fr/image.ashx?id=2476149&use=l&cat=p&typeid=i","cat":284953},{"id":31656,"n":"Cornichons Rustica Aigre Doux - 360g","p":1.63,"u":"4,53 €/KG","img":"https://fd9-photos.leclercdrive.fr/image.ashx?id=2916698&use=l&cat=p&typeid=i","cat":284458},{"id":31661,"n":"Sirop La Maison Guiot Pêche blanche - 70cl","p":3.34,"u":"4,77 €/L","img":"https://fd9-photos.leclercdrive.fr/image.ashx?id=2857198&use=l&cat=p&typeid=i","cat":295020},{"id":31680,"n":"Lingettes bébé Mots d'Enfants Ultra-douces - x24","p":1.25,"u":"0,05 €/P","img":"https://fd9-photos.leclercdrive.fr/image.ashx?id=2856501&use=l&cat=p&typeid=i","cat":284738},{"id":31682,"n":"Sachet repas chat Tous mes amis Viande en sauces - 4x100g","p":1.49,"u":"3,73 €/KG","img":"https://fd9-photos.leclercdrive.fr/image.ashx?id=2043005&use=l&cat=p&typeid=i","cat":285286},{"id":31709,"n":"Viande boeuf séchée Saint Azay 10 tranches - 80g","p":3.78,"u":"47,25 €/KG","img":"https://fd9-photos.leclercdrive.fr/image.ashx?id=2071366&use=l&cat=p&typeid=i","cat":316007},{"id":31714,"n":"Pur jus de pomme Bio Village Bio - 6x20cl","p":3.25,"u":"2,71 €/L","img":"https://fd9-photos.leclercdrive.fr/image.ashx?id=2077442&use=l&cat=p&typeid=i","cat":284524},{"id":31717,"n":"Parmigiano Reg AOP Casa Azzurra Râpé -  60g","p":1.42,"u":"23,67 €/KG","img":"https://fd9-photos.leclercdrive.fr/image.ashx?id=2261951&use=l&cat=p&typeid=i","cat":314035},{"id":31728,"n":"Jus de pomme Jafaden Nectar - 2L","p":2.15,"u":"1,08 €/L","img":"https://fd9-photos.leclercdrive.fr/image.ashx?id=2047049&use=l&cat=p&typeid=i","cat":284522},{"id":31729,"n":"Jus de pomme Jafaden A base de concentré - 1L","p":0.95,"u":"0,95 €/L","img":"https://fd9-photos.leclercdrive.fr/image.ashx?id=2550842&use=l&cat=p&typeid=i","cat":284522},{"id":31730,"n":"Pur jus de pomme Jafaden 1L","p":0.99,"u":"0,99 €/L","img":"https://fd9-photos.leclercdrive.fr/image.ashx?id=1936638&use=l&cat=p&typeid=i","cat":284522},{"id":31731,"n":"Thé glacé Fresh Tea Pêche - 1L","p":1.03,"u":"1,03 €/L","img":"https://fd9-photos.leclercdrive.fr/image.ashx?id=2622251&use=l&cat=p&typeid=i","cat":295019},{"id":31733,"n":"Pur jus multifruits Jafaden 1L","p":1.39,"u":"1,39 €/L","img":"https://fd9-photos.leclercdrive.fr/image.ashx?id=2890006&use=l&cat=p&typeid=i","cat":284917},{"id":31736,"n":"Nectar Jafaden Goyave - 1L","p":2.08,"u":"2,08 €/L","img":"https://fd9-photos.leclercdrive.fr/image.ashx?id=2956092&use=l&cat=p&typeid=i","cat":284916},{"id":31737,"n":"Nectar Jafaden Passion - 1L","p":2.71,"u":"2,71 €/L","img":"https://fd9-photos.leclercdrive.fr/image.ashx?id=2959599&use=l&cat=p&typeid=i","cat":284916},{"id":31830,"n":"Sachet repas chat Tous mes amis Viande en sauce - 12x100g","p":3.65,"u":"3,04 €/KG","img":"https://fd9-photos.leclercdrive.fr/image.ashx?id=2027601&use=l&cat=p&typeid=i","cat":285286},{"id":31899,"n":"Huile OPTIMA Tramier  1L","p":5.18,"u":"5,18 €/L","img":"https://fd9-photos.leclercdrive.fr/image.ashx?id=2680407&use=l&cat=p&typeid=i","cat":284453},{"id":31915,"n":"Mayonnaise à la moutarde de Dij  de Dijon Rustica - 235 g","p":1.25,"u":"5,32 €/KG","img":"https://fd9-photos.leclercdrive.fr/image.ashx?id=2448709&use=l&cat=p&typeid=i","cat":298295},{"id":31918,"n":"Sucre Tablier Blanc En morceaux - 1kg","p":1.99,"u":"1,99 €/KG","img":"https://fd9-photos.leclercdrive.fr/image.ashx?id=2116140&use=l&cat=p&typeid=i","cat":284502},{"id":31920,"n":"Matière grasse Rustica à tartiner 50%MG Omega 3 - 500g","p":1.98,"u":"3,96 €/KG","img":"https://fd9-photos.leclercdrive.fr/image.ashx?id=1585635&use=l&cat=p&typeid=i","cat":315229},{"id":31983,"n":"Cidre rosé Les Goelleries 2.5%vol. - 75cl","p":2.29,"u":"3,05 €/L","img":"https://fd9-photos.leclercdrive.fr/image.ashx?id=2842292&use=l&cat=p&typeid=i","cat":334880},{"id":31988,"n":"Sachet repas chat Tous mes amis Poissons en gelée - 4x100g","p":1.33,"u":"3,33 €/KG","img":"https://fd9-photos.leclercdrive.fr/image.ashx?id=2043002&use=l&cat=p&typeid=i","cat":285286},{"id":32054,"n":"Eau minérale gazeuse St Diery  Naturelle - 6x50cl","p":1.45,"u":"0,48 €/L","img":"https://fd9-photos.leclercdrive.fr/image.ashx?id=2423532&use=l&cat=p&typeid=i","cat":284536},{"id":32059,"n":"Sachet repas chat Tous mes amis Viande en geléé - 12x100g","p":3.65,"u":"3,04 €/KG","img":"https://fd9-photos.leclercdrive.fr/image.ashx?id=2027598&use=l&cat=p&typeid=i","cat":285286},{"id":32064,"n":"Mousse à raser Carré Homme Sensible - 250ml","p":1.39,"u":"5,56 €/L","img":"https://fd9-photos.leclercdrive.fr/image.ashx?id=2255887&use=l&cat=p&typeid=i","cat":284617},{"id":32065,"n":"Couches bébé Mots d'Enfants T4 Douceur - 7/18kg - x74 changes","p":10.6,"u":"0,14 €/P","img":"https://fd9-photos.leclercdrive.fr/image.ashx?id=2907192&use=l&cat=p&typeid=i","cat":284737},{"id":32098,"n":"Biscuits Dinosaurus Lotus  Chocolat noir - 225g","p":2.06,"u":"9,16 €/KG","img":"https://fd9-photos.leclercdrive.fr/image.ashx?id=2859812&use=l&cat=p&typeid=i","cat":284488},{"id":32125,"n":"Mélange Fruité Tokapi Fruits et graines - 110g","p":1.65,"u":"15,00 €/KG","img":"https://fd9-photos.leclercdrive.fr/image.ashx?id=2794003&use=l&cat=p&typeid=i","cat":284448},{"id":32183,"n":"Couches bébé Mots d'Enfants T4+ Douceur - 9/20kg - x70 changes","p":10.8,"u":"0,15 €/P","img":"https://fd9-photos.leclercdrive.fr/image.ashx?id=2699471&use=l&cat=p&typeid=i","cat":284737},{"id":32186,"n":"Couches bébé Mots d'Enfants T5 Douceur - 11/25kg - x66","p":10.7,"u":"0,16 €/P","img":"https://fd9-photos.leclercdrive.fr/image.ashx?id=2699474&use=l&cat=p&typeid=i","cat":284737},{"id":32202,"n":"Couches bébé Mots d'Enfants T3 Douceur - 4/9kg - x90 changes","p":11.4,"u":"0,13 €/P","img":"https://fd9-photos.leclercdrive.fr/image.ashx?id=2699465&use=l&cat=p&typeid=i","cat":284737},{"id":32213,"n":"Bacon fumé Herta Barquette 100g","p":2.25,"u":"22,50 €/KG","img":"https://fd9-photos.leclercdrive.fr/image.ashx?id=2876236&use=l&cat=p&typeid=i","cat":316011},{"id":32255,"n":"Déodorant Manava Pierre d'alun/Aloé véra - 200ml","p":1.44,"u":"7,20 €/L","img":"https://fd9-photos.leclercdrive.fr/image.ashx?id=1858226&use=l&cat=p&typeid=i","cat":284595},{"id":32267,"n":"Emmental fromage rapé Les Croisés - 325g","p":2.65,"u":"8,15 €/KG","img":"https://fd9-photos.leclercdrive.fr/image.ashx?id=2832942&use=l&cat=p&typeid=i","cat":314035},{"id":32291,"n":"Bonbons sans sucres Confiséo Aux plantes - 150g","p":2.49,"u":"16,60 €/KG","img":"https://fd9-photos.leclercdrive.fr/image.ashx?id=2934700&use=l&cat=p&typeid=i","cat":304252},{"id":32293,"n":"Sucre de canne Tablier Blanc Cassonade 750g","p":1.55,"u":"2,07 €/KG","img":"https://fd9-photos.leclercdrive.fr/image.ashx?id=2501676&use=l&cat=p&typeid=i","cat":284502},{"id":32301,"n":"Biscuit Petit beurre P'tit Déli Tablette chocolat blanc - 150g","p":1.49,"u":"9,93 €/KG","img":"https://fd9-photos.leclercdrive.fr/image.ashx?id=2517772&use=l&cat=p&typeid=i","cat":284488},{"id":32352,"n":"Emmental fromage râpé bio Bio village - 200g","p":2.31,"u":"11,55 €/KG","img":"https://fd9-photos.leclercdrive.fr/image.ashx?id=1972558&use=l&cat=p&typeid=i","cat":314035},{"id":32353,"n":"Mozzarella Les Croisés - 3x125g","p":2.75,"u":"7,33 €/KG","img":"https://fd9-photos.leclercdrive.fr/image.ashx?id=2130008&use=l&cat=p&typeid=i","cat":314026},{"id":32371,"n":"Petits pots  Babybio Bio Carotte quinoa - 8mois 2x200g","p":2.5,"u":"6,25 €/KG","img":"https://fd9-photos.leclercdrive.fr/image.ashx?id=2834512&use=l&cat=p&typeid=i","cat":312239},{"id":32380,"n":"Farine de blé Eco+ 1kg","p":0.54,"u":"0,54 €/KG","img":"https://fd9-photos.leclercdrive.fr/image.ashx?id=2659774&use=l&cat=p&typeid=i","cat":284503},{"id":32386,"n":"Mélange forestier Notre Jardin 225g","p":2.57,"u":"11,42 €/KG","img":"https://fd9-photos.leclercdrive.fr/image.ashx?id=2804329&use=l&cat=p&typeid=i","cat":312612},{"id":32387,"n":"Ratatouille Notre Jardin A la provençale - 375g","p":1.06,"u":"2,83 €/KG","img":"https://fd9-photos.leclercdrive.fr/image.ashx?id=2526294&use=l&cat=p&typeid=i","cat":312612},{"id":32390,"n":"Cuisse poulet jaune Volandrie x2 - 500g","p":2.85,"u":"5,70 €/KG","img":"https://fd9-photos.leclercdrive.fr/image.ashx?id=2425330&use=l&cat=p&typeid=i","cat":284336},{"id":32412,"n":"Cahier Esquisse Rouge - 24x32cm - 96p","p":1.39,"img":"https://fd9-photos.leclercdrive.fr/image.ashx?id=1703719&use=l&cat=p&typeid=i","cat":284697},{"id":32413,"n":"Cahier Esquisse Vert foncé - 24x32 cm- 96p","p":1.39,"img":"https://fd9-photos.leclercdrive.fr/image.ashx?id=981834&use=l&cat=p&typeid=i","cat":284697},{"id":32476,"n":"Sacs poubelles 10L Poubel'sak Blanc - x20","p":0.65,"u":"0,03 €/P","img":"https://fd9-photos.leclercdrive.fr/image.ashx?id=1893430&use=l&cat=p&typeid=i","cat":285168},{"id":32478,"n":"Fruits rouges Fruistar 650g","p":4.81,"u":"7,40 €/KG","img":"https://fd9-photos.leclercdrive.fr/image.ashx?id=2072629&use=l&cat=p&typeid=i","cat":284268},{"id":32497,"n":"Recharge Savon Mains Dettol Parfum Citron 250ml","p":2.11,"u":"8,44 €/L","img":"https://fd9-photos.leclercdrive.fr/image.ashx?id=2962020&use=l&cat=p&typeid=i","cat":284597},{"id":32516,"n":"Saumon fumé Bio Bio Village Atlantique x4T - 120g","p":5.77,"u":"48,08 €/KG","img":"https://fd9-photos.leclercdrive.fr/image.ashx?id=2374606&use=l&cat=p&typeid=i","cat":285188},{"id":32546,"n":"Chips à l'ancienne Bret's Sel de Guérande - 6x25g","p":2.64,"u":"17,60 €/KG","img":"https://fd9-photos.leclercdrive.fr/image.ashx?id=1702628&use=l&cat=p&typeid=i","cat":284447},{"id":32555,"n":"Fromage Maasdam Les Croisés tranches x14 - 27.1%mg - 350g","p":3.23,"u":"9,23 €/KG","img":"https://fd9-photos.leclercdrive.fr/image.ashx?id=2026322&use=l&cat=p&typeid=i","cat":314028},{"id":32558,"n":"Mimolette Les Croisés 23.7%mg portion - 250g","p":2.97,"u":"11,88 €/KG","img":"https://fd9-photos.leclercdrive.fr/image.ashx?id=2068823&use=l&cat=p&typeid=i","cat":314034},{"id":32631,"n":"Biscuits palmier Bio Village Bio - 100g","p":1.27,"u":"12,70 €/KG","img":"https://fd9-photos.leclercdrive.fr/image.ashx?id=2521773&use=l&cat=p&typeid=i","cat":284487},{"id":32643,"n":"Pruneaux d'Agen Couleurs Vives Dénoyautés - 500g","p":3.99,"u":"7,98 €/KG","img":"https://fd9-photos.leclercdrive.fr/image.ashx?id=2124107&use=l&cat=p&typeid=i","cat":284357},{"id":32724,"n":"Pain grillé bio Bio Village Céréales et graines - 225g","p":1.59,"u":"7,07 €/KG","img":"https://fd9-photos.leclercdrive.fr/image.ashx?id=2119166&use=l&cat=p&typeid=i","cat":284479},{"id":32728,"n":"Lait demi écrémé Eco+ Brique 1L","p":0.92,"u":"0,92 €/L","img":"https://fd9-photos.leclercdrive.fr/image.ashx?id=2925952&use=l&cat=p&typeid=i","cat":284377},{"id":32786,"n":"Déodorant bille Manava Pierre d'alun - 50ml","p":0.99,"u":"19,80 €/L","img":"https://fd9-photos.leclercdrive.fr/image.ashx?id=1734905&use=l&cat=p&typeid=i","cat":284595},{"id":32804,"n":"Poulet jaune St Charmin Val de Loire - 1.25kg","p":8.99,"u":"7,19 €/KG","img":"https://fd9-photos.leclercdrive.fr/image.ashx?id=2933304&use=l&cat=p&typeid=i","cat":284336},{"id":32809,"n":"Filets de poulet St Charmin Val de Loire x2 - 240g","p":5.49,"u":"22,88 €/KG","img":"https://fd9-photos.leclercdrive.fr/image.ashx?id=2933310&use=l&cat=p&typeid=i","cat":284336},{"id":32817,"n":"Eau minérale Mont Blanc 6x1.5L","p":2.83,"u":"0,31 €/L","img":"https://fd9-photos.leclercdrive.fr/image.ashx?id=2401110&use=l&cat=p&typeid=i","cat":284535},{"id":32829,"n":"Litière chats Tous mes Amis Optimale - 5L","p":4.5,"u":"0,90 €/L","img":"https://fd9-photos.leclercdrive.fr/image.ashx?id=2055220&use=l&cat=p&typeid=i","cat":284683},{"id":32878,"n":"Biscuits fins P'tit Déli Assortiment - 400g","p":4.55,"u":"11,38 €/KG","img":"https://fd9-photos.leclercdrive.fr/image.ashx?id=1654859&use=l&cat=p&typeid=i","cat":284490},{"id":32901,"n":"Escalopes de dinde Volandrie x2 - 240g","p":3.49,"u":"14,54 €/KG","img":"https://fd9-photos.leclercdrive.fr/image.ashx?id=2595924&use=l&cat=p&typeid=i","cat":284337},{"id":32902,"n":"Escalope de dinde Volandrie Extra fines x2 - 240g","p":3.49,"u":"14,54 €/KG","img":"https://fd9-photos.leclercdrive.fr/image.ashx?id=2048863&use=l&cat=p&typeid=i","cat":284337},{"id":32949,"n":"Gel Douche Fa Cap tonique mixte flacon- 250ml","p":1.51,"u":"6,04 €/L","img":"https://fd9-photos.leclercdrive.fr/image.ashx?id=2995418&use=l&cat=p&typeid=i","cat":284594},{"id":32954,"n":"Bûche glacée Eskiss Poire Chocolat - 549g","p":3.87,"u":"7,05 €/KG","img":"https://fd9-photos.leclercdrive.fr/image.ashx?id=2209852&use=l&cat=p&typeid=i","cat":284266},{"id":32957,"n":"Poitrine fumée Herta 2x100g","p":2.92,"u":"14,60 €/KG","img":"https://fd9-photos.leclercdrive.fr/image.ashx?id=2787773&use=l&cat=p&typeid=i","cat":316011},{"id":32969,"n":"Mousse à raser Carré Homme Menthol 250ml","p":1.39,"u":"5,56 €/L","img":"https://fd9-photos.leclercdrive.fr/image.ashx?id=1929319&use=l&cat=p&typeid=i","cat":284617},{"id":32970,"n":"Lingettes Bionaïa Démaquillantes Bio x25","p":1.04,"u":"0,04 €/P","img":"https://fd9-photos.leclercdrive.fr/image.ashx?id=2376025&use=l&cat=p&typeid=i","cat":284603},{"id":32973,"n":"Eau micellaire Inell 500ml","p":2.36,"u":"4,72 €/L","img":"https://fd9-photos.leclercdrive.fr/image.ashx?id=1938870&use=l&cat=p&typeid=i","cat":284603},{"id":32981,"n":"Biscuits sec thé P'tit Déli 340g","p":1.21,"u":"3,56 €/KG","img":"https://fd9-photos.leclercdrive.fr/image.ashx?id=2679488&use=l&cat=p&typeid=i","cat":284487},{"id":32982,"n":"Pâtes coquillettes Turini Les 3 min - 1kg","p":1.52,"u":"1,52 €/KG","img":"https://fd9-photos.leclercdrive.fr/image.ashx?id=2607530&use=l&cat=p&typeid=i","cat":284427},{"id":32985,"n":"Riz long Comptoir du Grain Cuisson rapide - 2kg","p":3.36,"u":"1,68 €/KG","img":"https://fd9-photos.leclercdrive.fr/image.ashx?id=828268&use=l&cat=p&typeid=i","cat":284428},{"id":32986,"n":"Pâtes penne Turini Les 3 min - 500g","p":0.99,"u":"1,98 €/KG","img":"https://fd9-photos.leclercdrive.fr/image.ashx?id=2302178&use=l&cat=p&typeid=i","cat":284427},{"id":33019,"n":"Crème Nourrissante Nivea Visage Corps Mains - 150ml","p":1.87,"u":"12,47 €/L","img":"https://fd9-photos.leclercdrive.fr/image.ashx?id=2600536&use=l&cat=p&typeid=i","cat":325350},{"id":33036,"n":"Beurre allégé Les Croisés Doux - 60% MG - 250g","p":1.87,"u":"7,48 €/KG","img":"https://fd9-photos.leclercdrive.fr/image.ashx?id=2704669&use=l&cat=p&typeid=i","cat":284379},{"id":33046,"n":"Tuiles Tokapi Epicé - 170g","p":1.39,"u":"8,18 €/KG","img":"https://fd9-photos.leclercdrive.fr/image.ashx?id=1950177&use=l&cat=p&typeid=i","cat":287899},{"id":33097,"n":"Steak haché façon bouchère 560g Férial - 15%mg - X4","p":9.4,"u":"16,79 €/KG","img":"https://fd9-photos.leclercdrive.fr/image.ashx?id=1499686&use=l&cat=p&typeid=i","cat":319778},{"id":33098,"n":"Viande hachée Férial 15%mg - 400G","p":5.49,"u":"13,73 €/KG","img":"https://fd9-photos.leclercdrive.fr/image.ashx?id=2966517&use=l&cat=p&typeid=i","cat":319779},{"id":33150,"n":"Blanquette Weight Watchers Poulet 300g","p":2.93,"u":"9,77 €/KG","img":"https://fd9-photos.leclercdrive.fr/image.ashx?id=2880739&use=l&cat=p&typeid=i","cat":333665},{"id":33151,"n":"Préparation culinaire Soja Délisse - 5%mg - 3x20cl","p":1.89,"u":"3,15 €/L","img":"https://fd9-photos.leclercdrive.fr/image.ashx?id=2852115&use=l&cat=p&typeid=i","cat":316069},{"id":33197,"n":"Café moulu Plantation Colombie - 250g","p":3.87,"u":"15,48 €/KG","img":"https://fd9-photos.leclercdrive.fr/image.ashx?id=1974545&use=l&cat=p&typeid=i","cat":284750},{"id":33199,"n":"Sirop Eco+ Fraise - 1L","p":2.43,"u":"2,43 €/L","img":"https://fd9-photos.leclercdrive.fr/image.ashx?id=2081639&use=l&cat=p&typeid=i","cat":295020},{"id":33200,"n":"Sirop menthe Eco+ 1L","p":1.41,"u":"1,41 €/L","img":"https://fd9-photos.leclercdrive.fr/image.ashx?id=2081636&use=l&cat=p&typeid=i","cat":295020},{"id":33219,"n":"Truite fumée Ovive Aquitaine 4 tranches - 120g","p":5.85,"u":"48,75 €/KG","img":"https://fd9-photos.leclercdrive.fr/image.ashx?id=2996941&use=l&cat=p&typeid=i","cat":285188},{"id":33255,"n":"Pâtes farfalle Turini Les 3 min - 500g","p":1.07,"u":"2,14 €/KG","img":"https://fd9-photos.leclercdrive.fr/image.ashx?id=2441315&use=l&cat=p&typeid=i","cat":284427},{"id":33256,"n":"Sachet cuisson Rustica Poulet herbes de provence - 34g","p":0.6,"u":"17,65 €/KG","img":"https://fd9-photos.leclercdrive.fr/image.ashx?id=2980674&use=l&cat=p&typeid=i","cat":288380},{"id":33258,"n":"Sachet cuisson Rustica Poulet ail et oignon - 36g","p":0.59,"u":"16,39 €/KG","img":"https://fd9-photos.leclercdrive.fr/image.ashx?id=2984495&use=l&cat=p&typeid=i","cat":288380},{"id":33260,"n":"Sachet cuisson Rustica Porc goût barbecue - 28g","p":0.61,"u":"21,79 €/KG","img":"https://fd9-photos.leclercdrive.fr/image.ashx?id=1886677&use=l&cat=p&typeid=i","cat":288380},{"id":33262,"n":"Céréales Corn Flakes Kellogg's 500g","p":2.47,"u":"4,94 €/KG","img":"https://fd9-photos.leclercdrive.fr/image.ashx?id=2522005&use=l&cat=p&typeid=i","cat":309513},{"id":33266,"n":"Céréales Smacks Kellogg's 400g","p":2.57,"u":"6,43 €/KG","img":"https://fd9-photos.leclercdrive.fr/image.ashx?id=2584235&use=l&cat=p&typeid=i","cat":309513},{"id":33269,"n":"Pommes de terre Pom'lisse Grenaille - 450g","p":2.49,"u":"5,53 €/KG","img":"https://fd9-photos.leclercdrive.fr/image.ashx?id=2704708&use=l&cat=p&typeid=i","cat":319792},{"id":33274,"n":"Pâtes spaghetti Turini Les 3 min - 1kg","p":1.59,"u":"1,59 €/KG","img":"https://fd9-photos.leclercdrive.fr/image.ashx?id=2607533&use=l&cat=p&typeid=i","cat":284427},{"id":33287,"n":"Pâtes Torsettes Turini 3 min - 1kg","p":1.66,"u":"1,66 €/KG","img":"https://fd9-photos.leclercdrive.fr/image.ashx?id=2744237&use=l&cat=p&typeid=i","cat":284427},{"id":33299,"n":"Sérum physiologique Mots d'Enfants 5ml x40","p":2.19,"u":"10,95 €/L","img":"https://fd9-photos.leclercdrive.fr/image.ashx?id=3014209&use=l&cat=p&typeid=i","cat":284741},{"id":33302,"n":"Pâtes cannelloni Turini 250g","p":0.99,"u":"3,96 €/KG","img":"https://fd9-photos.leclercdrive.fr/image.ashx?id=2980468&use=l&cat=p&typeid=i","cat":284427},{"id":33304,"n":"Soja cuisine Bio Village Fluide bio - 3x20cl","p":1.61,"u":"2,68 €/L","img":"https://fd9-photos.leclercdrive.fr/image.ashx?id=2493679&use=l&cat=p&typeid=i","cat":316069},{"id":33306,"n":"Sucre pure canne Bio Village En poudre bio - 500g","p":1.66,"u":"3,32 €/KG","img":"https://fd9-photos.leclercdrive.fr/image.ashx?id=2115878&use=l&cat=p&typeid=i","cat":284502},{"id":33307,"n":"Semoule de blé fine Comptoir du Grain - 500g","p":0.96,"u":"1,92 €/KG","img":"https://fd9-photos.leclercdrive.fr/image.ashx?id=3012842&use=l&cat=p&typeid=i","cat":284429},{"id":33335,"n":"Eau nettoyante Mots d'Enfants Hydratante - 750ml","p":3.15,"u":"4,20 €/L","img":"https://fd9-photos.leclercdrive.fr/image.ashx?id=2313528&use=l&cat=p&typeid=i","cat":284741},{"id":33336,"n":"Gel lavant bébé Mots d'Enfants Corps et cheveux - 750ml","p":3.15,"u":"4,20 €/L","img":"https://fd9-photos.leclercdrive.fr/image.ashx?id=3014224&use=l&cat=p&typeid=i","cat":284740},{"id":33442,"n":"Cocktail fruits de mer Escal 900g","p":9.65,"u":"10,72 €/KG","img":"https://fd9-photos.leclercdrive.fr/image.ashx?id=2438609&use=l&cat=p&typeid=i","cat":319787},{"id":33498,"n":"Jus de pomme pétillant Champomy Gold Pomme Pêche - 75cl","p":2.87,"u":"3,83 €/L","img":"https://fd9-photos.leclercdrive.fr/image.ashx?id=2688629&use=l&cat=p&typeid=i","cat":289460},{"id":33577,"n":"Confit d'oignons Labeyrie 50g","p":1.56,"u":"31,20 €/KG","img":"https://fd9-photos.leclercdrive.fr/image.ashx?id=2923510&use=l&cat=p&typeid=i","cat":316008},{"id":33594,"n":"Cacahuètes  Benenuts Grillées salées - 220g","p":1.26,"u":"5,73 €/KG","img":"https://fd9-photos.leclercdrive.fr/image.ashx?id=2418762&use=l&cat=p&typeid=i","cat":284448},{"id":33595,"n":"Monster Munch Salé - 85g","p":0.94,"u":"11,06 €/KG","img":"https://fd9-photos.leclercdrive.fr/image.ashx?id=2971598&use=l&cat=p&typeid=i","cat":284449},{"id":33596,"n":"Monster Munch Jambon fromage - 85g","p":0.92,"u":"10,82 €/KG","img":"https://fd9-photos.leclercdrive.fr/image.ashx?id=2971604&use=l&cat=p&typeid=i","cat":284449},{"id":33600,"n":"Monster Munch Ketchup - 85g","p":1.05,"u":"12,35 €/KG","img":"https://fd9-photos.leclercdrive.fr/image.ashx?id=2996932&use=l&cat=p&typeid=i","cat":284449},{"id":33680,"n":"Croquettes grands chiens Lydog Boeuf Volaille - 14.5kg","p":18.5,"u":"1,28 €/KG","img":"https://fd9-photos.leclercdrive.fr/image.ashx?id=2054975&use=l&cat=p&typeid=i","cat":284672},{"id":33744,"n":"AOP Côtes du Rhône vin rouge Bernard Cordelier - 75cl","p":1.99,"u":"2,65 €/L","img":"https://fd9-photos.leclercdrive.fr/image.ashx?id=2967531&use=l&cat=p&typeid=i","cat":289556},{"id":33745,"n":"IGP Pays d'Oc rosé Cinsault  Syrah Ormes de Cambras - BIB 5L","p":15.89,"u":"3,18 €/L","img":"https://fd9-photos.leclercdrive.fr/image.ashx?id=2445118&use=l&cat=p&typeid=i","cat":289560},{"id":33749,"n":"IGP Terres du Midi Listel Vin rosé 12% vol - BIB 3L","p":12.73,"u":"4,24 €/L","img":"https://fd9-photos.leclercdrive.fr/image.ashx?id=2883468&use=l&cat=p&typeid=i","cat":289560},{"id":33754,"n":"Vin de l'Union Européenne blanc François d'Aubigné - 75cl","p":1.99,"u":"2,65 €/L","img":"https://fd9-photos.leclercdrive.fr/image.ashx?id=2869474&use=l&cat=p&typeid=i","cat":289557},{"id":33755,"n":"AOP Monbazillac vin blanc Bernard Cordelier - 75 cl","p":5.99,"u":"7,99 €/L","img":"https://fd9-photos.leclercdrive.fr/image.ashx?id=2656332&use=l&cat=p&typeid=i","cat":289557},{"id":33773,"n":"Biscuits petit dej P'tit Déli  Multi céréales - 400g","p":1.84,"u":"4,60 €/KG","img":"https://fd9-photos.leclercdrive.fr/image.ashx?id=2999505&use=l&cat=p&typeid=i","cat":284491},{"id":33805,"n":"Lingettes désinfectantes Clair Anti-bactériennes x40","p":1.05,"u":"0,03 €/P","img":"https://fd9-photos.leclercdrive.fr/image.ashx?id=2768095&use=l&cat=p&typeid=i","cat":325358},{"id":33811,"n":"Pastis de Marseille 45%vol - 1L","p":16.35,"u":"16,35 €/L","img":"https://fd9-photos.leclercdrive.fr/image.ashx?id=2637817&use=l&cat=p&typeid=i","cat":284548},{"id":33820,"n":"Friandises chat Catisfactions Saumon - 60g","p":1.06,"u":"17,67 €/KG","img":"https://fd9-photos.leclercdrive.fr/image.ashx?id=2912605&use=l&cat=p&typeid=i","cat":285285},{"id":33822,"n":"Pina Colada Jafaden  Cocktail sans alcool 1L","p":2.57,"u":"2,57 €/L","img":"https://fd9-photos.leclercdrive.fr/image.ashx?id=2956104&use=l&cat=p&typeid=i","cat":284549},{"id":33824,"n":"Pur jus multifruits Jafaden  Orange Carotte Banane - 1L","p":2.29,"u":"2,29 €/L","img":"https://fd9-photos.leclercdrive.fr/image.ashx?id=2841157&use=l&cat=p&typeid=i","cat":284917},{"id":33847,"n":"Pur jus multifruits Jafaden Orange Ananas Mangue - 1L","p":2.29,"u":"2,29 €/L","img":"https://fd9-photos.leclercdrive.fr/image.ashx?id=2841160&use=l&cat=p&typeid=i","cat":284917},{"id":33849,"n":"Shampooing bio Bio naïa 250ml","p":1.8,"u":"7,20 €/L","img":"https://fd9-photos.leclercdrive.fr/image.ashx?id=1961446&use=l&cat=p&typeid=i","cat":284606},{"id":33850,"n":"Eponges multi-usage Mamison Vertes - X6","p":1.75,"u":"0,29 €/P","img":"https://fd9-photos.leclercdrive.fr/image.ashx?id=2175768&use=l&cat=p&typeid=i","cat":284667},{"id":33852,"n":"Cubes allume-feu Silex x72 cubes","p":3.05,"u":"0,04 €/P","img":"https://fd9-photos.leclercdrive.fr/image.ashx?id=1304486&use=l&cat=p&typeid=i","cat":300578},{"id":33882,"n":"Farfalle Bio Village Bio Au blé complet - 500g","p":1.95,"u":"3,90 €/KG","img":"https://fd9-photos.leclercdrive.fr/image.ashx?id=2625373&use=l&cat=p&typeid=i","cat":284427},{"id":33885,"n":"Olives noires  Rustica Dénoyautées - 180g","p":1.23,"u":"6,83 €/KG","img":"https://fd9-photos.leclercdrive.fr/image.ashx?id=1698893&use=l&cat=p&typeid=i","cat":284458},{"id":33887,"n":"Pains grillés complet Epi d'or 400g","p":1.57,"u":"3,93 €/KG","img":"https://fd9-photos.leclercdrive.fr/image.ashx?id=2555943&use=l&cat=p&typeid=i","cat":284479},{"id":33889,"n":"Pain précuit Epi d'or Petits pains x6 - 300g","p":0.99,"u":"3,30 €/KG","img":"https://fd9-photos.leclercdrive.fr/image.ashx?id=1905869&use=l&cat=p&typeid=i","cat":325069},{"id":33891,"n":"Paëlla royale Côté Table 300g","p":3.39,"u":"11,30 €/KG","img":"https://fd9-photos.leclercdrive.fr/image.ashx?id=2393872&use=l&cat=p&typeid=i","cat":284953},{"id":33893,"n":"Penne Bio Village  Bio - 500g","p":0.89,"u":"1,78 €/KG","img":"https://fd9-photos.leclercdrive.fr/image.ashx?id=2625370&use=l&cat=p&typeid=i","cat":284427},{"id":33914,"n":"Tartines craquante  Sans Gluten - 2x125g","p":2.59,"u":"10,36 €/KG","img":"https://fd9-photos.leclercdrive.fr/image.ashx?id=2116131&use=l&cat=p&typeid=i","cat":318654},{"id":33915,"n":"Veau aux légumes Côté table Barquette 280g","p":2.29,"u":"8,18 €/KG","img":"https://fd9-photos.leclercdrive.fr/image.ashx?id=2476152&use=l&cat=p&typeid=i","cat":284953},{"id":33917,"n":"Thon entier Pêche Océan Huile d'olive - 160g","p":2.29,"u":"14,31 €/KG","img":"https://fd9-photos.leclercdrive.fr/image.ashx?id=2942196&use=l&cat=p&typeid=i","cat":303867},{"id":33918,"n":"Pâtes torsettes Turini Blé complet - 500g","p":0.99,"u":"1,98 €/KG","img":"https://fd9-photos.leclercdrive.fr/image.ashx?id=2607527&use=l&cat=p&typeid=i","cat":284427},{"id":33923,"n":"Filets d'Anchois Pêche Océan Marinés Nature - 100g","p":1.99,"u":"19,90 €/KG","img":"https://fd9-photos.leclercdrive.fr/image.ashx?id=2992513&use=l&cat=p&typeid=i","cat":285190},{"id":33924,"n":"Betterave Notre Jardin Rouge entière - 250g","p":0.65,"u":"2,60 €/KG","img":"https://fd9-photos.leclercdrive.fr/image.ashx?id=2587106&use=l&cat=p&typeid=i","cat":284352},{"id":33992,"n":"Soda Coca-Cola Zéro Cherry  Bouteille - 1,25L","p":1.69,"u":"1,35 €/L","img":"https://fd9-photos.leclercdrive.fr/image.ashx?id=2678158&use=l&cat=p&typeid=i","cat":284530},{"id":34006,"n":"Boisson aux fruits Capri Sun Tropical - 10x20cl","p":3.38,"u":"1,69 €/L","img":"https://fd9-photos.leclercdrive.fr/image.ashx?id=2506399&use=l&cat=p&typeid=i","cat":295018},{"id":34106,"n":"Dosettes café Plantation  Classique - x36 - 250g","p":3.72,"u":"14,88 €/KG","img":"https://fd9-photos.leclercdrive.fr/image.ashx?id=2181473&use=l&cat=p&typeid=i","cat":293238},{"id":34107,"n":"Dosettes café Plantation  Corsé - x36 - 250g","p":3.72,"u":"14,88 €/KG","img":"https://fd9-photos.leclercdrive.fr/image.ashx?id=1929322&use=l&cat=p&typeid=i","cat":293238},{"id":34177,"n":"Effilés aux legumes Purina One Poulet / Boeufs - 4x85g","p":2.15,"u":"6,32 €/KG","img":"https://fd9-photos.leclercdrive.fr/image.ashx?id=2467483&use=l&cat=p&typeid=i","cat":285286},{"id":34178,"n":"Sachet repas chats Purina One Viandes et Poissons - 4x85g","p":2.07,"u":"6,09 €/KG","img":"https://fd9-photos.leclercdrive.fr/image.ashx?id=2467486&use=l&cat=p&typeid=i","cat":285286},{"id":34184,"n":"Filets poulet blanc Maître Coq 600g","p":6.52,"u":"10,87 €/KG","img":"https://fd9-photos.leclercdrive.fr/image.ashx?id=2551156&use=l&cat=p&typeid=i","cat":284336},{"id":34185,"n":"Filets poulet jaune Maitre coq 600g","p":7.19,"u":"11,98 €/KG","img":"https://fd9-photos.leclercdrive.fr/image.ashx?id=2551159&use=l&cat=p&typeid=i","cat":284336},{"id":34187,"n":"Aiguillettes poulet Maitre coq Jaune - 450g","p":6.37,"u":"14,16 €/KG","img":"https://fd9-photos.leclercdrive.fr/image.ashx?id=2551165&use=l&cat=p&typeid=i","cat":284336},{"id":34203,"n":"Tortilla Tables du monde Nature 500g","p":2.89,"u":"5,78 €/KG","img":"https://fd9-photos.leclercdrive.fr/image.ashx?id=654051&use=l&cat=p&typeid=i","cat":333673},{"id":34248,"n":"Chocolats Schoko-bons Kinder 500g","p":7.99,"u":"15,98 €/KG","img":"https://fd9-photos.leclercdrive.fr/image.ashx?id=2323799&use=l&cat=p&typeid=i","cat":327592},{"id":34327,"n":"Dosettes café Plantation Noisette - x10 - 70g","p":1.82,"u":"26,00 €/KG","img":"https://fd9-photos.leclercdrive.fr/image.ashx?id=1979859&use=l&cat=p&typeid=i","cat":293238},{"id":34333,"n":"Boisson à base de vin rosé Very Framboise - 75cl","p":3.02,"u":"4,03 €/L","img":"https://fd9-photos.leclercdrive.fr/image.ashx?id=2446632&use=l&cat=p&typeid=i","cat":304569},{"id":34334,"n":"Boisson à base de vin blanc  Very Pech'- Pêche - 75cl","p":3.07,"u":"4,09 €/L","img":"https://fd9-photos.leclercdrive.fr/image.ashx?id=2443874&use=l&cat=p&typeid=i","cat":304569},{"id":34350,"n":"Shampooing sec Vitanove Cheveux normaux - 150ml","p":1.87,"u":"12,47 €/L","img":"https://fd9-photos.leclercdrive.fr/image.ashx?id=1759559&use=l&cat=p&typeid=i","cat":289143},{"id":34361,"n":"Préparation pain Tablier Blanc Farine pour pain nature - 1kg","p":1.35,"u":"1,35 €/KG","img":"https://fd9-photos.leclercdrive.fr/image.ashx?id=2123208&use=l&cat=p&typeid=i","cat":284503},{"id":34406,"n":"Dosettes café Plantation  Décaféiné - x36 - 250g","p":3.99,"u":"15,96 €/KG","img":"https://fd9-photos.leclercdrive.fr/image.ashx?id=1912206&use=l&cat=p&typeid=i","cat":293238},{"id":34500,"n":"Dosettes café Plantation  Classique - x48 - 336g","p":4.95,"u":"14,73 €/KG","img":"https://fd9-photos.leclercdrive.fr/image.ashx?id=2198588&use=l&cat=p&typeid=i","cat":293238},{"id":34555,"n":"Rillettes au canard Les saveurs de Bourdette - 180g","p":4.02,"u":"22,33 €/KG","img":"https://fd9-photos.leclercdrive.fr/image.ashx?id=1642070&use=l&cat=p&typeid=i","cat":305149},{"id":34557,"n":"AOP Corbières rouge Castelmaure - 75cl","p":5.18,"u":"6,91 €/L","img":"https://fd9-photos.leclercdrive.fr/image.ashx?id=2679551&use=l&cat=p&typeid=i","cat":289556},{"id":34559,"n":"AOC Saint Mont Larcisse Rouge - 75cl","p":4.32,"u":"5,76 €/L","img":"https://fd9-photos.leclercdrive.fr/image.ashx?id=1882346&use=l&cat=p&typeid=i","cat":289556},{"id":34659,"n":"Mini chinois Epi d'Or Nature x6 - 300g","p":1.78,"u":"5,93 €/KG","img":"https://fd9-photos.leclercdrive.fr/image.ashx?id=2860739&use=l&cat=p&typeid=i","cat":296366},{"id":34660,"n":"Pruneaux d'Agen Couleurs Vives Dénoyautés - 250g","p":2.99,"u":"11,96 €/KG","img":"https://fd9-photos.leclercdrive.fr/image.ashx?id=2093129&use=l&cat=p&typeid=i","cat":284357},{"id":34670,"n":"Oignons jaunes Filière Panier du Primeur Filet 1kg","p":1.99,"u":"1,99 €/KG","img":"https://fd9-photos.leclercdrive.fr/image.ashx?id=2953734&use=l&cat=p&typeid=i","cat":284352},{"id":34672,"n":"Ail blanc Panier du Primeur A mijoter et à confire x3","p":2.99,"u":"1,00 €/P","img":"https://fd9-photos.leclercdrive.fr/image.ashx?id=2958720&use=l&cat=p&typeid=i","cat":284352},{"id":34693,"n":"Briochettes pépites Epi d'Or Chocolat au lait x12 - 500g","p":2.44,"u":"4,88 €/KG","img":"https://fd9-photos.leclercdrive.fr/image.ashx?id=2867913&use=l&cat=p&typeid=i","cat":293505},{"id":34841,"n":"Rillettes Tradilège poulet rôti 220g","p":1.84,"u":"8,36 €/KG","img":"https://fd9-photos.leclercdrive.fr/image.ashx?id=2930924&use=l&cat=p&typeid=i","cat":316008},{"id":34845,"n":"IGP Vinaigre balsamique Maille 50cl","p":3.16,"u":"6,32 €/L","img":"https://fd9-photos.leclercdrive.fr/image.ashx?id=2866178&use=l&cat=p&typeid=i","cat":298543},{"id":34908,"n":"Fromage frais Petit Yoplait Nature 3.8%MG - 6x60g","p":1.38,"u":"3,83 €/KG","img":"https://fd9-photos.leclercdrive.fr/image.ashx?id=2811026&use=l&cat=p&typeid=i","cat":284409},{"id":34919,"n":"Fromage frais Petit Yoplait Nature 0%MG - 12x60g","p":2.4,"u":"3,33 €/KG","img":"https://fd9-photos.leclercdrive.fr/image.ashx?id=2811023&use=l&cat=p&typeid=i","cat":315000},{"id":34952,"n":"Ratatouille à la Provençale NRT 650g","p":3.15,"u":"4,85 €/KG","img":"https://fd9-photos.leclercdrive.fr/image.ashx?id=2771390&use=l&cat=p&typeid=i","cat":312612},{"id":34964,"n":"Eau de source Cristaline 1,5L","p":0.18,"u":"0,12 €/L","img":"https://fd9-photos.leclercdrive.fr/image.ashx?id=2170628&use=l&cat=p&typeid=i","cat":284535},{"id":34982,"n":"Bûche chèvre Soignon 200g","p":2.17,"u":"10,85 €/KG","img":"https://fd9-photos.leclercdrive.fr/image.ashx?id=2995325&use=l&cat=p&typeid=i","cat":314031},{"id":34999,"n":"Nuggets Croustillant Père Dodu  Poulet x10 - 200g","p":2.18,"u":"10,90 €/KG","img":"https://fd9-photos.leclercdrive.fr/image.ashx?id=2956975&use=l&cat=p&typeid=i","cat":333684},{"id":35006,"n":"Aiguillettes canard Volandrie 210g","p":4.85,"u":"23,10 €/KG","img":"https://fd9-photos.leclercdrive.fr/image.ashx?id=2358351&use=l&cat=p&typeid=i","cat":284339},{"id":35008,"n":"Céréales Special K Kellogg's Nature - 750g","p":4.11,"u":"5,48 €/KG","img":"https://fd9-photos.leclercdrive.fr/image.ashx?id=2586288&use=l&cat=p&typeid=i","cat":309512},{"id":35022,"n":"Cordon bleu Le Gaulois Dinde x4 - 400g","p":3.5,"u":"8,75 €/KG","img":"https://fd9-photos.leclercdrive.fr/image.ashx?id=2860226&use=l&cat=p&typeid=i","cat":333683},{"id":35027,"n":"Dessert fruitier bio Jardin Bio Pomme poire 680g","p":2.84,"u":"4,18 €/KG","img":"https://fd9-photos.leclercdrive.fr/image.ashx?id=2939877&use=l&cat=p&typeid=i","cat":284508},{"id":35034,"n":"Eau minérale gazeuse Perrier  Canettes - 6x33cl","p":2.67,"u":"1,35 €/L","img":"https://fd9-photos.leclercdrive.fr/image.ashx?id=2672554&use=l&cat=p&typeid=i","cat":284536},{"id":35039,"n":"Dosettes café Plantation Corsé - x48 - 336g","p":4.95,"u":"14,73 €/KG","img":"https://fd9-photos.leclercdrive.fr/image.ashx?id=2622115&use=l&cat=p&typeid=i","cat":293238},{"id":35117,"n":"Riste d'aubergines provençale NRT - 650g","p":3.99,"u":"6,14 €/KG","img":"https://fd9-photos.leclercdrive.fr/image.ashx?id=2771387&use=l&cat=p&typeid=i","cat":284441},{"id":35138,"n":"Yaourt SMARTIES Vanille bonbons chocolat 4x120g","p":2.45,"u":"5,10 €/KG","img":"https://fd9-photos.leclercdrive.fr/image.ashx?id=2571038&use=l&cat=p&typeid=i","cat":284414},{"id":35146,"n":"Fromages râpé spécial Pizza  Les Croisés - 125g","p":1.62,"u":"12,96 €/KG","img":"https://fd9-photos.leclercdrive.fr/image.ashx?id=2515774&use=l&cat=p&typeid=i","cat":314035},{"id":35147,"n":"Fromage Cheddar Burger Les Croisés 20 Tranches - 340g","p":1.99,"u":"5,85 €/KG","img":"https://fd9-photos.leclercdrive.fr/image.ashx?id=2064825&use=l&cat=p&typeid=i","cat":314028},{"id":35159,"n":"Croco Haribo Sachet bonbons - 280g","p":1.23,"u":"4,39 €/KG","img":"https://fd9-photos.leclercdrive.fr/image.ashx?id=2446467&use=l&cat=p&typeid=i","cat":304250},{"id":35160,"n":"Croissants Pasquier x16 - 640g","p":3.54,"u":"5,53 €/KG","img":"https://fd9-photos.leclercdrive.fr/image.ashx?id=2853056&use=l&cat=p&typeid=i","cat":296366},{"id":35173,"n":"Joker Le Fruit Jus multifruits  1,5L","p":2.44,"u":"1,63 €/L","img":"https://fd9-photos.leclercdrive.fr/image.ashx?id=2785727&use=l&cat=p&typeid=i","cat":284917},{"id":35182,"n":"Boisson énergisante Monster Original - 50cl","p":1.39,"u":"2,78 €/L","img":"https://fd9-photos.leclercdrive.fr/image.ashx?id=2510163&use=l&cat=p&typeid=i","cat":284533},{"id":35185,"n":"Eau aromatisée Volvic Juicy Citronnade - 1,5L","p":1.46,"u":"0,97 €/L","img":"https://fd9-photos.leclercdrive.fr/image.ashx?id=3011008&use=l&cat=p&typeid=i","cat":284537},{"id":35211,"n":"Pains au chocolat 2x1p","p":1.55,"u":"0,78 €/P","img":"https://fd9-photos.leclercdrive.fr/image.ashx?id=2071019&use=l&cat=p&typeid=i","cat":284984},{"id":35262,"n":"yaourt aux fruits bifidus activia 0%mg - 12x125g","p":4.48,"u":"2,99 €/KG","img":"https://fd9-photos.leclercdrive.fr/image.ashx?id=2741697&use=l&cat=p&typeid=i","cat":315000},{"id":35300,"n":"Jambon supérieur Tradilège À l'étouffée 6 tranches - 240g","p":2.92,"u":"12,17 €/KG","img":"https://fd9-photos.leclercdrive.fr/image.ashx?id=2155339&use=l&cat=p&typeid=i","cat":316009},{"id":35309,"n":"Beurre Tendre Elle&Vire Doux - 82% MG - 250g","p":2.9,"u":"11,60 €/KG","img":"https://fd9-photos.leclercdrive.fr/image.ashx?id=2765629&use=l&cat=p&typeid=i","cat":284379},{"id":35343,"n":"Bain de bouche Sanogyl Anti bactérien - 500ml","p":4.7,"u":"9,40 €/L","img":"https://fd9-photos.leclercdrive.fr/image.ashx?id=1712258&use=l&cat=p&typeid=i","cat":284613},{"id":35398,"n":"Eau Micellaire Garnier Peaux Sensibles - 400ml","p":2.71,"u":"6,78 €/L","img":"https://fd9-photos.leclercdrive.fr/image.ashx?id=2926593&use=l&cat=p&typeid=i","cat":284603},{"id":35417,"n":"Lingettes Demak'Up Peaux normales - x25","p":2.64,"img":"https://fd9-photos.leclercdrive.fr/image.ashx?id=2981337&use=l&cat=p&typeid=i","cat":284603},{"id":35418,"n":"Lingettes Demak'Up Peaux sensibles - x25","p":2.37,"u":"0,09 €/P","img":"https://fd9-photos.leclercdrive.fr/image.ashx?id=2981340&use=l&cat=p&typeid=i","cat":284603},{"id":35479,"n":"Déodorant Bille Femme Nivea Black&White Original - 50ml","p":1.87,"u":"37,40 €/L","img":"https://fd9-photos.leclercdrive.fr/image.ashx?id=2985471&use=l&cat=p&typeid=i","cat":284595},{"id":35503,"n":"Gel à raser Williams Peaux sensibles 200ml","p":2.48,"u":"12,40 €/L","img":"https://fd9-photos.leclercdrive.fr/image.ashx?id=1966625&use=l&cat=p&typeid=i","cat":284617},{"id":35537,"n":"Recharge savon mains Palmolive Antibactérien -  250ml","p":0.58,"u":"2,32 €/L","img":"https://fd9-photos.leclercdrive.fr/image.ashx?id=2833180&use=l&cat=p&typeid=i","cat":284597},{"id":35643,"n":"Lasagne à la bolognaise Marie 2x300g","p":6.24,"u":"10,40 €/KG","img":"https://fd9-photos.leclercdrive.fr/image.ashx?id=2331816&use=l&cat=p&typeid=i","cat":333665},{"id":35646,"n":"Bière blonde Falsbourg Canette - 4.2%vol. - 50cl","p":0.69,"u":"1,38 €/L","img":"https://fd9-photos.leclercdrive.fr/image.ashx?id=2637904&use=l&cat=p&typeid=i","cat":334853},{"id":35647,"n":"Bière blonde Falsbourg Canette - 4.2%vol. - 6x33cl","p":2.69,"u":"1,36 €/L","img":"https://fd9-photos.leclercdrive.fr/image.ashx?id=2637913&use=l&cat=p&typeid=i","cat":334853},{"id":35716,"n":"Gourdes Goûters lactés Délisse Vanille - 4x85g","p":1.81,"u":"5,32 €/KG","img":"https://fd9-photos.leclercdrive.fr/image.ashx?id=2681427&use=l&cat=p&typeid=i","cat":284506},{"id":35729,"n":"Tiramisu Délisse Au café - 4x80g","p":2.49,"u":"7,78 €/KG","img":"https://fd9-photos.leclercdrive.fr/image.ashx?id=2694103&use=l&cat=p&typeid=i","cat":284419},{"id":35731,"n":"Crème dessert Chocolat Délisse Mix'n croc color 4x120g","p":2.09,"u":"4,35 €/KG","img":"https://fd9-photos.leclercdrive.fr/image.ashx?id=2965506&use=l&cat=p&typeid=i","cat":285041},{"id":35760,"n":"Céréales Miel Pops Kellogg's 620g","p":3.41,"u":"5,50 €/KG","img":"https://fd9-photos.leclercdrive.fr/image.ashx?id=2596952&use=l&cat=p&typeid=i","cat":309513},{"id":35761,"n":"Céréales Frosties Kellogg's 620g","p":3.34,"u":"5,39 €/KG","img":"https://fd9-photos.leclercdrive.fr/image.ashx?id=2589768&use=l&cat=p&typeid=i","cat":309513},{"id":35785,"n":"Bière belge Rince Cochon Fruits rouges - 7.5%vol. - 50cl","p":1.99,"u":"3,98 €/L","img":"https://fd9-photos.leclercdrive.fr/image.ashx?id=1741472&use=l&cat=p&typeid=i","cat":334853},{"id":35788,"n":"Café Soluble Nescafé 200g","p":5.61,"u":"28,05 €/KG","img":"https://fd9-photos.leclercdrive.fr/image.ashx?id=2810627&use=l&cat=p&typeid=i","cat":284843},{"id":35791,"n":"Flammekueche d'Alsace NRT 600g","p":4.35,"u":"7,25 €/KG","img":"https://fd9-photos.leclercdrive.fr/image.ashx?id=2743894&use=l&cat=p&typeid=i","cat":333680},{"id":35811,"n":"Barquette chat Sheba  Boucher en terrine - 12x85g","p":6.5,"u":"6,37 €/KG","img":"https://fd9-photos.leclercdrive.fr/image.ashx?id=2759634&use=l&cat=p&typeid=i","cat":285286},{"id":35815,"n":"Matière grasse St Hubert  Omega 3 - 52% MG - 255g","p":2.02,"u":"7,92 €/KG","img":"https://fd9-photos.leclercdrive.fr/image.ashx?id=2734093&use=l&cat=p&typeid=i","cat":315229},{"id":35820,"n":"Liquide pour cuisson Rustica végétal - 500ml","p":2.09,"u":"4,18 €/L","img":"https://fd9-photos.leclercdrive.fr/image.ashx?id=2903950&use=l&cat=p&typeid=i","cat":315229},{"id":35825,"n":"Fromage Pavé d'Affinois Original - 200g","p":2.37,"u":"11,85 €/KG","img":"https://fd9-photos.leclercdrive.fr/image.ashx?id=3002078&use=l&cat=p&typeid=i","cat":314033},{"id":35830,"n":"Yaourt La Laitière   Fruits panachés - 8x125g","p":3.79,"u":"3,79 €/KG","img":"https://fd9-photos.leclercdrive.fr/image.ashx?id=2744590&use=l&cat=p&typeid=i","cat":286006},{"id":35833,"n":"Yaourt La Laitière Citron - 4x125g","p":1.84,"u":"3,68 €/KG","img":"https://fd9-photos.leclercdrive.fr/image.ashx?id=2904065&use=l&cat=p&typeid=i","cat":286006},{"id":35906,"n":"Gourdes Goûters lactés Délisse Chocolat - 4x85g","p":1.75,"u":"5,15 €/KG","img":"https://fd9-photos.leclercdrive.fr/image.ashx?id=2681424&use=l&cat=p&typeid=i","cat":284506},{"id":35907,"n":"Cassoulet mitonné   William Saurin - 840g","p":2.86,"u":"3,40 €/KG","img":"https://fd9-photos.leclercdrive.fr/image.ashx?id=2890148&use=l&cat=p&typeid=i","cat":284440},{"id":35908,"n":"Cassoulet mitonné   William Saurin - 420g","p":1.82,"u":"4,33 €/KG","img":"https://fd9-photos.leclercdrive.fr/image.ashx?id=2890151&use=l&cat=p&typeid=i","cat":284441},{"id":35909,"n":"Test de grossesse Medicaid 1 pièce","p":0.87,"img":"https://fd9-photos.leclercdrive.fr/image.ashx?id=2432758&use=l&cat=p&typeid=i","cat":324482},{"id":35918,"n":"Jus de pomme Jafaden A base de concentré - 6x20cl","p":1.32,"u":"1,10 €/L","img":"https://fd9-photos.leclercdrive.fr/image.ashx?id=2949185&use=l&cat=p&typeid=i","cat":284524},{"id":35921,"n":"Pur jus de pomme Jafaden 1,5L","p":1.48,"u":"0,99 €/L","img":"https://fd9-photos.leclercdrive.fr/image.ashx?id=1936641&use=l&cat=p&typeid=i","cat":284522},{"id":35922,"n":"Bière blonde Forte Extra Strong Canette - 10%vol - 50cl","p":1.19,"u":"2,38 €/L","img":"https://fd9-photos.leclercdrive.fr/image.ashx?id=2928004&use=l&cat=p&typeid=i","cat":334853},{"id":35955,"n":"Magret de canard Périgord Nos Régions ont du Talent 410g","p":8.99,"u":"21,93 €/KG","img":"https://fd9-photos.leclercdrive.fr/image.ashx?id=2753517&use=l&cat=p&typeid=i","cat":284339},{"id":36038,"n":"Eau de source de Montagne 1,5L","p":0.28,"u":"0,19 €/L","img":"https://fd9-photos.leclercdrive.fr/image.ashx?id=2617198&use=l&cat=p&typeid=i","cat":284535},{"id":36039,"n":"Crème légère fluide UHT Délisse 12%mg - 3x20cl","p":1.84,"u":"3,07 €/L","img":"https://fd9-photos.leclercdrive.fr/image.ashx?id=2909392&use=l&cat=p&typeid=i","cat":284381},{"id":36040,"n":"Spécialité laitière UHT Délisse Semi-épaisse 4%mg - 3x20cl","p":2.21,"u":"3,68 €/L","img":"https://fd9-photos.leclercdrive.fr/image.ashx?id=3002599&use=l&cat=p&typeid=i","cat":284381},{"id":36041,"n":"Crème semi-épaisse entière UHT Délisse 30%mg - 3x20cl","p":3.5,"u":"5,83 €/L","img":"https://fd9-photos.leclercdrive.fr/image.ashx?id=2494099&use=l&cat=p&typeid=i","cat":284381},{"id":36042,"n":"Eau minérale Courmayeur 1.5L","p":0.44,"u":"0,29 €/L","img":"https://fd9-photos.leclercdrive.fr/image.ashx?id=2985612&use=l&cat=p&typeid=i","cat":284535},{"id":36124,"n":"Haricots blancs Notre Jardin - 500g","p":1.03,"u":"2,06 €/KG","img":"https://fd9-photos.leclercdrive.fr/image.ashx?id=2482942&use=l&cat=p&typeid=i","cat":312606},{"id":36125,"n":"Haricots blancs Notre Jardin 250g","p":0.85,"u":"3,40 €/KG","img":"https://fd9-photos.leclercdrive.fr/image.ashx?id=2448983&use=l&cat=p&typeid=i","cat":312606},{"id":36194,"n":"Dés de jambon Tradilège Maxi format 2x125g","p":2.47,"u":"9,88 €/KG","img":"https://fd9-photos.leclercdrive.fr/image.ashx?id=2970465&use=l&cat=p&typeid=i","cat":316011},{"id":36198,"n":"Lardons supérieurs Tradilège Fumés maxi format 2x200g","p":3.39,"u":"8,48 €/KG","img":"https://fd9-photos.leclercdrive.fr/image.ashx?id=2921381&use=l&cat=p&typeid=i","cat":316011},{"id":36200,"n":"Coton Démaquillant Eco+ Prédécoupé - 200g","p":1.57,"u":"7,85 €/KG","img":"https://fd9-photos.leclercdrive.fr/image.ashx?id=2293441&use=l&cat=p&typeid=i","cat":285593},{"id":36201,"n":"Crème hydratante Eco+ Visage et corps - 250ml","p":1.59,"u":"6,36 €/L","img":"https://fd9-photos.leclercdrive.fr/image.ashx?id=2487410&use=l&cat=p&typeid=i","cat":325350},{"id":36202,"n":"Recharge crème lavante Eco+ Amande miel - 750ml","p":1.11,"u":"1,48 €/L","img":"https://fd9-photos.leclercdrive.fr/image.ashx?id=2270220&use=l&cat=p&typeid=i","cat":284597},{"id":36203,"n":"Gel douche Eco+ Peaux sensibles - 500ml","p":0.99,"u":"1,98 €/L","img":"https://fd9-photos.leclercdrive.fr/image.ashx?id=2174660&use=l&cat=p&typeid=i","cat":284594},{"id":36204,"n":"Crème lavante Eco+ Amande miel 750ml","p":1.33,"u":"1,77 €/L","img":"https://fd9-photos.leclercdrive.fr/image.ashx?id=2466145&use=l&cat=p&typeid=i","cat":284597},{"id":36205,"n":"Recharge crème lavante Eco+ Fleuri - 750ml","p":1.11,"u":"1,48 €/L","img":"https://fd9-photos.leclercdrive.fr/image.ashx?id=2920903&use=l&cat=p&typeid=i","cat":284597},{"id":36206,"n":"Mousse à raser hydratante Eco+ Peaux normales - 300ml","p":0.85,"u":"2,83 €/L","img":"https://fd9-photos.leclercdrive.fr/image.ashx?id=2422683&use=l&cat=p&typeid=i","cat":284617},{"id":36270,"n":"Soufflés ExtraTerrestres Tokapi Salé - 80g","p":0.79,"u":"9,88 €/KG","img":"https://fd9-photos.leclercdrive.fr/image.ashx?id=1932960&use=l&cat=p&typeid=i","cat":284449},{"id":36313,"n":"Shampooing extra-doux Nateïs Karité / Huile d'avocat - 250ml","p":1.39,"u":"5,56 €/L","img":"https://fd9-photos.leclercdrive.fr/image.ashx?id=2345559&use=l&cat=p&typeid=i","cat":284606},{"id":36314,"n":"Shampooing Nateïs Fleur de tilleul pomme verte - 250ml","p":1.27,"u":"5,08 €/L","img":"https://fd9-photos.leclercdrive.fr/image.ashx?id=2369645&use=l&cat=p&typeid=i","cat":284606},{"id":36317,"n":"Dessert fruitier pomme Douceur Verger s/sucre 8x100g","p":1.99,"u":"2,49 €/KG","img":"https://fd9-photos.leclercdrive.fr/image.ashx?id=2416321&use=l&cat=p&typeid=i","cat":284416},{"id":36347,"n":"Rondelé aux Noix 125g","p":1.65,"u":"13,20 €/KG","img":"https://fd9-photos.leclercdrive.fr/image.ashx?id=2967732&use=l&cat=p&typeid=i","cat":314029},{"id":36388,"n":"Bière ambrée corse Pietra 6° - 6x25cl","p":8.35,"u":"5,57 €/L","img":"https://fd9-photos.leclercdrive.fr/image.ashx?id=3011464&use=l&cat=p&typeid=i","cat":334872},{"id":36395,"n":"Yaourt Nature Sucré Yoplait - 12x125g","p":2.65,"u":"1,77 €/KG","img":"https://fd9-photos.leclercdrive.fr/image.ashx?id=2796827&use=l&cat=p&typeid=i","cat":284409},{"id":36396,"n":"Gâteau fourré Mini BN Chocolat 175g","p":1.83,"u":"10,46 €/KG","img":"https://fd9-photos.leclercdrive.fr/image.ashx?id=2746854&use=l&cat=p&typeid=i","cat":284488},{"id":36397,"n":"Biscuits Mini BN Goûter à la fraise - 175g","p":1.83,"u":"10,46 €/KG","img":"https://fd9-photos.leclercdrive.fr/image.ashx?id=2748212&use=l&cat=p&typeid=i","cat":284489},{"id":36400,"n":"Pizza La Pizz Sodebo 4 fromages - 470g","p":3.43,"u":"7,30 €/KG","img":"https://fd9-photos.leclercdrive.fr/image.ashx?id=2905366&use=l&cat=p&typeid=i","cat":333679},{"id":36412,"n":"Compote Douceur du Verger Coupelle pomme - 16x100g","p":3.09,"u":"1,93 €/KG","img":"https://fd9-photos.leclercdrive.fr/image.ashx?id=2663512&use=l&cat=p&typeid=i","cat":284508},{"id":36417,"n":"Compote Douceur du Verger Gourdes multivariétés - 4x90g","p":1.69,"u":"4,69 €/KG","img":"https://fd9-photos.leclercdrive.fr/image.ashx?id=2805030&use=l&cat=p&typeid=i","cat":284508},{"id":36418,"n":"Compote Douceur du Verger Gourdes Pomme Poire - 4x90g","p":1.49,"u":"4,14 €/KG","img":"https://fd9-photos.leclercdrive.fr/image.ashx?id=1974287&use=l&cat=p&typeid=i","cat":284508},{"id":36419,"n":"Compote Douceur du Verger Coupelle pomme - 4x100g","p":0.99,"u":"2,48 €/KG","img":"https://fd9-photos.leclercdrive.fr/image.ashx?id=2663524&use=l&cat=p&typeid=i","cat":284508},{"id":36424,"n":"Brownie P'tit Deli Chocolat noisette 285g","p":1.85,"u":"6,49 €/KG","img":"https://fd9-photos.leclercdrive.fr/image.ashx?id=2892055&use=l&cat=p&typeid=i","cat":294776},{"id":36437,"n":"Friandises pour chien Lydog Assortiment sticks - x15 126g","p":1.33,"u":"10,56 €/KG","img":"https://fd9-photos.leclercdrive.fr/image.ashx?id=1947271&use=l&cat=p&typeid=i","cat":294527},{"id":36438,"n":"Sticks dentaires Lydog Petit chien - x7 110g","p":0.99,"u":"9,00 €/KG","img":"https://fd9-photos.leclercdrive.fr/image.ashx?id=1878604&use=l&cat=p&typeid=i","cat":294527},{"id":36441,"n":"Aiguillettes poulet Tradilège Rôti - 2x75g","p":2.02,"u":"13,47 €/KG","img":"https://fd9-photos.leclercdrive.fr/image.ashx?id=2930781&use=l&cat=p&typeid=i","cat":316011},{"id":36454,"n":"Pastilles NRT  Du Bassin de Vichy - 230g","p":0.98,"u":"4,26 €/KG","img":"https://fd9-photos.leclercdrive.fr/image.ashx?id=2771079&use=l&cat=p&typeid=i","cat":304252},{"id":36475,"n":"Thé glacé Fresh Tea Pêche - 6x25cl","p":2.85,"u":"1,90 €/L","img":"https://fd9-photos.leclercdrive.fr/image.ashx?id=3002797&use=l&cat=p&typeid=i","cat":295019},{"id":36504,"n":"Pizza La Pizz Sodebo Jambon emmental - 470g","p":2.71,"u":"5,77 €/KG","img":"https://fd9-photos.leclercdrive.fr/image.ashx?id=2886786&use=l&cat=p&typeid=i","cat":333679},{"id":36650,"n":"Barres céréales Bio Village Bio Fraise x6 125g","p":1.79,"u":"14,32 €/KG","img":"https://fd9-photos.leclercdrive.fr/image.ashx?id=1977410&use=l&cat=p&typeid=i","cat":285869},{"id":36651,"n":"Barres céréales Bio Village Bio Chocolat noir x6 125g","p":1.95,"u":"15,60 €/KG","img":"https://fd9-photos.leclercdrive.fr/image.ashx?id=1960907&use=l&cat=p&typeid=i","cat":285869},{"id":36656,"n":"Soupe liquide Liebig  Velouté 10 légumes - Brique 1L","p":1.68,"u":"1,68 €/L","img":"https://fd9-photos.leclercdrive.fr/image.ashx?id=2892133&use=l&cat=p&typeid=i","cat":284462},{"id":36658,"n":"Soupe liquide Liebig  Mouliné 10 légumes - Brique 1L","p":1.72,"u":"1,72 €/L","img":"https://fd9-photos.leclercdrive.fr/image.ashx?id=2651396&use=l&cat=p&typeid=i","cat":284462},{"id":36666,"n":"Miel Languedoc-Roussillon Nos Régions ont du Talent 375g","p":5.99,"u":"15,97 €/KG","img":"https://fd9-photos.leclercdrive.fr/image.ashx?id=2771402&use=l&cat=p&typeid=i","cat":287643},{"id":36704,"n":"Sucre en morceaux Daddy Demi-morceaux rond - 750g","p":1.73,"u":"2,31 €/KG","img":"https://fd9-photos.leclercdrive.fr/image.ashx?id=2907947&use=l&cat=p&typeid=i","cat":284502},{"id":36706,"n":"Sucre glace Daddy Sachet 1kg","p":2.83,"u":"2,83 €/KG","img":"https://fd9-photos.leclercdrive.fr/image.ashx?id=2973589&use=l&cat=p&typeid=i","cat":284502},{"id":36710,"n":"Sucre canne Béghin Say Pure - en morceaux - 750g","p":2.33,"u":"3,11 €/KG","img":"https://fd9-photos.leclercdrive.fr/image.ashx?id=2948830&use=l&cat=p&typeid=i","cat":284502},{"id":36711,"n":"Sucre cassonade Béghin Say En poudre - 750g","p":2.41,"u":"3,21 €/KG","img":"https://fd9-photos.leclercdrive.fr/image.ashx?id=2949928&use=l&cat=p&typeid=i","cat":284502},{"id":36714,"n":"Sucre en poudre Saint Louis 1kg","p":2.19,"u":"2,19 €/KG","img":"https://fd9-photos.leclercdrive.fr/image.ashx?id=2624242&use=l&cat=p&typeid=i","cat":284502},{"id":36720,"n":"Haricots blancs à la tomate 400 g","p":0.75,"u":"1,88 €/KG","img":"https://fd9-photos.leclercdrive.fr/image.ashx?id=2988078&use=l&cat=p&typeid=i","cat":312606},{"id":36721,"n":"Lait chat et chaton Whiskas 3x200ml","p":2.69,"u":"4,48 €/L","img":"https://fd9-photos.leclercdrive.fr/image.ashx?id=2759670&use=l&cat=p&typeid=i","cat":285285},{"id":36756,"n":"Haricots Blancs à la tomate 800g","p":1.08,"u":"1,35 €/KG","img":"https://fd9-photos.leclercdrive.fr/image.ashx?id=2988075&use=l&cat=p&typeid=i","cat":312606},{"id":36814,"n":"Chewing-gum Freedent Menthe verte boîte 84g","p":2.45,"u":"29,17 €/KG","img":"https://fd9-photos.leclercdrive.fr/image.ashx?id=2024402&use=l&cat=p&typeid=i","cat":304251},{"id":36819,"n":"Chocolat Noir After Eight Fourré Menthe - 300g","p":4.68,"u":"15,60 €/KG","img":"https://fd9-photos.leclercdrive.fr/image.ashx?id=2348782&use=l&cat=p&typeid=i","cat":284499},{"id":36821,"n":"Biscuits M&M's  x10 - 198g","p":2.14,"u":"10,81 €/KG","img":"https://fd9-photos.leclercdrive.fr/image.ashx?id=2148416&use=l&cat=p&typeid=i","cat":284488},{"id":36825,"n":"Tablette chocolat Minis Milka Chocolat au lait - 200g","p":3.72,"u":"18,60 €/KG","img":"https://fd9-photos.leclercdrive.fr/image.ashx?id=2188521&use=l&cat=p&typeid=i","cat":284497},{"id":36847,"n":"Tablette chocolat Milka Chocolat au lait/Oreo - 2x100g","p":3.09,"u":"15,45 €/KG","img":"https://fd9-photos.leclercdrive.fr/image.ashx?id=2382321&use=l&cat=p&typeid=i","cat":284497},{"id":36849,"n":"Recharges plumeaux Clair Jetables x10","p":4.46,"u":"0,45 €/P","img":"https://fd9-photos.leclercdrive.fr/image.ashx?id=2832948&use=l&cat=p&typeid=i","cat":325364},{"id":36903,"n":"Lentilles vertes NRT Du Centre-Val-de-Loire - 500g","p":1.99,"u":"3,98 €/KG","img":"https://fd9-photos.leclercdrive.fr/image.ashx?id=2320722&use=l&cat=p&typeid=i","cat":284430},{"id":36920,"n":"Protège-slips Doulys Ultra-mince - Large - x30","p":0.82,"u":"0,03 €/P","img":"https://fd9-photos.leclercdrive.fr/image.ashx?id=2481502&use=l&cat=p&typeid=i","cat":284625},{"id":37013,"n":"Cuadro Novi Chocolat noir  - 150g","p":4.5,"u":"30,00 €/KG","img":"https://fd9-photos.leclercdrive.fr/image.ashx?id=2750096&use=l&cat=p&typeid=i","cat":327595},{"id":37030,"n":"Farine suprême Francine 1kg","p":1.71,"u":"1,71 €/KG","img":"https://fd9-photos.leclercdrive.fr/image.ashx?id=2902654&use=l&cat=p&typeid=i","cat":284503},{"id":37033,"n":"Douceur Crème balsamique  Rustica - 25cl","p":1.79,"u":"7,16 €/L","img":"https://fd9-photos.leclercdrive.fr/image.ashx?id=2498931&use=l&cat=p&typeid=i","cat":284456},{"id":37044,"n":"Sauces Party Mix Bénédicta 6 sauces de 85g - 500g","p":3.52,"u":"7,04 €/KG","img":"https://fd9-photos.leclercdrive.fr/image.ashx?id=2616174&use=l&cat=p&typeid=i","cat":318430},{"id":37049,"n":"Sauce Samourai Amora 255g","p":1.61,"u":"7,16 €/KG","img":"https://fd9-photos.leclercdrive.fr/image.ashx?id=2893838&use=l&cat=p&typeid=i","cat":318431},{"id":37054,"n":"Sucre pure canne Beghin Say Morceaux - 1kg","p":2.61,"u":"2,61 €/KG","img":"https://fd9-photos.leclercdrive.fr/image.ashx?id=2978688&use=l&cat=p&typeid=i","cat":284502},{"id":37107,"n":"Gel lavant mains Manava Spécial cuisine - 300ml","p":0.99,"u":"3,30 €/L","img":"https://fd9-photos.leclercdrive.fr/image.ashx?id=2355151&use=l&cat=p&typeid=i","cat":284597},{"id":37120,"n":"Sauce Soja sucrée Kikkoman 250ml","p":4.57,"u":"18,28 €/L","img":"https://fd9-photos.leclercdrive.fr/image.ashx?id=2536296&use=l&cat=p&typeid=i","cat":288992},{"id":37198,"n":"Poêlée Notre Jardin Méditerranéenne 750g","p":3.17,"u":"4,23 €/KG","img":"https://fd9-photos.leclercdrive.fr/image.ashx?id=2034527&use=l&cat=p&typeid=i","cat":319823},{"id":37260,"n":"Boisson au thé Fresh Tea Citron vert - 1,5L","p":1.22,"u":"0,81 €/L","img":"https://fd9-photos.leclercdrive.fr/image.ashx?id=2622257&use=l&cat=p&typeid=i","cat":295019},{"id":37262,"n":"Boisson au thé Fresh Tea Framboise - 1,5L","p":1.33,"u":"0,89 €/L","img":"https://fd9-photos.leclercdrive.fr/image.ashx?id=2622254&use=l&cat=p&typeid=i","cat":295019},{"id":37283,"n":"Compote bio Bio Village Pomme châtaigne - 4x100g","p":1.89,"u":"4,73 €/KG","img":"https://fd9-photos.leclercdrive.fr/image.ashx?id=1956865&use=l&cat=p&typeid=i","cat":284416},{"id":37286,"n":"Paëlla royale Marie 900g","p":4.87,"u":"5,41 €/KG","img":"https://fd9-photos.leclercdrive.fr/image.ashx?id=2996770&use=l&cat=p&typeid=i","cat":284254},{"id":37403,"n":"Sachet fraîcheur chien Pedigree  Mixte en sauce - 12x100g","p":5.21,"u":"4,34 €/KG","img":"https://fd9-photos.leclercdrive.fr/image.ashx?id=2870242&use=l&cat=p&typeid=i","cat":284673},{"id":37438,"n":"Papier cuisson Elembal Rouleau 15m","p":1.79,"img":"https://fd9-photos.leclercdrive.fr/image.ashx?id=2158218&use=l&cat=p&typeid=i","cat":334134},{"id":37453,"n":"Lardons de volaille Tradilège Fumés 2x75g","p":1.75,"u":"11,67 €/KG","img":"https://fd9-photos.leclercdrive.fr/image.ashx?id=2882358&use=l&cat=p&typeid=i","cat":316011},{"id":37456,"n":"Saucisse fumée Tradilège VPF x3 375g","p":3.18,"u":"8,48 €/KG","img":"https://fd9-photos.leclercdrive.fr/image.ashx?id=2659085&use=l&cat=p&typeid=i","cat":316012},{"id":37467,"n":"Infusion Tiséa Fruits rouges 25 sachets 40g","p":0.92,"u":"23,00 €/KG","img":"https://fd9-photos.leclercdrive.fr/image.ashx?id=2441324&use=l&cat=p&typeid=i","cat":293234},{"id":37468,"n":"Jambon cru Fine Fondante Aoste Sans conservateur - x6 - 100g","p":3.52,"u":"35,20 €/KG","img":"https://fd9-photos.leclercdrive.fr/image.ashx?id=2937172&use=l&cat=p&typeid=i","cat":316007},{"id":37517,"n":"Steack haché boucher Convivial 15% mg - x8 800g","p":12.29,"u":"15,36 €/KG","img":"https://fd9-photos.leclercdrive.fr/image.ashx?id=2960975&use=l&cat=p&typeid=i","cat":319778},{"id":37540,"n":"Compote bébé Bio Village Bio Pomme vanille 4 mois 4x100g","p":1.99,"u":"4,98 €/KG","img":"https://fd9-photos.leclercdrive.fr/image.ashx?id=2704750&use=l&cat=p&typeid=i","cat":312387},{"id":37542,"n":"Compote bébé Bio Village bio Poire williams - 4 mois -4x100g","p":1.89,"u":"4,73 €/KG","img":"https://fd9-photos.leclercdrive.fr/image.ashx?id=2704747&use=l&cat=p&typeid=i","cat":312387},{"id":37580,"n":"Soupe Régal Soupe Légumes et vermicelles - 1L","p":1.84,"u":"1,84 €/L","img":"https://fd9-photos.leclercdrive.fr/image.ashx?id=2607539&use=l&cat=p&typeid=i","cat":284462},{"id":37593,"n":"Snacks chats Tous mes amis Poulet fromage - 60g","p":0.84,"u":"14,00 €/KG","img":"https://fd9-photos.leclercdrive.fr/image.ashx?id=1947280&use=l&cat=p&typeid=i","cat":285285},{"id":37594,"n":"Snacks chats Tous mes amis Boeuf - 60g","p":0.94,"u":"15,67 €/KG","img":"https://fd9-photos.leclercdrive.fr/image.ashx?id=2046107&use=l&cat=p&typeid=i","cat":285285},{"id":37595,"n":"Snacks chats Tous mes amis Saumon - 60g","p":0.89,"u":"14,83 €/KG","img":"https://fd9-photos.leclercdrive.fr/image.ashx?id=1938588&use=l&cat=p&typeid=i","cat":285285},{"id":37596,"n":"Snacks chats Tous mes amis Contre les boules de poils- 60g","p":0.99,"u":"16,50 €/KG","img":"https://fd9-photos.leclercdrive.fr/image.ashx?id=1947277&use=l&cat=p&typeid=i","cat":285285},{"id":37615,"n":"Rasoirs jetables Eco+ x10","p":0.71,"u":"0,07 €/P","img":"https://fd9-photos.leclercdrive.fr/image.ashx?id=1946075&use=l&cat=p&typeid=i","cat":284616},{"id":37623,"n":"Trancetto Balconi Cacao x10 280g","p":1.3,"u":"4,64 €/KG","img":"https://fd9-photos.leclercdrive.fr/image.ashx?id=2878414&use=l&cat=p&typeid=i","cat":284495},{"id":37712,"n":"Haricots Verts Cassegrain Extra Fins Cueillis main 390g","p":2.98,"u":"7,64 €/KG","img":"https://fd9-photos.leclercdrive.fr/image.ashx?id=2913025&use=l&cat=p&typeid=i","cat":312606},{"id":37713,"n":"Harissa Phare du Cap Bon Tube - 140g","p":0.61,"u":"4,36 €/KG","img":"https://fd9-photos.leclercdrive.fr/image.ashx?id=2239044&use=l&cat=p&typeid=i","cat":289013},{"id":37774,"n":"Recharge Dentamyl Brosse à dents électrique x2","p":6.99,"u":"3,50 €/P","img":"https://fd9-photos.leclercdrive.fr/image.ashx?id=2790967&use=l&cat=p&typeid=i","cat":297133},{"id":37842,"n":"Thé glacé zéro Fresh Tea  Pêche - 1,5L","p":1.28,"u":"0,85 €/L","img":"https://fd9-photos.leclercdrive.fr/image.ashx?id=2622266&use=l&cat=p&typeid=i","cat":295019},{"id":37843,"n":"100% Pur jus d'orange Jafaden Sans pulpe - 2L","p":3.54,"u":"1,77 €/L","img":"https://fd9-photos.leclercdrive.fr/image.ashx?id=2496890&use=l&cat=p&typeid=i","cat":284521},{"id":37862,"n":"Couches Bébé Eco+ T5 - x52 changes","p":6.94,"u":"0,13 €/P","img":"https://fd9-photos.leclercdrive.fr/image.ashx?id=2119106&use=l&cat=p&typeid=i","cat":284737},{"id":37863,"n":"Compresses stériles Primoplast Ultra-douces x20","p":2.6,"u":"0,13 €/P","img":"https://fd9-photos.leclercdrive.fr/image.ashx?id=2832960&use=l&cat=p&typeid=i","cat":284630},{"id":37940,"n":"Beignets de calamar Pescanova A la Romaine 500g","p":4.06,"u":"8,12 €/KG","img":"https://fd9-photos.leclercdrive.fr/image.ashx?id=2983369&use=l&cat=p&typeid=i","cat":319788},{"id":38000,"n":"Shampooing douche Petit Manava Pomme-poire - 500ml","p":2.19,"u":"4,38 €/L","img":"https://fd9-photos.leclercdrive.fr/image.ashx?id=2403694&use=l&cat=p&typeid=i","cat":284606},{"id":38022,"n":"Barquette allégée Elle&Vire Doux - 20% MG - 250g","p":1.88,"u":"7,52 €/KG","img":"https://fd9-photos.leclercdrive.fr/image.ashx?id=2763460&use=l&cat=p&typeid=i","cat":284379},{"id":38054,"n":"Thé glacé pétillant Liptonic  Ice Tea Pêche - 1,5L","p":2.03,"u":"1,35 €/L","img":"https://fd9-photos.leclercdrive.fr/image.ashx?id=2159598&use=l&cat=p&typeid=i","cat":295019},{"id":38100,"n":"Chocolat en poudre Nesquik Boîte 490g","p":3.69,"u":"7,53 €/KG","img":"https://fd9-photos.leclercdrive.fr/image.ashx?id=3005305&use=l&cat=p&typeid=i","cat":293235},{"id":38230,"n":"Mouchoirs blancs 4 plis Caresse Pock kid mouchoirs papier x10","p":1.12,"u":"0,11 €/P","img":"https://fd9-photos.leclercdrive.fr/image.ashx?id=2042457&use=l&cat=p&typeid=i","cat":284638},{"id":38232,"n":"Mouchoirs blancs 3 plis Caresse Boîte décor aléatoire Kids -x60","p":1.75,"u":"0,03 €/P","img":"https://fd9-photos.leclercdrive.fr/image.ashx?id=2380809&use=l&cat=p&typeid=i","cat":284638},{"id":38234,"n":"Dessert - P'tit Brassé Nestlé Banane - dès 6 mois - 4x100g","p":1.99,"u":"4,98 €/KG","img":"https://fd9-photos.leclercdrive.fr/image.ashx?id=2615131&use=l&cat=p&typeid=i","cat":312392},{"id":38235,"n":"Dessert - P'tit Brassé Nestlé Framboise - dès 6 mois - 4x100g","p":1.69,"u":"4,23 €/KG","img":"https://fd9-photos.leclercdrive.fr/image.ashx?id=2604876&use=l&cat=p&typeid=i","cat":312392},{"id":38236,"n":"Dessert - P'tit Brassé Nestlé Abricot - dès 6 mois - 4x100g","p":1.64,"u":"4,10 €/KG","img":"https://fd9-photos.leclercdrive.fr/image.ashx?id=2600569&use=l&cat=p&typeid=i","cat":312392},{"id":38237,"n":"Dessert - P'tit Brassé Nestlé Poire - dès 6 mois - 4x100g","p":1.95,"u":"4,88 €/KG","img":"https://fd9-photos.leclercdrive.fr/image.ashx?id=2615756&use=l&cat=p&typeid=i","cat":312392},{"id":38238,"n":"Dessert - P'tit Brassé Nestlé Fraise - dès 6 mois - 4x100g","p":1.66,"u":"4,15 €/KG","img":"https://fd9-photos.leclercdrive.fr/image.ashx?id=2510187&use=l&cat=p&typeid=i","cat":312392},{"id":38239,"n":"Dessert - P'tit Brassé Nestlé Myrtille - dès 6 mois - 4x100g","p":1.93,"u":"4,83 €/KG","img":"https://fd9-photos.leclercdrive.fr/image.ashx?id=2583235&use=l&cat=p&typeid=i","cat":312392},{"id":38298,"n":"Matière grasse St Hubert Omega 3 - 52%mg - doux - 510g","p":3.31,"u":"6,49 €/KG","img":"https://fd9-photos.leclercdrive.fr/image.ashx?id=2734108&use=l&cat=p&typeid=i","cat":315229},{"id":38322,"n":"Compote Douceur du Verger Gourdes multivariétés - 20x90g","p":5.95,"u":"3,31 €/KG","img":"https://fd9-photos.leclercdrive.fr/image.ashx?id=2837060&use=l&cat=p&typeid=i","cat":284508},{"id":38373,"n":"Rasoirs jetables Siliss 3 lames x6","p":1.98,"u":"0,50 €/P","img":"https://fd9-photos.leclercdrive.fr/image.ashx?id=2873549&use=l&cat=p&typeid=i","cat":325352},{"id":38379,"n":"Shampooing Manava Aux oeufs 500ml","p":1.0,"u":"2,00 €/L","img":"https://fd9-photos.leclercdrive.fr/image.ashx?id=1885860&use=l&cat=p&typeid=i","cat":284606},{"id":38501,"n":"Lentilles cuisinées Cassegrain  - 2x265g","p":3.21,"u":"0,61 €/L","img":"https://fd9-photos.leclercdrive.fr/image.ashx?id=2952463&use=l&cat=p&typeid=i","cat":312609},{"id":38510,"n":"Shampooing 2en1 Manava Lait amande douce - 500ml","p":1.0,"u":"2,00 €/L","img":"https://fd9-photos.leclercdrive.fr/image.ashx?id=1903860&use=l&cat=p&typeid=i","cat":284606},{"id":38524,"n":"Tendres perles Blé Tipiak Prêt en 5 min - 350g","p":1.54,"u":"4,40 €/KG","img":"https://fd9-photos.leclercdrive.fr/image.ashx?id=2640614&use=l&cat=p&typeid=i","cat":284429},{"id":38562,"n":"Cône Nestlé Extrême  Vanille de Madagascar x6 - 426g","p":3.37,"u":"7,91 €/KG","img":"https://fd9-photos.leclercdrive.fr/image.ashx?id=3000432&use=l&cat=p&typeid=i","cat":284264},{"id":38705,"n":"Chocolat Pâtissier Nestlé Dessert - 2x205g","p":5.72,"u":"13,95 €/KG","img":"https://fd9-photos.leclercdrive.fr/image.ashx?id=2959491&use=l&cat=p&typeid=i","cat":285562},{"id":38735,"n":"Lait de douche Manava Lait et miel - 250ml","p":0.94,"u":"3,76 €/L","img":"https://fd9-photos.leclercdrive.fr/image.ashx?id=742527&use=l&cat=p&typeid=i","cat":284594},{"id":38744,"n":"Beurre allégé Les Croisés Demi-sel - 60% MG - 250g","p":1.89,"u":"7,56 €/KG","img":"https://fd9-photos.leclercdrive.fr/image.ashx?id=1985358&use=l&cat=p&typeid=i","cat":284379},{"id":38765,"n":"Soda Jean's Cola Cherry Bouteille - 1,5L","p":1.49,"u":"0,99 €/L","img":"https://fd9-photos.leclercdrive.fr/image.ashx?id=2441848&use=l&cat=p&typeid=i","cat":284530},{"id":38773,"n":"Pur jus d'orange Jafaden Avec pulpe - 1,5L","p":3.0,"u":"2,00 €/L","img":"https://fd9-photos.leclercdrive.fr/image.ashx?id=2496893&use=l&cat=p&typeid=i","cat":284521},{"id":38780,"n":"Shampooing Manava Anti-pelliculaire 500ml","p":1.0,"u":"2,00 €/L","img":"https://fd9-photos.leclercdrive.fr/image.ashx?id=1903863&use=l&cat=p&typeid=i","cat":284606},{"id":38781,"n":"Mouchoirs blancs 4 plis Caresse Boîte mouchoirs papier - x80","p":1.1,"u":"0,01 €/P","img":"https://fd9-photos.leclercdrive.fr/image.ashx?id=2778078&use=l&cat=p&typeid=i","cat":284638},{"id":38799,"n":"Essuie-tout Mimosa Demi-feuille - x3","p":4.9,"u":"1,63 €/P","img":"https://fd9-photos.leclercdrive.fr/image.ashx?id=2691291&use=l&cat=p&typeid=i","cat":284635},{"id":38812,"n":"Pains au lait Pasquier x10 - 350g","p":1.29,"u":"3,69 €/KG","img":"https://fd9-photos.leclercdrive.fr/image.ashx?id=2576940&use=l&cat=p&typeid=i","cat":293505},{"id":38857,"n":"Fromage Boursin cuisine Ail & fines herbes - 240g","p":2.47,"u":"10,29 €/KG","img":"https://fd9-photos.leclercdrive.fr/image.ashx?id=2615418&use=l&cat=p&typeid=i","cat":314029},{"id":38868,"n":"Chips ondulées Pom'Lisse Poulet rôti - 135g","p":1.03,"u":"7,63 €/KG","img":"https://fd9-photos.leclercdrive.fr/image.ashx?id=2919625&use=l&cat=p&typeid=i","cat":284447},{"id":38922,"n":"Tablette de chocolat noir Lindt Noir : Fleur de sel - 2x100g","p":4.38,"u":"21,90 €/KG","img":"https://fd9-photos.leclercdrive.fr/image.ashx?id=2153264&use=l&cat=p&typeid=i","cat":284956},{"id":38985,"n":"Beurre Grand Fermage  Demi-sel - 80% MG - 250g","p":2.57,"u":"10,28 €/KG","img":"https://fd9-photos.leclercdrive.fr/image.ashx?id=2915569&use=l&cat=p&typeid=i","cat":284379},{"id":39009,"n":"Pain de mie complet Epi d'Or Extra moelleux - 500g","p":1.79,"u":"3,58 €/KG","img":"https://fd9-photos.leclercdrive.fr/image.ashx?id=2342165&use=l&cat=p&typeid=i","cat":284477},{"id":39024,"n":"AOP Entre-deux-mers blanc Cuvée Hortense - 75cl","p":4.98,"u":"6,64 €/L","img":"https://fd9-photos.leclercdrive.fr/image.ashx?id=2516068&use=l&cat=p&typeid=i","cat":289557},{"id":39056,"n":"AOC Côtes de Provence rosé Billette - BIB 3L","p":20.04,"u":"6,68 €/L","img":"https://fd9-photos.leclercdrive.fr/image.ashx?id=2863434&use=l&cat=p&typeid=i","cat":289560},{"id":39061,"n":"Film étirable Alfapac Rouleau 35m x 29cm","p":1.55,"img":"https://fd9-photos.leclercdrive.fr/image.ashx?id=2918268&use=l&cat=p&typeid=i","cat":334134},{"id":39067,"n":"Tablettes lave vaisselle Sun Classic x60 - 570g","p":7.11,"u":"12,47 €/KG","img":"https://fd9-photos.leclercdrive.fr/image.ashx?id=2775745&use=l&cat=p&typeid=i","cat":284656},{"id":39107,"n":"Gel lavant Manava Savon de Marseille - 300ml","p":1.06,"u":"3,53 €/L","img":"https://fd9-photos.leclercdrive.fr/image.ashx?id=2935498&use=l&cat=p&typeid=i","cat":284597},{"id":39120,"n":"Eau minérale naturelle Vittel Bouchon sport - 6x75cl","p":2.91,"u":"0,65 €/L","img":"https://fd9-photos.leclercdrive.fr/image.ashx?id=2774478&use=l&cat=p&typeid=i","cat":284535},{"id":39122,"n":"Fromage de chèvre Soignon Bûche Sainte Maure - 300g","p":3.13,"u":"10,43 €/KG","img":"https://fd9-photos.leclercdrive.fr/image.ashx?id=2963331&use=l&cat=p&typeid=i","cat":314031},{"id":39145,"n":"Mouchoirs blancs 4 plis Caresse Etuis x15 - Mentholés","p":1.98,"u":"0,13 €/P","img":"https://fd9-photos.leclercdrive.fr/image.ashx?id=2002228&use=l&cat=p&typeid=i","cat":284638},{"id":39155,"n":"Chips La classique Vico Nature - 6x27,5g","p":1.71,"u":"10,36 €/KG","img":"https://fd9-photos.leclercdrive.fr/image.ashx?id=2917813&use=l&cat=p&typeid=i","cat":284447},{"id":39172,"n":"AOP Cabernet d'Anjou vin rosé Les Caractères - 75cl","p":3.99,"u":"5,32 €/L","img":"https://fd9-photos.leclercdrive.fr/image.ashx?id=2202422&use=l&cat=p&typeid=i","cat":289558},{"id":39182,"n":"Pain de mie 100% Mie Harrys Complet sans croûte Maxi - 650g","p":2.42,"u":"3,72 €/KG","img":"https://fd9-photos.leclercdrive.fr/image.ashx?id=2517438&use=l&cat=p&typeid=i","cat":284477},{"id":39233,"n":"AOP Côtes de Provence rosé Estandon - 75cl","p":6.78,"u":"9,04 €/L","img":"https://fd9-photos.leclercdrive.fr/image.ashx?id=2868966&use=l&cat=p&typeid=i","cat":289558},{"id":39265,"n":"AOC Picpoul de Pinet vin blanc Prieur Barsanne - 75cl","p":4.8,"u":"6,40 €/L","img":"https://fd9-photos.leclercdrive.fr/image.ashx?id=2869796&use=l&cat=p&typeid=i","cat":289557},{"id":39270,"n":"AOP Touraine Sauvignon vin Blanc - Les Caractères - 75cl","p":4.99,"u":"6,65 €/L","img":"https://fd9-photos.leclercdrive.fr/image.ashx?id=2942202&use=l&cat=p&typeid=i","cat":289557},{"id":39338,"n":"Moutarde Savora Amora 385g","p":2.14,"u":"5,56 €/KG","img":"https://fd9-photos.leclercdrive.fr/image.ashx?id=2775685&use=l&cat=p&typeid=i","cat":288850},{"id":39339,"n":"Moutarde Amora Fine & douce - 190g","p":1.63,"u":"8,58 €/KG","img":"https://fd9-photos.leclercdrive.fr/image.ashx?id=2738791&use=l&cat=p&typeid=i","cat":288850},{"id":39376,"n":"Pur jus d'orange Tropicana Sans pulpe - 1,5L","p":3.2,"u":"2,13 €/L","img":"https://fd9-photos.leclercdrive.fr/image.ashx?id=2509637&use=l&cat=p&typeid=i","cat":284521},{"id":39388,"n":"Haricots verts Bio Village Bio - 360g","p":1.89,"u":"5,25 €/KG","img":"https://fd9-photos.leclercdrive.fr/image.ashx?id=3002659&use=l&cat=p&typeid=i","cat":312606},{"id":39389,"n":"Haricots beurre Notre Jardin Extra fins 1kg","p":2.29,"u":"2,29 €/KG","img":"https://fd9-photos.leclercdrive.fr/image.ashx?id=2431134&use=l&cat=p&typeid=i","cat":319805},{"id":39403,"n":"Joker Pur Jus Engagé Orange  sans pulpe - 1L","p":2.58,"u":"2,58 €/L","img":"https://fd9-photos.leclercdrive.fr/image.ashx?id=2984982&use=l&cat=p&typeid=i","cat":284521},{"id":39421,"n":"Jus innocent pomme 900ml","p":2.56,"u":"2,84 €/L","img":"https://fd9-photos.leclercdrive.fr/image.ashx?id=2891703&use=l&cat=p&typeid=i","cat":284354},{"id":39443,"n":"Jus innocent  orange avec pulpe 1.5L","p":3.72,"u":"2,48 €/L","img":"https://fd9-photos.leclercdrive.fr/image.ashx?id=2891223&use=l&cat=p&typeid=i","cat":285435},{"id":39444,"n":"Jus innocent orange avec pulpe 900ml","p":2.76,"u":"3,07 €/L","img":"https://fd9-photos.leclercdrive.fr/image.ashx?id=2891700&use=l&cat=p&typeid=i","cat":285435},{"id":39471,"n":"Mousse aux oeufs Bonne Maman Chocolat - 4x50g","p":2.42,"u":"12,10 €/KG","img":"https://fd9-photos.leclercdrive.fr/image.ashx?id=2571509&use=l&cat=p&typeid=i","cat":284417},{"id":39472,"n":"Mousse aux oeufs Bonne Maman Chocolat au lait - 4x50g","p":2.37,"u":"11,85 €/KG","img":"https://fd9-photos.leclercdrive.fr/image.ashx?id=2571512&use=l&cat=p&typeid=i","cat":284417},{"id":39475,"n":"Barre chocolatée Balisto Fruits des bois - x10 - 185g","p":2.76,"u":"14,92 €/KG","img":"https://fd9-photos.leclercdrive.fr/image.ashx?id=1930983&use=l&cat=p&typeid=i","cat":284498},{"id":39479,"n":"Cacahuètes à l'ancienne Tokapi Grillées et salées - 400g","p":2.45,"u":"6,13 €/KG","img":"https://fd9-photos.leclercdrive.fr/image.ashx?id=2474084&use=l&cat=p&typeid=i","cat":284448},{"id":39480,"n":"Chips ondulées Pom'Lisse Nature - 6x30g","p":1.55,"u":"8,61 €/KG","img":"https://fd9-photos.leclercdrive.fr/image.ashx?id=2728246&use=l&cat=p&typeid=i","cat":284447},{"id":39482,"n":"Brownie P'tit Déli Chocolat noisette - 240g","p":1.85,"u":"7,71 €/KG","img":"https://fd9-photos.leclercdrive.fr/image.ashx?id=2891779&use=l&cat=p&typeid=i","cat":294776},{"id":39485,"n":"Barre chocolatée Balisto Miel amande - x10 barres - 185g","p":2.89,"u":"15,62 €/KG","img":"https://fd9-photos.leclercdrive.fr/image.ashx?id=1930977&use=l&cat=p&typeid=i","cat":284498},{"id":39497,"n":"Barre chocolatée P'tit Déli Bille de riz - 162g","p":1.5,"u":"9,26 €/KG","img":"https://fd9-photos.leclercdrive.fr/image.ashx?id=2529599&use=l&cat=p&typeid=i","cat":284488},{"id":39498,"n":"Biscottes Epi d'Or Gout brioché x36 - 300g","p":1.51,"u":"5,03 €/KG","img":"https://fd9-photos.leclercdrive.fr/image.ashx?id=2532838&use=l&cat=p&typeid=i","cat":284479},{"id":39502,"n":"Biscuits Cookies P'tit Déli Coeur fondant noisette - 200g","p":1.44,"u":"7,20 €/KG","img":"https://fd9-photos.leclercdrive.fr/image.ashx?id=2577296&use=l&cat=p&typeid=i","cat":325066},{"id":39503,"n":"Chocolat Pâtissier Tablette dOr Praliné - 200g","p":2.15,"u":"10,75 €/KG","img":"https://fd9-photos.leclercdrive.fr/image.ashx?id=2987482&use=l&cat=p&typeid=i","cat":285562},{"id":39507,"n":"Moutarde Rustica Douce - 435g","p":1.39,"u":"3,20 €/KG","img":"https://fd9-photos.leclercdrive.fr/image.ashx?id=2052019&use=l&cat=p&typeid=i","cat":288850},{"id":39511,"n":"Thé lady grey Twinings x20 sachets -  40g","p":2.45,"u":"61,25 €/KG","img":"https://fd9-photos.leclercdrive.fr/image.ashx?id=2875552&use=l&cat=p&typeid=i","cat":293233},{"id":39517,"n":"Thé vert Twinings Citron x25 sachets -50g","p":2.23,"u":"44,60 €/KG","img":"https://fd9-photos.leclercdrive.fr/image.ashx?id=2893012&use=l&cat=p&typeid=i","cat":293233},{"id":39521,"n":"Cacahuètes enrobées Tokapi Salées - 150g","p":0.85,"u":"5,67 €/KG","img":"https://fd9-photos.leclercdrive.fr/image.ashx?id=1957812&use=l&cat=p&typeid=i","cat":284448},{"id":39522,"n":"Cacahuètes enrobées Tokapi Bacon - 150g","p":0.85,"u":"5,67 €/KG","img":"https://fd9-photos.leclercdrive.fr/image.ashx?id=2790528&use=l&cat=p&typeid=i","cat":284448},{"id":39524,"n":"Cacahuètes enrobées Tokapi Epicées - 150g","p":0.85,"u":"5,67 €/KG","img":"https://fd9-photos.leclercdrive.fr/image.ashx?id=2033239&use=l&cat=p&typeid=i","cat":284448},{"id":39529,"n":"Jus de citron Rustica Sicile - 50cl","p":1.67,"u":"3,34 €/L","img":"https://fd9-photos.leclercdrive.fr/image.ashx?id=2123214&use=l&cat=p&typeid=i","cat":288383},{"id":39531,"n":"Compote bébé Babybio Bio 4 mois Pomme / Mangue - 260g","p":1.92,"u":"7,38 €/KG","img":"https://fd9-photos.leclercdrive.fr/image.ashx?id=2827500&use=l&cat=p&typeid=i","cat":312387},{"id":39547,"n":"Duo Haricots verts et beurre Notre Jardin - 225g","p":1.03,"u":"4,58 €/KG","img":"https://fd9-photos.leclercdrive.fr/image.ashx?id=2988060&use=l&cat=p&typeid=i","cat":312606},{"id":39548,"n":"Haricots verts Notre Jardin Extra fins - 3x110g","p":1.83,"u":"5,55 €/KG","img":"https://fd9-photos.leclercdrive.fr/image.ashx?id=2472514&use=l&cat=p&typeid=i","cat":312606},{"id":39550,"n":"Sirop d'agave bio Bio Village 345g","p":1.99,"u":"5,77 €/KG","img":"https://fd9-photos.leclercdrive.fr/image.ashx?id=2175777&use=l&cat=p&typeid=i","cat":287643},{"id":39551,"n":"Tablettes pour chien Lydog Boeuf, poulet, agneau - 104g","p":1.22,"u":"11,73 €/KG","img":"https://fd9-photos.leclercdrive.fr/image.ashx?id=1947265&use=l&cat=p&typeid=i","cat":294527},{"id":39556,"n":"Gaufres liégeoises P'tit Déli Sucrées - 550g","p":2.69,"u":"4,89 €/KG","img":"https://fd9-photos.leclercdrive.fr/image.ashx?id=763752&use=l&cat=p&typeid=i","cat":294777},{"id":39558,"n":"Croquettes chat Tous mes amis Stérilisés - 2kg","p":3.24,"u":"1,62 €/KG","img":"https://fd9-photos.leclercdrive.fr/image.ashx?id=2301490&use=l&cat=p&typeid=i","cat":284680},{"id":39559,"n":"Céréales Jordans Spécial Muesli Fruits et Noix - 750g","p":3.55,"u":"4,73 €/KG","img":"https://fd9-photos.leclercdrive.fr/image.ashx?id=2966770&use=l&cat=p&typeid=i","cat":309512},{"id":39560,"n":"Duo Haricots verts et beurre Notre Jardin - 455g","p":1.99,"u":"4,37 €/KG","img":"https://fd9-photos.leclercdrive.fr/image.ashx?id=2291408&use=l&cat=p&typeid=i","cat":312606},{"id":39569,"n":"Céréales Jordans Country Crisp Chocolat Noir 70% - 550g","p":3.61,"u":"6,56 €/KG","img":"https://fd9-photos.leclercdrive.fr/image.ashx?id=3000836&use=l&cat=p&typeid=i","cat":309512},{"id":39570,"n":"Céréales Jordans Country Crisp 4 Noix - 550g","p":3.08,"u":"5,60 €/KG","img":"https://fd9-photos.leclercdrive.fr/image.ashx?id=2973487&use=l&cat=p&typeid=i","cat":309512},{"id":39572,"n":"Biscuits batonnets P'tit Déli Chocolat au lait 90g","p":1.29,"u":"14,33 €/KG","img":"https://fd9-photos.leclercdrive.fr/image.ashx?id=2328779&use=l&cat=p&typeid=i","cat":284488},{"id":39616,"n":"Sirop Moulin de Valdonne Fraise - 70cl","p":3.47,"u":"4,96 €/L","img":"https://fd9-photos.leclercdrive.fr/image.ashx?id=2170559&use=l&cat=p&typeid=i","cat":295020},{"id":39617,"n":"Sirop Moulin de Valdonne Menthe - 70cl","p":3.04,"u":"4,34 €/L","img":"https://fd9-photos.leclercdrive.fr/image.ashx?id=2170550&use=l&cat=p&typeid=i","cat":295020},{"id":39621,"n":"Boisson énergisante Red Bull 4x355ml","p":6.16,"u":"4,34 €/L","img":"https://fd9-photos.leclercdrive.fr/image.ashx?id=3011983&use=l&cat=p&typeid=i","cat":284533},{"id":39686,"n":"Protection incontinence Chorys Homme - Normal - x20","p":5.32,"u":"0,27 €/P","img":"https://fd9-photos.leclercdrive.fr/image.ashx?id=1513956&use=l&cat=p&typeid=i","cat":291514},{"id":39730,"n":"Couette basique Tissaia 140x200 cm","p":22.95,"u":"Dont 0,40 € d'éco-part.","img":"https://fd9-photos.leclercdrive.fr/image.ashx?id=2648442&use=l&cat=p&typeid=i","cat":288835},{"id":39735,"n":"Huile Isio 4 Lesieur Stop goutte - 675ml","p":2.57,"u":"3,81 €/L","img":"https://fd9-photos.leclercdrive.fr/image.ashx?id=2916015&use=l&cat=p&typeid=i","cat":284453},{"id":39740,"n":"Tortilla dürüm Antalya 12x30cm","p":3.62,"u":"3,02 €/KG","img":"https://fd9-photos.leclercdrive.fr/image.ashx?id=1594844&use=l&cat=p&typeid=i","cat":288993},{"id":39770,"n":"Edulcorant Canderel Pot, poudre 80g","p":2.29,"u":"28,63 €/KG","img":"https://fd9-photos.leclercdrive.fr/image.ashx?id=2811020&use=l&cat=p&typeid=i","cat":324846},{"id":39783,"n":"Liqueur Malibu Coco 18% vol - 1L","p":15.45,"u":"15,45 €/L","img":"https://fd9-photos.leclercdrive.fr/image.ashx?id=2396881&use=l&cat=p&typeid=i","cat":284551},{"id":39827,"n":"Sauce Algerienne Colona 500ml","p":2.87,"u":"5,74 €/L","img":"https://fd9-photos.leclercdrive.fr/image.ashx?id=2687182&use=l&cat=p&typeid=i","cat":318431},{"id":39840,"n":"Eau de source Laqueuille 50cl","p":0.28,"u":"0,56 €/L","img":"https://fd9-photos.leclercdrive.fr/image.ashx?id=805068&use=l&cat=p&typeid=i","cat":284535},{"id":39841,"n":"Eau minérale gazeuse St Diery Naturelle - 1.25L","p":0.36,"u":"0,29 €/L","img":"https://fd9-photos.leclercdrive.fr/image.ashx?id=2863072&use=l&cat=p&typeid=i","cat":284536},{"id":39858,"n":"Sirop Frucci Fruits exotiques - 75cl","p":2.65,"u":"3,53 €/L","img":"https://fd9-photos.leclercdrive.fr/image.ashx?id=2842313&use=l&cat=p&typeid=i","cat":295020},{"id":39879,"n":"Eau minérale gazeuse Naturelle - 1L","p":0.39,"u":"0,39 €/L","img":"https://fd9-photos.leclercdrive.fr/image.ashx?id=2617210&use=l&cat=p&typeid=i","cat":284536},{"id":39934,"n":"Yaourts à la Grecque Délisse Nature - 8x125g","p":2.15,"u":"2,15 €/KG","img":"https://fd9-photos.leclercdrive.fr/image.ashx?id=1954368&use=l&cat=p&typeid=i","cat":314999},{"id":39941,"n":"Laque Fixation Forte 24h Dop Vivelle - 250ml","p":3.77,"u":"15,08 €/L","img":"https://fd9-photos.leclercdrive.fr/image.ashx?id=2457239&use=l&cat=p&typeid=i","cat":284609},{"id":39943,"n":"Laque fixation Extra-Forte Dop Vivelle - 250ml","p":3.81,"u":"15,24 €/L","img":"https://fd9-photos.leclercdrive.fr/image.ashx?id=2457236&use=l&cat=p&typeid=i","cat":284609},{"id":39950,"n":"Yaourts Lait de brebis Délisse Nature - 4x125g","p":2.19,"u":"4,38 €/KG","img":"https://fd9-photos.leclercdrive.fr/image.ashx?id=1872007&use=l&cat=p&typeid=i","cat":314998},{"id":39951,"n":"Crème dessert Délisse Pistache - 4x125g","p":0.95,"u":"1,90 €/KG","img":"https://fd9-photos.leclercdrive.fr/image.ashx?id=2441333&use=l&cat=p&typeid=i","cat":285041},{"id":39953,"n":"crème dessert chocolat danette pop billes 3 chocolats - 4x117g","p":2.41,"u":"5,15 €/KG","img":"https://fd9-photos.leclercdrive.fr/image.ashx?id=2926230&use=l&cat=p&typeid=i","cat":285041},{"id":39954,"n":"Crème dessert vanille Danette  Billes 3 chocolats - 4x117g","p":2.41,"u":"5,15 €/KG","img":"https://fd9-photos.leclercdrive.fr/image.ashx?id=2926227&use=l&cat=p&typeid=i","cat":285041},{"id":39961,"n":"Emiettés de sardines Gastromer Citron - 150g","p":1.99,"pp":1.31,"u":"8,73 €/KG","img":"https://fd9-photos.leclercdrive.fr/image.ashx?id=1605758&use=l&cat=p&typeid=i","cat":285191},{"id":39967,"n":"Poivre gris moulu Ducros n°7 - 90g","p":2.57,"u":"28,56 €/KG","img":"https://fd9-photos.leclercdrive.fr/image.ashx?id=2983207&use=l&cat=p&typeid=i","cat":284457},{"id":39970,"n":"Poivre noir moulu Ducros N°8 - 38g","p":2.03,"u":"53,42 €/KG","img":"https://fd9-photos.leclercdrive.fr/image.ashx?id=2311051&use=l&cat=p&typeid=i","cat":284457},{"id":39972,"n":"Basilic Ducros 11g","p":1.36,"u":"123,64 €/KG","img":"https://fd9-photos.leclercdrive.fr/image.ashx?id=2559469&use=l&cat=p&typeid=i","cat":298297},{"id":39974,"n":"Plat bébé Blédina 6 mois  Purée butternut poulet - 2x200g","p":2.64,"u":"6,60 €/KG","img":"https://fd9-photos.leclercdrive.fr/image.ashx?id=2975080&use=l&cat=p&typeid=i","cat":312236},{"id":39988,"n":"Crème de douche Manava Douceur de crème - 250ml","p":1.05,"u":"4,20 €/L","img":"https://fd9-photos.leclercdrive.fr/image.ashx?id=1672993&use=l&cat=p&typeid=i","cat":284594},{"id":39989,"n":"Savon douceur Manava 1/4 de crème 100g","p":0.93,"u":"9,30 €/KG","img":"https://fd9-photos.leclercdrive.fr/image.ashx?id=2331318&use=l&cat=p&typeid=i","cat":284597},{"id":39992,"n":"Gel douche Manava Monoï de Polynésie 250ml","p":1.15,"u":"4,60 €/L","img":"https://fd9-photos.leclercdrive.fr/image.ashx?id=2626805&use=l&cat=p&typeid=i","cat":284594},{"id":39994,"n":"Lait douche Manava Fleur d'oranger 250ml","p":1.29,"u":"5,16 €/L","img":"https://fd9-photos.leclercdrive.fr/image.ashx?id=1636782&use=l&cat=p&typeid=i","cat":284594},{"id":39995,"n":"Recharge gel lavant Manava Savon de Marseil. Olive - 250ml","p":0.66,"u":"2,64 €/L","img":"https://fd9-photos.leclercdrive.fr/image.ashx?id=2333778&use=l&cat=p&typeid=i","cat":284597},{"id":40003,"n":"Saucisson Justin Bridou La Juste Sèche - 275g","p":3.77,"u":"13,71 €/KG","img":"https://fd9-photos.leclercdrive.fr/image.ashx?id=2756927&use=l&cat=p&typeid=i","cat":316006},{"id":40004,"n":"Saucisson Mini Justin Bridou  Bâton de Berger - 100g","p":1.98,"u":"19,80 €/KG","img":"https://fd9-photos.leclercdrive.fr/image.ashx?id=3011440&use=l&cat=p&typeid=i","cat":316006},{"id":40006,"n":"Houmous Extra l'Atelier Blini 175g","p":2.74,"u":"15,66 €/KG","img":"https://fd9-photos.leclercdrive.fr/image.ashx?id=2795093&use=l&cat=p&typeid=i","cat":315999},{"id":40010,"n":"Emiettés de thon chorizo  Gastromer - 150g","p":1.99,"pp":1.31,"u":"8,73 €/KG","img":"https://fd9-photos.leclercdrive.fr/image.ashx?id=2049910&use=l&cat=p&typeid=i","cat":285191},{"id":40017,"n":"Tzatziki Blini Extra - 175g","p":2.76,"u":"15,77 €/KG","img":"https://fd9-photos.leclercdrive.fr/image.ashx?id=2973703&use=l&cat=p&typeid=i","cat":315999},{"id":40027,"n":"Tartinable Thon Cap Océan MSC Fromage Frais Ciboulette - 140g","p":1.88,"u":"13,43 €/KG","img":"https://fd9-photos.leclercdrive.fr/image.ashx?id=2434425&use=l&cat=p&typeid=i","cat":285191},{"id":40033,"n":"Yaourt nature sucré Yoplait - 16x125g","p":3.28,"u":"1,64 €/KG","img":"https://fd9-photos.leclercdrive.fr/image.ashx?id=2796821&use=l&cat=p&typeid=i","cat":284409},{"id":40089,"n":"Gel douche Manava Cranberry myrtille - 250ml","p":1.15,"u":"4,60 €/L","img":"https://fd9-photos.leclercdrive.fr/image.ashx?id=1961455&use=l&cat=p&typeid=i","cat":284594},{"id":40101,"n":"Saucisson Saint-Azay  Fuet Catalan - 170 g","p":2.09,"u":"12,29 €/KG","img":"https://fd9-photos.leclercdrive.fr/image.ashx?id=2856302&use=l&cat=p&typeid=i","cat":316006},{"id":40102,"n":"Savon de toilette Manava Fleur oranger 100g","p":0.79,"u":"7,90 €/KG","img":"https://fd9-photos.leclercdrive.fr/image.ashx?id=2930048&use=l&cat=p&typeid=i","cat":284597},{"id":40103,"n":"Aiguillettes poulet jaune Volandrie - 210g","p":2.95,"u":"14,05 €/KG","img":"https://fd9-photos.leclercdrive.fr/image.ashx?id=2595930&use=l&cat=p&typeid=i","cat":284336},{"id":40106,"n":"Aiguillettes poulet blanc Volandrie - 210g","p":2.95,"u":"14,05 €/KG","img":"https://fd9-photos.leclercdrive.fr/image.ashx?id=2647883&use=l&cat=p&typeid=i","cat":284336},{"id":40122,"n":"AOP Côtes de Provence vin rosé Terres Ocrées - 75cl - 13%","p":4.99,"u":"6,65 €/L","img":"https://fd9-photos.leclercdrive.fr/image.ashx?id=2460455&use=l&cat=p&typeid=i","cat":289558},{"id":40133,"n":"Gaufrettes Paille d'Or LU Framboise - 170g","p":1.79,"u":"10,53 €/KG","img":"https://fd9-photos.leclercdrive.fr/image.ashx?id=2883753&use=l&cat=p&typeid=i","cat":284489},{"id":40134,"n":"Biscottes Heudebert  Nature - 830g","p":3.25,"u":"3,92 €/KG","img":"https://fd9-photos.leclercdrive.fr/image.ashx?id=2473705&use=l&cat=p&typeid=i","cat":284479},{"id":40135,"n":"Biscottes Heudebert  Nature - 300g","p":1.29,"u":"4,30 €/KG","img":"https://fd9-photos.leclercdrive.fr/image.ashx?id=2368291&use=l&cat=p&typeid=i","cat":284479},{"id":40137,"n":"Biscuits Pocket Petit Ecolier  LU Chocolat au lait - 250g","p":2.61,"u":"10,44 €/KG","img":"https://fd9-photos.leclercdrive.fr/image.ashx?id=3005326&use=l&cat=p&typeid=i","cat":284488},{"id":40142,"n":"Compote Douceur du Verger Coupelle multivariétés -16x100g","p":3.99,"u":"2,49 €/KG","img":"https://fd9-photos.leclercdrive.fr/image.ashx?id=2663533&use=l&cat=p&typeid=i","cat":284508},{"id":40180,"n":"Emiettés surimi crabe Gastromer 150g","p":1.99,"pp":1.31,"u":"8,73 €/KG","img":"https://fd9-photos.leclercdrive.fr/image.ashx?id=1605662&use=l&cat=p&typeid=i","cat":285191},{"id":40214,"n":"Sauce Pesto Barilla Basilic et Roquette - 190g","p":1.82,"u":"9,58 €/KG","img":"https://fd9-photos.leclercdrive.fr/image.ashx?id=2457980&use=l&cat=p&typeid=i","cat":287599},{"id":40215,"n":"Petit pot soir Babybio Bio P.pois maïs riz, 6 mois 2x200g","p":2.66,"u":"6,65 €/KG","img":"https://fd9-photos.leclercdrive.fr/image.ashx?id=2827476&use=l&cat=p&typeid=i","cat":312239},{"id":40279,"n":"Jus innocent orange sans pulpe 900ml","p":2.34,"u":"2,60 €/L","img":"https://fd9-photos.leclercdrive.fr/image.ashx?id=2736583&use=l&cat=p&typeid=i","cat":285435},{"id":40303,"n":"Coton Duo Démaquillants Inell Ovale - Aloé véra - Disques x60","p":1.69,"img":"https://fd9-photos.leclercdrive.fr/image.ashx?id=1926957&use=l&cat=p&typeid=i","cat":285593},{"id":40312,"n":"Cèpes déshydratés Notre Jardin 40g","p":3.11,"u":"77,75 €/KG","img":"https://fd9-photos.leclercdrive.fr/image.ashx?id=2403276&use=l&cat=p&typeid=i","cat":284352},{"id":40313,"n":"Madeleines marbrées P'tit Déli Chocolat 400g","p":2.15,"u":"5,38 €/KG","img":"https://fd9-photos.leclercdrive.fr/image.ashx?id=1723528&use=l&cat=p&typeid=i","cat":284492},{"id":40329,"n":"Chocolat en poudre Equador Pur Cacao non sucré - 250g","p":3.28,"u":"13,12 €/KG","img":"https://fd9-photos.leclercdrive.fr/image.ashx?id=2120290&use=l&cat=p&typeid=i","cat":284504},{"id":40332,"n":"Bière aromatisée Desperados 5.9%vol. - 20x25cl","p":17.87,"u":"3,57 €/L","img":"https://fd9-photos.leclercdrive.fr/image.ashx?id=2977300&use=l&cat=p&typeid=i","cat":334878},{"id":40336,"n":"Bière blonde Heineken 12x33cl","p":11.3,"u":"2,85 €/L","img":"https://fd9-photos.leclercdrive.fr/image.ashx?id=3008110&use=l&cat=p&typeid=i","cat":334873},{"id":40337,"n":"Morilles déshydratées Notre Jardin pot 30g","p":12.78,"u":"426,00 €/KG","img":"https://fd9-photos.leclercdrive.fr/image.ashx?id=2034121&use=l&cat=p&typeid=i","cat":284352},{"id":40342,"n":"Serviette Tena Lady - Maxi Night - x12","p":6.08,"u":"0,51 €/P","img":"https://fd9-photos.leclercdrive.fr/image.ashx?id=2597232&use=l&cat=p&typeid=i","cat":284628},{"id":40412,"n":"Thon entier Petit Navire Huile de tournesol - 160g","p":1.88,"u":"11,75 €/KG","img":"https://fd9-photos.leclercdrive.fr/image.ashx?id=2523846&use=l&cat=p&typeid=i","cat":303867},{"id":40430,"n":"Plat bébé soir Blédiner 8 mois  Patate douce carotte - 2x200g","p":2.15,"u":"5,38 €/KG","img":"https://fd9-photos.leclercdrive.fr/image.ashx?id=2902969&use=l&cat=p&typeid=i","cat":312239},{"id":40491,"n":"Compotes Andros Pomme poire 8x100g","p":2.76,"u":"3,45 €/KG","img":"https://fd9-photos.leclercdrive.fr/image.ashx?id=2883943&use=l&cat=p&typeid=i","cat":284416},{"id":40494,"n":"Compotes Andros Pomme châtaigne 8x100g","p":2.92,"u":"3,65 €/KG","img":"https://fd9-photos.leclercdrive.fr/image.ashx?id=2988611&use=l&cat=p&typeid=i","cat":284416},{"id":40495,"n":"Gâteau mix max Balconi Cacao 350g","p":1.88,"u":"5,37 €/KG","img":"https://fd9-photos.leclercdrive.fr/image.ashx?id=2878408&use=l&cat=p&typeid=i","cat":284495},{"id":40516,"n":"Compote Douceur du Verger Gourdes multivariétés - 12x90g","p":4.09,"u":"3,79 €/KG","img":"https://fd9-photos.leclercdrive.fr/image.ashx?id=2837048&use=l&cat=p&typeid=i","cat":284508},{"id":40518,"n":"Kit burritos Old El Paso extra doux - 491g","p":4.51,"u":"9,19 €/KG","img":"https://fd9-photos.leclercdrive.fr/image.ashx?id=2759496&use=l&cat=p&typeid=i","cat":288993},{"id":40573,"n":"Tablette chocolat Milka Chocolat lait/Noisette - 2x100g","p":3.32,"u":"16,60 €/KG","img":"https://fd9-photos.leclercdrive.fr/image.ashx?id=2832422&use=l&cat=p&typeid=i","cat":284497},{"id":40574,"n":"Tablette chocolat Milka Chocolat lait/Riz - 2x100g","p":3.05,"u":"15,25 €/KG","img":"https://fd9-photos.leclercdrive.fr/image.ashx?id=2400448&use=l&cat=p&typeid=i","cat":284497},{"id":40612,"n":"Fromage de Brebis Etorki  180g","p":3.28,"u":"18,22 €/KG","img":"https://fd9-photos.leclercdrive.fr/image.ashx?id=2702816&use=l&cat=p&typeid=i","cat":329184},{"id":40620,"n":"Jus innocent  orange sans pulpe 1.5L","p":3.35,"u":"2,23 €/L","img":"https://fd9-photos.leclercdrive.fr/image.ashx?id=2889811&use=l&cat=p&typeid=i","cat":285435},{"id":40631,"n":"Levure Chimique Alsacienne alsa 8 sachets - 88g","p":0.67,"u":"7,61 €/KG","img":"https://fd9-photos.leclercdrive.fr/image.ashx?id=3009335&use=l&cat=p&typeid=i","cat":294686},{"id":40649,"n":"Pansement Primoplast Transparents x40","p":1.59,"u":"0,04 €/P","img":"https://fd9-photos.leclercdrive.fr/image.ashx?id=2832957&use=l&cat=p&typeid=i","cat":284630},{"id":40656,"n":"Gel douche Manava Surgras - 500ml","p":1.85,"u":"3,70 €/L","img":"https://fd9-photos.leclercdrive.fr/image.ashx?id=1764728&use=l&cat=p&typeid=i","cat":284594},{"id":40657,"n":"Gel douche Manava Hypoallergenique - 500ml","p":1.85,"u":"3,70 €/L","img":"https://fd9-photos.leclercdrive.fr/image.ashx?id=1698487&use=l&cat=p&typeid=i","cat":284594},{"id":40666,"n":"Antiseptique Primoplast Spray - 100ml","p":2.35,"u":"23,50 €/L","img":"https://fd9-photos.leclercdrive.fr/image.ashx?id=1724578&use=l&cat=p&typeid=i","cat":284630},{"id":40774,"n":"Lingettes nettoyantes La Croix Désinfectant Javel - x 25","p":1.43,"u":"0,06 €/P","img":"https://fd9-photos.leclercdrive.fr/image.ashx?id=2540106&use=l&cat=p&typeid=i","cat":325358},{"id":40776,"n":"Détachant avant lavage K2R  Tâche incrustée mousse  - 400mL","p":2.74,"u":"6,85 €/L","img":"https://fd9-photos.leclercdrive.fr/image.ashx?id=2101177&use=l&cat=p&typeid=i","cat":284651},{"id":40789,"n":"Yaourts à boire Délisse Fraise - 8x100g","p":1.95,"u":"2,44 €/KG","img":"https://fd9-photos.leclercdrive.fr/image.ashx?id=2762504&use=l&cat=p&typeid=i","cat":284415},{"id":40805,"n":"Rondelle caoutchouc Le Parfait Diamètre 70 - x10","p":2.6,"u":"0,26 €/P","img":"https://fd9-photos.leclercdrive.fr/image.ashx?id=2807489&use=l&cat=p&typeid=i","cat":284710},{"id":40863,"n":"Pizza Ariègeoise  430g","p":8.9,"u":"20,70 €/KG","img":"https://fd9-photos.leclercdrive.fr/image.ashx?id=724412&use=l&cat=p&typeid=i","cat":333679},{"id":40867,"n":"Pizza Roquefort  430g","p":6.9,"u":"16,05 €/KG","img":"https://fd9-photos.leclercdrive.fr/image.ashx?id=724416&use=l&cat=p&typeid=i","cat":333679},{"id":40868,"n":"Pizza Chorizo  430g","p":6.9,"u":"16,05 €/KG","img":"https://fd9-photos.leclercdrive.fr/image.ashx?id=723948&use=l&cat=p&typeid=i","cat":333679},{"id":40871,"n":"Pizza au chèvre  430g","p":6.9,"u":"16,05 €/KG","img":"https://fd9-photos.leclercdrive.fr/image.ashx?id=2935579&use=l&cat=p&typeid=i","cat":333679},{"id":40877,"n":"Pizza Chef  430g","p":6.9,"u":"16,05 €/KG","img":"https://fd9-photos.leclercdrive.fr/image.ashx?id=724440&use=l&cat=p&typeid=i","cat":333679},{"id":40878,"n":"Pizza Royale  430g","p":6.9,"u":"16,05 €/KG","img":"https://fd9-photos.leclercdrive.fr/image.ashx?id=724444&use=l&cat=p&typeid=i","cat":333679},{"id":40879,"n":"Pizza Jambon  430g","p":6.9,"u":"16,05 €/KG","img":"https://fd9-photos.leclercdrive.fr/image.ashx?id=726072&use=l&cat=p&typeid=i","cat":333679},{"id":40904,"n":"Pesto rosso Turini 190g","p":1.68,"u":"8,84 €/KG","img":"https://fd9-photos.leclercdrive.fr/image.ashx?id=2546257&use=l&cat=p&typeid=i","cat":287599},{"id":40908,"n":"Sauce pizza Tomapizza Panzani aux tomates et origan - 390g","p":1.3,"u":"3,33 €/KG","img":"https://fd9-photos.leclercdrive.fr/image.ashx?id=2744626&use=l&cat=p&typeid=i","cat":288384},{"id":40967,"n":"AOP Bourgogne Aligoté vin blanc Antoine Barrier - 75cl","p":6.49,"u":"8,65 €/L","img":"https://fd9-photos.leclercdrive.fr/image.ashx?id=2691321&use=l&cat=p&typeid=i","cat":289557},{"id":40968,"n":"AOP Bordeaux Supérieur rouge Château Labatut Prestige - 75cl","p":5.9,"u":"7,87 €/L","img":"https://fd9-photos.leclercdrive.fr/image.ashx?id=2860973&use=l&cat=p&typeid=i","cat":289556},{"id":41002,"n":"Repas fraicheur pour chat Sheba Volaille en sauce - 6x50g","p":2.57,"u":"8,57 €/KG","img":"https://fd9-photos.leclercdrive.fr/image.ashx?id=2888097&use=l&cat=p&typeid=i","cat":285286},{"id":41006,"n":"Biscuits chien Pedigree Markies fourrés - 500g","p":1.68,"u":"3,36 €/KG","img":"https://fd9-photos.leclercdrive.fr/image.ashx?id=2254319&use=l&cat=p&typeid=i","cat":294527},{"id":41009,"n":"Friandises chat Catisfactions Fromage - 60g","p":1.04,"u":"17,33 €/KG","img":"https://fd9-photos.leclercdrive.fr/image.ashx?id=2912608&use=l&cat=p&typeid=i","cat":285285},{"id":41016,"n":"Sachet fraîcheur chat Sheba Poissons en sauce - 4x85g","p":2.09,"u":"6,15 €/KG","img":"https://fd9-photos.leclercdrive.fr/image.ashx?id=2759625&use=l&cat=p&typeid=i","cat":285286},{"id":41018,"n":"Pur jus d'ananas Jafaden Bouteille 1L","p":1.99,"u":"1,99 €/L","img":"https://fd9-photos.leclercdrive.fr/image.ashx?id=2956729&use=l&cat=p&typeid=i","cat":284916},{"id":41019,"n":"Pur jus de raisin Jafaden Bouteille 1L","p":1.54,"u":"1,54 €/L","img":"https://fd9-photos.leclercdrive.fr/image.ashx?id=1062300&use=l&cat=p&typeid=i","cat":284915},{"id":41020,"n":"Pur jus Jafaden Clémentine - 1L","p":1.91,"u":"1,91 €/L","img":"https://fd9-photos.leclercdrive.fr/image.ashx?id=2956732&use=l&cat=p&typeid=i","cat":284915},{"id":41022,"n":"Sachet fraicheur chat Sheba Thon cabillaud en sauce - 6x50g","p":2.56,"u":"8,53 €/KG","img":"https://fd9-photos.leclercdrive.fr/image.ashx?id=2347128&use=l&cat=p&typeid=i","cat":285286},{"id":41140,"n":"Filets maquereaux Pêche Océan Naturel - 95g","p":1.48,"u":"15,58 €/KG","img":"https://fd9-photos.leclercdrive.fr/image.ashx?id=2515685&use=l&cat=p&typeid=i","cat":303868},{"id":41147,"n":"Bain de bouche Dentamyl Expert Sensitive - 500ml","p":1.89,"u":"3,78 €/L","img":"https://fd9-photos.leclercdrive.fr/image.ashx?id=809157&use=l&cat=p&typeid=i","cat":284613},{"id":41162,"n":"Olives Apéritives Cassées à l'ail - 250g","p":2.36,"u":"9,44 €/KG","img":"https://fd9-photos.leclercdrive.fr/image.ashx?id=2833696&use=l&cat=p&typeid=i","cat":316002},{"id":41188,"n":"Captain Morgan Original Spiced Boisson à base de rhum- 70cl","p":12.69,"u":"18,13 €/L","img":"https://fd9-photos.leclercdrive.fr/image.ashx?id=2518403&use=l&cat=p&typeid=i","cat":284551},{"id":41192,"n":"Absorbeur Aero 360° Rubson Stop humidité - 20m²+1 recharge","p":19.9,"img":"https://fd9-photos.leclercdrive.fr/image.ashx?id=2380955&use=l&cat=p&typeid=i","cat":300576},{"id":41237,"n":"Beurre La Motte Président Doux - 82%mg - 250g","p":3.19,"u":"12,76 €/KG","img":"https://fd9-photos.leclercdrive.fr/image.ashx?id=2896955&use=l&cat=p&typeid=i","cat":284379},{"id":41238,"n":"Beurre La Motte Président Sel de mer - 80% MG - 250g","p":3.19,"u":"12,76 €/KG","img":"https://fd9-photos.leclercdrive.fr/image.ashx?id=2896958&use=l&cat=p&typeid=i","cat":284379},{"id":41268,"n":"Croquettes chat  Eco+ Viandes légumes-  2kg","p":2.33,"u":"1,17 €/KG","img":"https://fd9-photos.leclercdrive.fr/image.ashx?id=2303000&use=l&cat=p&typeid=i","cat":284680},{"id":41269,"n":"Croquettes chat Eco+ Poisson, céréales, légumes 2kg","p":2.48,"u":"1,24 €/KG","img":"https://fd9-photos.leclercdrive.fr/image.ashx?id=2046980&use=l&cat=p&typeid=i","cat":284680},{"id":41275,"n":"Croquettes chat Purina One Sterilisé - Poulet - 1,5kg","p":6.59,"u":"4,39 €/KG","img":"https://fd9-photos.leclercdrive.fr/image.ashx?id=2488046&use=l&cat=p&typeid=i","cat":284680},{"id":41278,"n":"Croquettes chiens Eco+ Adulte - Viande -  4kg","p":3.93,"u":"0,98 €/KG","img":"https://fd9-photos.leclercdrive.fr/image.ashx?id=2046986&use=l&cat=p&typeid=i","cat":284672},{"id":41283,"n":"Sachets pour chats Gourmet Multivariétés - 12x85g","p":5.31,"u":"5,21 €/KG","img":"https://fd9-photos.leclercdrive.fr/image.ashx?id=2902343&use=l&cat=p&typeid=i","cat":285286},{"id":41285,"n":"Croquettes chaton Purina One  Junior -Poulet/Céréales - 1,5kg","p":7.39,"u":"4,93 €/KG","img":"https://fd9-photos.leclercdrive.fr/image.ashx?id=2433563&use=l&cat=p&typeid=i","cat":284680},{"id":41286,"n":"Croquettes chat Purina One  Stérilisé Adulte-Saumon/Blé-3kg","p":13.03,"u":"4,34 €/KG","img":"https://fd9-photos.leclercdrive.fr/image.ashx?id=2488049&use=l&cat=p&typeid=i","cat":284680},{"id":41291,"n":"Croquettes chat Purina One Stérilisé Adulte-Boeuf/blé -3kg","p":12.62,"u":"4,21 €/KG","img":"https://fd9-photos.leclercdrive.fr/image.ashx?id=2488043&use=l&cat=p&typeid=i","cat":284680},{"id":41293,"n":"Sachets repas chats Purina One Stérilisés - Saumon Dinde 4x85g","p":1.95,"u":"5,74 €/KG","img":"https://fd9-photos.leclercdrive.fr/image.ashx?id=2902349&use=l&cat=p&typeid=i","cat":285286},{"id":41337,"n":"Lait céréales Blédidej 9 mois Madeleine - 4x250ml","p":3.68,"u":"3,68 €/L","img":"https://fd9-photos.leclercdrive.fr/image.ashx?id=2921052&use=l&cat=p&typeid=i","cat":312226},{"id":41357,"n":"Steak *** Charal 130g","p":3.3,"u":"25,38 €/KG","img":"https://fd9-photos.leclercdrive.fr/image.ashx?id=1893005&use=l&cat=p&typeid=i","cat":284328},{"id":41422,"n":"Fromage à Tartiner St Môret  Nature - 300g","p":3.41,"u":"11,37 €/KG","img":"https://fd9-photos.leclercdrive.fr/image.ashx?id=2755465&use=l&cat=p&typeid=i","cat":314029},{"id":41430,"n":"Glaçons 2kg","p":2.19,"u":"1,10 €/KG","img":"https://fd9-photos.leclercdrive.fr/image.ashx?id=1793538&use=l&cat=p&typeid=i","cat":285987},{"id":41447,"n":"Fromage fruité bloc Les Croisés 220g","p":2.75,"u":"12,50 €/KG","img":"https://fd9-photos.leclercdrive.fr/image.ashx?id=1961168&use=l&cat=p&typeid=i","cat":314034},{"id":41463,"n":"Autocollants Insectivor Anti-mouches - x4","p":2.54,"u":"0,64 €/P","img":"https://fd9-photos.leclercdrive.fr/image.ashx?id=1907465&use=l&cat=p&typeid=i","cat":298368},{"id":41464,"n":"Purée de tomates Turini Brique 500g","p":0.75,"u":"1,50 €/KG","img":"https://fd9-photos.leclercdrive.fr/image.ashx?id=1686100&use=l&cat=p&typeid=i","cat":288384},{"id":41465,"n":"Cotons Inell Maxi confort x80","p":1.78,"img":"https://fd9-photos.leclercdrive.fr/image.ashx?id=1926969&use=l&cat=p&typeid=i","cat":284636},{"id":41466,"n":"Coton carré bébé Mots d'Enfants Aloe vera x50","p":1.67,"u":"0,03 €/P","img":"https://fd9-photos.leclercdrive.fr/image.ashx?id=782988&use=l&cat=p&typeid=i","cat":284739},{"id":41478,"n":"Mouchoirs blancs 3 plis Univert Boîte mouchoirs en papier -x100","p":1.55,"u":"0,02 €/P","img":"https://fd9-photos.leclercdrive.fr/image.ashx?id=1960038&use=l&cat=p&typeid=i","cat":284638},{"id":41488,"n":"Sachets Insectivor Anti-mites anti-acariens - x24","p":2.89,"u":"0,12 €/P","img":"https://fd9-photos.leclercdrive.fr/image.ashx?id=796256&use=l&cat=p&typeid=i","cat":298368},{"id":41492,"n":"Tartines croustillantes Wasa Fibres - 230g","p":1.49,"u":"6,48 €/KG","img":"https://fd9-photos.leclercdrive.fr/image.ashx?id=3011854&use=l&cat=p&typeid=i","cat":284479},{"id":41493,"n":"Tartines croustillantes Wasa Authentique - 275g","p":1.42,"u":"5,16 €/KG","img":"https://fd9-photos.leclercdrive.fr/image.ashx?id=3011857&use=l&cat=p&typeid=i","cat":284479},{"id":41517,"n":"Couches bébé Mots d'Enfants T6 Douceur - 16kg+ - x58 changes","p":12.75,"img":"https://fd9-photos.leclercdrive.fr/image.ashx?id=2699483&use=l&cat=p&typeid=i","cat":284737},{"id":41524,"n":"Ossau Iraty AOP Istara Fromage de brebis - 180g","p":3.49,"u":"19,39 €/KG","img":"https://fd9-photos.leclercdrive.fr/image.ashx?id=2766193&use=l&cat=p&typeid=i","cat":329184},{"id":41532,"n":"Gressins Tradizioni d'Italia A la turinoise - 250g","p":2.29,"u":"9,16 €/KG","img":"https://fd9-photos.leclercdrive.fr/image.ashx?id=1952943&use=l&cat=p&typeid=i","cat":297000},{"id":41534,"n":"Déodorant Spray Homme Nivea Men Black&White Original - 200ml","p":2.27,"u":"11,35 €/L","img":"https://fd9-photos.leclercdrive.fr/image.ashx?id=3005218&use=l&cat=p&typeid=i","cat":284618},{"id":41551,"n":"Soda Schweppes Saveur Citron - 1,5L","p":1.87,"u":"1,25 €/L","img":"https://fd9-photos.leclercdrive.fr/image.ashx?id=2852417&use=l&cat=p&typeid=i","cat":284532},{"id":41556,"n":"Boisson aux fruits Oasis Orange - 2L","p":2.5,"u":"1,25 €/L","img":"https://fd9-photos.leclercdrive.fr/image.ashx?id=2688653&use=l&cat=p&typeid=i","cat":295018},{"id":41579,"n":"Macédoine déjà égouttée D'aucy  530g","p":1.96,"u":"3,70 €/KG","img":"https://fd9-photos.leclercdrive.fr/image.ashx?id=2835833&use=l&cat=p&typeid=i","cat":312612},{"id":41602,"n":"Fond d'artichauts Eco + 210g","p":1.75,"u":"8,33 €/KG","img":"https://fd9-photos.leclercdrive.fr/image.ashx?id=2822917&use=l&cat=p&typeid=i","cat":312611},{"id":41603,"n":"Coeurs d'artichauts Eco + 240g","p":1.6,"u":"6,67 €/KG","img":"https://fd9-photos.leclercdrive.fr/image.ashx?id=1698481&use=l&cat=p&typeid=i","cat":312611},{"id":41625,"n":"Tomates Tradizioni d'Italia Séchées à huile d'olive - 270g","p":3.49,"u":"12,93 €/KG","img":"https://fd9-photos.leclercdrive.fr/image.ashx?id=1965593&use=l&cat=p&typeid=i","cat":284458},{"id":41647,"n":"AOP Alsace Gewurztraminer   vin blanc Rebmann - 75 cl","p":5.99,"u":"7,99 €/L","img":"https://fd9-photos.leclercdrive.fr/image.ashx?id=2343941&use=l&cat=p&typeid=i","cat":289557},{"id":41657,"n":"Poitrine plate Dupuy 6 tranches 180g","p":3.5,"pp":2.31,"u":"12,83 €/KG","img":"https://fd9-photos.leclercdrive.fr/image.ashx?id=2346981&use=l&cat=p&typeid=i","cat":316011},{"id":41700,"n":"Sauce Tomate Cuisinée Heinz Ail & Oignon - 520g","p":1.37,"u":"2,63 €/KG","img":"https://fd9-photos.leclercdrive.fr/image.ashx?id=2950849&use=l&cat=p&typeid=i","cat":288384},{"id":41706,"n":"Soupe déshydratée Yum yum Nouilles/boeuf - 60g","p":0.53,"u":"8,83 €/KG","img":"https://fd9-photos.leclercdrive.fr/image.ashx?id=2917130&use=l&cat=p&typeid=i","cat":288992},{"id":41710,"n":"Soupe déshydratée Yum yum Nouilles/poulet - 60g","p":0.46,"u":"7,67 €/KG","img":"https://fd9-photos.leclercdrive.fr/image.ashx?id=2966315&use=l&cat=p&typeid=i","cat":288992},{"id":41711,"n":"Soupe déshydratée Yum yum Nouilles/canard - 60g","p":0.5,"u":"8,33 €/KG","img":"https://fd9-photos.leclercdrive.fr/image.ashx?id=3002312&use=l&cat=p&typeid=i","cat":288992},{"id":41713,"n":"Soupe déshydratée Yum yum Nouilles/crevette - 60g","p":0.47,"u":"7,83 €/KG","img":"https://fd9-photos.leclercdrive.fr/image.ashx?id=2909284&use=l&cat=p&typeid=i","cat":288992},{"id":41797,"n":"Sauce Barbecue Heinz Classic - 480g","p":1.89,"u":"3,94 €/KG","img":"https://fd9-photos.leclercdrive.fr/image.ashx?id=2928351&use=l&cat=p&typeid=i","cat":318431},{"id":41800,"n":"Mayonnaise Fine & Douce Lesieur 475g","p":2.21,"u":"4,65 €/KG","img":"https://fd9-photos.leclercdrive.fr/image.ashx?id=2918541&use=l&cat=p&typeid=i","cat":298295},{"id":41801,"n":"Châtaignes entières D'aucy 510g","p":8.16,"u":"16,00 €/KG","img":"https://fd9-photos.leclercdrive.fr/image.ashx?id=2542962&use=l&cat=p&typeid=i","cat":312612},{"id":41806,"n":"Ketchup nature Amora 850g","p":2.29,"u":"2,69 €/KG","img":"https://fd9-photos.leclercdrive.fr/image.ashx?id=2589690&use=l&cat=p&typeid=i","cat":284455},{"id":41835,"n":"AOC Bourgueil vin rouge Les Caractères - 75cl","p":4.49,"u":"5,99 €/L","img":"https://fd9-photos.leclercdrive.fr/image.ashx?id=2691336&use=l&cat=p&typeid=i","cat":289556},{"id":41837,"n":"AOC Alsace Riesling Prestique vin blanc Rebmann - 75 cl","p":6.99,"u":"9,32 €/L","img":"https://fd9-photos.leclercdrive.fr/image.ashx?id=2919634&use=l&cat=p&typeid=i","cat":289557},{"id":41838,"n":"AOP Alsace Sylvaner  vin blanc Rebmann - 75 cl","p":4.49,"u":"5,99 €/L","img":"https://fd9-photos.leclercdrive.fr/image.ashx?id=3010584&use=l&cat=p&typeid=i","cat":289557},{"id":41841,"n":"AOP Bordeaux vin rouge Chantet Blanet - 75cl","p":2.89,"u":"3,85 €/L","img":"https://fd9-photos.leclercdrive.fr/image.ashx?id=2530302&use=l&cat=p&typeid=i","cat":289556},{"id":41845,"n":"Génoise fourrée Kinder Pingui Lait et cacao x8 - 240g","p":2.1,"u":"8,75 €/KG","img":"https://fd9-photos.leclercdrive.fr/image.ashx?id=2855352&use=l&cat=p&typeid=i","cat":284420},{"id":41846,"n":"Compotes Andros Panachés 16x100g","p":4.84,"u":"3,03 €/KG","img":"https://fd9-photos.leclercdrive.fr/image.ashx?id=2921343&use=l&cat=p&typeid=i","cat":284416},{"id":41852,"n":"Sauce pomme frite Amora 260g","p":1.71,"u":"6,58 €/KG","img":"https://fd9-photos.leclercdrive.fr/image.ashx?id=2957776&use=l&cat=p&typeid=i","cat":318431},{"id":41865,"n":"AOC Coteaux Varois en Provence vin rosé Terres Ocrées - 75cl","p":4.49,"u":"5,99 €/L","img":"https://fd9-photos.leclercdrive.fr/image.ashx?id=2176584&use=l&cat=p&typeid=i","cat":289558},{"id":41868,"n":"Bûche de chèvre Soignon 400g","p":4.1,"u":"10,25 €/KG","img":"https://fd9-photos.leclercdrive.fr/image.ashx?id=2840988&use=l&cat=p&typeid=i","cat":314031},{"id":41883,"n":"Steaks Hachés Charolais Charal Pur Bœuf 12%MG - 10x100g - 1kg","p":14.25,"u":"14,25 €/KG","img":"https://fd9-photos.leclercdrive.fr/image.ashx?id=2741943&use=l&cat=p&typeid=i","cat":319778},{"id":41903,"n":"Jus de pomme Jafaden A base de concentré - 2L","p":1.85,"u":"0,93 €/L","img":"https://fd9-photos.leclercdrive.fr/image.ashx?id=2470240&use=l&cat=p&typeid=i","cat":284522},{"id":41924,"n":"Vin d'Union Européenne rouge Adrien Champaud 12% vol BIB 5L","p":8.49,"u":"1,70 €/L","img":"https://fd9-photos.leclercdrive.fr/image.ashx?id=2760798&use=l&cat=p&typeid=i","cat":289560},{"id":41940,"n":"Dosettes café Le Bonifieur Origine Colombie x32 - 224g","p":5.38,"u":"24,02 €/KG","img":"https://fd9-photos.leclercdrive.fr/image.ashx?id=1898483&use=l&cat=p&typeid=i","cat":293238},{"id":41990,"n":"Steaks Hachés Limousin Charal Pur Bœuf 12%MG - 8x125g - 1kg","p":13.88,"u":"13,88 €/KG","img":"https://fd9-photos.leclercdrive.fr/image.ashx?id=2974626&use=l&cat=p&typeid=i","cat":319778},{"id":42041,"n":"Olives vertes Tropic Apéro Dénoyautées à l'ail - 110g","p":1.67,"u":"15,18 €/KG","img":"https://fd9-photos.leclercdrive.fr/image.ashx?id=2438972&use=l&cat=p&typeid=i","cat":316002},{"id":42044,"n":"Noix de cajou Maître Prunille Sans sel, grillé, sachet 200g","p":4.34,"u":"21,70 €/KG","img":"https://fd9-photos.leclercdrive.fr/image.ashx?id=1750478&use=l&cat=p&typeid=i","cat":284357},{"id":42045,"n":"Amande grillée Maître Prunille Décortiquée sans sel 250g","p":3.66,"u":"14,64 €/KG","img":"https://fd9-photos.leclercdrive.fr/image.ashx?id=1750481&use=l&cat=p&typeid=i","cat":284448},{"id":42046,"n":"Pruneaux d'Agen Maître Prunille IGP Dénoyautés - 500g","p":5.24,"u":"10,48 €/KG","img":"https://fd9-photos.leclercdrive.fr/image.ashx?id=2016029&use=l&cat=p&typeid=i","cat":284357},{"id":42058,"n":"Asperges blanches d'aucy 37cl","p":2.77,"u":"13,51 €/KG","img":"https://fd9-photos.leclercdrive.fr/image.ashx?id=2665895&use=l&cat=p&typeid=i","cat":312611},{"id":42063,"n":"Madeleines Saint Michel Oeufs de poule plein air - 500g","p":1.88,"u":"3,76 €/KG","img":"https://fd9-photos.leclercdrive.fr/image.ashx?id=2936191&use=l&cat=p&typeid=i","cat":284492},{"id":42081,"n":"Gaufrette wafers Balconi Noisette multi - 225g","p":1.51,"u":"6,71 €/KG","img":"https://fd9-photos.leclercdrive.fr/image.ashx?id=2854030&use=l&cat=p&typeid=i","cat":284488},{"id":42117,"n":"Céréales muesli Bjorg Bio Sans sucre ajoutés - 375g","p":1.88,"u":"5,01 €/KG","img":"https://fd9-photos.leclercdrive.fr/image.ashx?id=2906163&use=l&cat=p&typeid=i","cat":309512},{"id":42123,"n":"Jus de pruneaux Gayelord Hauser - 75cl","p":3.1,"u":"4,13 €/L","img":"https://fd9-photos.leclercdrive.fr/image.ashx?id=2962482&use=l&cat=p&typeid=i","cat":284915},{"id":42140,"n":"Sirop La Maison Guiot Grenadine - 70cl","p":2.99,"u":"4,27 €/L","img":"https://fd9-photos.leclercdrive.fr/image.ashx?id=2857195&use=l&cat=p&typeid=i","cat":295020},{"id":42218,"n":"Bloc WC Bref Power  Activ'Océan toilettes - 50g x1","p":1.34,"u":"26,80 €/KG","img":"https://fd9-photos.leclercdrive.fr/image.ashx?id=2789802&use=l&cat=p&typeid=i","cat":284662},{"id":42235,"n":"Galette Tipiak Jambon/fromage - 2x125g","p":3.03,"u":"12,12 €/KG","img":"https://fd9-photos.leclercdrive.fr/image.ashx?id=2819334&use=l&cat=p&typeid=i","cat":319776},{"id":42236,"n":"Gambas rouge Gimbert Ocean Sauvage royale 6/8 - 400g","p":13.35,"u":"33,38 €/KG","img":"https://fd9-photos.leclercdrive.fr/image.ashx?id=2889652&use=l&cat=p&typeid=i","cat":319787},{"id":42289,"n":"Huile pimentée pizza Cauvin A l'huile d'olive - 25cl","p":1.93,"u":"7,72 €/L","img":"https://fd9-photos.leclercdrive.fr/image.ashx?id=2539857&use=l&cat=p&typeid=i","cat":284453},{"id":42290,"n":"Huile de colza Eco + 1L","p":1.46,"u":"1,46 €/L","img":"https://fd9-photos.leclercdrive.fr/image.ashx?id=2486769&use=l&cat=p&typeid=i","cat":284453},{"id":42291,"n":"Huile pour friture Eco + 1L","p":2.23,"u":"2,23 €/L","img":"https://fd9-photos.leclercdrive.fr/image.ashx?id=2493013&use=l&cat=p&typeid=i","cat":284453},{"id":42292,"n":"Vinaigrette allégée Eco + Nature - 1L","p":1.02,"u":"1,02 €/L","img":"https://fd9-photos.leclercdrive.fr/image.ashx?id=2900516&use=l&cat=p&typeid=i","cat":284456},{"id":42295,"n":"Vinaigrette bi-phase Rustica Vin rouge/échalote - 50cl","p":2.49,"u":"4,98 €/L","img":"https://fd9-photos.leclercdrive.fr/image.ashx?id=2142190&use=l&cat=p&typeid=i","cat":284456},{"id":42297,"n":"Sauce caesar Rustica 50cl","p":2.59,"u":"5,18 €/L","img":"https://fd9-photos.leclercdrive.fr/image.ashx?id=1972928&use=l&cat=p&typeid=i","cat":284456},{"id":42298,"n":"Boisson végétale Bio Village Avoine bio - 1l","p":1.45,"u":"1,45 €/L","img":"https://fd9-photos.leclercdrive.fr/image.ashx?id=2358096&use=l&cat=p&typeid=i","cat":316067},{"id":42321,"n":"Nettoyant Menager Cif lingettes Ocean Antibacterien - x120","p":2.12,"img":"https://fd9-photos.leclercdrive.fr/image.ashx?id=2747163&use=l&cat=p&typeid=i","cat":325358},{"id":42325,"n":"Spray Nettoyant Menager Cif  Antibacterien - 750 ml","p":2.19,"u":"2,92 €/L","img":"https://fd9-photos.leclercdrive.fr/image.ashx?id=2813540&use=l&cat=p&typeid=i","cat":325357},{"id":42331,"n":"Saucisses Knacki Herta Poulet x10 - 350g","p":1.49,"u":"4,26 €/KG","img":"https://fd9-photos.leclercdrive.fr/image.ashx?id=2290431&use=l&cat=p&typeid=i","cat":316012},{"id":42426,"n":"Lingettes Vanish  Anti-décoloration - x30","p":5.92,"img":"https://fd9-photos.leclercdrive.fr/image.ashx?id=2224145&use=l&cat=p&typeid=i","cat":290450},{"id":42428,"n":"Pains au chocolat Pasquier x8 - 360g","p":2.1,"u":"5,83 €/KG","img":"https://fd9-photos.leclercdrive.fr/image.ashx?id=2863446&use=l&cat=p&typeid=i","cat":296366},{"id":42442,"n":"Moutarde forte Eco + 370g","p":0.73,"u":"1,97 €/KG","img":"https://fd9-photos.leclercdrive.fr/image.ashx?id=2954319&use=l&cat=p&typeid=i","cat":288850},{"id":42443,"n":"Cornichons Pasteur Eco + Au vinaigre - 360g","p":1.24,"u":"3,44 €/KG","img":"https://fd9-photos.leclercdrive.fr/image.ashx?id=2974714&use=l&cat=p&typeid=i","cat":284458},{"id":42448,"n":"Capsules Nescafé Dolce Gusto  Ricoré Latte - x16","p":4.53,"u":"26,96 €/KG","img":"https://fd9-photos.leclercdrive.fr/image.ashx?id=2818085&use=l&cat=p&typeid=i","cat":293239},{"id":42452,"n":"Moutarde douce Amora Flacon souple - 260g","p":1.98,"u":"7,62 €/KG","img":"https://fd9-photos.leclercdrive.fr/image.ashx?id=3005401&use=l&cat=p&typeid=i","cat":288850},{"id":42460,"n":"Olives vertes entières Eco + 400g","p":1.07,"u":"2,68 €/KG","img":"https://fd9-photos.leclercdrive.fr/image.ashx?id=1702209&use=l&cat=p&typeid=i","cat":284458},{"id":42461,"n":"Olives vertes Eco + Dénoyautées - 320g","p":1.88,"u":"5,88 €/KG","img":"https://fd9-photos.leclercdrive.fr/image.ashx?id=2609264&use=l&cat=p&typeid=i","cat":284458},{"id":42508,"n":"Cookies Nestlé Dessert Pépites de chocolat - 351g","p":3.99,"u":"11,37 €/KG","img":"https://fd9-photos.leclercdrive.fr/image.ashx?id=2848382&use=l&cat=p&typeid=i","cat":284505},{"id":42560,"n":"Jus innocent ananas passion 900ml","p":2.47,"u":"2,74 €/L","img":"https://fd9-photos.leclercdrive.fr/image.ashx?id=2861740&use=l&cat=p&typeid=i","cat":285435},{"id":42562,"n":"soja cuisine fluide bjorg  bio 3x200ml","p":2.28,"u":"3,80 €/L","img":"https://fd9-photos.leclercdrive.fr/image.ashx?id=2950033&use=l&cat=p&typeid=i","cat":316069},{"id":42563,"n":"Boisson végétale lait d'amande bio bjorg sans sucre - 1l","p":1.63,"u":"1,63 €/L","img":"https://fd9-photos.leclercdrive.fr/image.ashx?id=2939415&use=l&cat=p&typeid=i","cat":316067},{"id":42565,"n":"Vinaigre blanc d'alcool Eco +  - 1,5L","p":0.6,"u":"0,40 €/L","img":"https://fd9-photos.leclercdrive.fr/image.ashx?id=2954049&use=l&cat=p&typeid=i","cat":298543},{"id":42567,"n":"Pâte à tartiner Bio Jardin Bio - 750g","p":6.44,"u":"8,59 €/KG","img":"https://fd9-photos.leclercdrive.fr/image.ashx?id=2918925&use=l&cat=p&typeid=i","cat":284481},{"id":42569,"n":"Double concentré Bio Jardin Bio Tomate - 140g","p":0.83,"u":"5,93 €/KG","img":"https://fd9-photos.leclercdrive.fr/image.ashx?id=2944867&use=l&cat=p&typeid=i","cat":288384},{"id":42624,"n":"Pâtes coudes rayés Panzani 1kg","p":2.07,"u":"2,07 €/KG","img":"https://fd9-photos.leclercdrive.fr/image.ashx?id=2876029&use=l&cat=p&typeid=i","cat":284427},{"id":42628,"n":"Chips Bret's Fromage du Jura - 125g","p":1.07,"u":"8,56 €/KG","img":"https://fd9-photos.leclercdrive.fr/image.ashx?id=1916976&use=l&cat=p&typeid=i","cat":284447},{"id":42649,"n":"Crème douche Manava Surgras - 250ml","p":0.94,"u":"3,76 €/L","img":"https://fd9-photos.leclercdrive.fr/image.ashx?id=2456147&use=l&cat=p&typeid=i","cat":284594},{"id":42655,"n":"Huile merveilleuse Garnier Huile d'argan & camélia - 150ml","p":6.01,"u":"40,07 €/L","img":"https://fd9-photos.leclercdrive.fr/image.ashx?id=2661730&use=l&cat=p&typeid=i","cat":284608},{"id":42665,"n":"Gel shampooing douche Fa Men Extreme cool flacon - 250ml","p":1.41,"u":"5,64 €/L","img":"https://fd9-photos.leclercdrive.fr/image.ashx?id=2995094&use=l&cat=p&typeid=i","cat":284621},{"id":42678,"n":"Huile Cheveux Extrême Dessange Cheuveux abîmés - 100ml","p":6.22,"u":"62,20 €/L","img":"https://fd9-photos.leclercdrive.fr/image.ashx?id=2851099&use=l&cat=p&typeid=i","cat":284608},{"id":42703,"n":"P'tit Basque Istara Fromage de brebis - 220g","p":5.33,"u":"24,23 €/KG","img":"https://fd9-photos.leclercdrive.fr/image.ashx?id=2759876&use=l&cat=p&typeid=i","cat":329184},{"id":42757,"n":"Emmental rapé Eco + 30% MG - 500g","p":3.72,"u":"7,44 €/KG","img":"https://fd9-photos.leclercdrive.fr/image.ashx?id=1664381&use=l&cat=p&typeid=i","cat":314035},{"id":42789,"n":"Cheddar Les Croisés 32% MG Tranchettes - 200g","p":2.64,"u":"13,20 €/KG","img":"https://fd9-photos.leclercdrive.fr/image.ashx?id=2502000&use=l&cat=p&typeid=i","cat":314028},{"id":42799,"n":"Miel liquide Bio Squeezer Bio village - 250g","p":2.95,"u":"11,80 €/KG","img":"https://fd9-photos.leclercdrive.fr/image.ashx?id=2348268&use=l&cat=p&typeid=i","cat":287643},{"id":42809,"n":"Berlingots de javel Clair Eucalyptus - 3x250ml","p":1.3,"u":"1,73 €/L","img":"https://fd9-photos.leclercdrive.fr/image.ashx?id=2949194&use=l&cat=p&typeid=i","cat":284661},{"id":42826,"n":"Nettoyant vitre cristal Clair 750 ml","p":1.71,"u":"2,28 €/L","img":"https://fd9-photos.leclercdrive.fr/image.ashx?id=1647715&use=l&cat=p&typeid=i","cat":325363},{"id":42846,"n":"Cacahuètes Menguy's Grillées et salées - 800g","p":5.42,"u":"6,78 €/KG","img":"https://fd9-photos.leclercdrive.fr/image.ashx?id=2979800&use=l&cat=p&typeid=i","cat":284448},{"id":42847,"n":"Pop corn salé Menguy's Micro-ondes - 3x90g","p":1.74,"u":"6,44 €/KG","img":"https://fd9-photos.leclercdrive.fr/image.ashx?id=2966023&use=l&cat=p&typeid=i","cat":284449},{"id":42874,"n":"Jus innocent poire pêche 900ml","p":2.66,"u":"2,96 €/L","img":"https://fd9-photos.leclercdrive.fr/image.ashx?id=2893000&use=l&cat=p&typeid=i","cat":285435},{"id":42964,"n":"Os à mâcher Lydog Fourrés boeuf - 2x100g","p":2.26,"u":"11,30 €/KG","img":"https://fd9-photos.leclercdrive.fr/image.ashx?id=1947283&use=l&cat=p&typeid=i","cat":294527},{"id":42965,"n":"Pepites de chocolat au lait Tablier Blanc - 100g","p":2.03,"u":"20,30 €/KG","img":"https://fd9-photos.leclercdrive.fr/image.ashx?id=2723141&use=l&cat=p&typeid=i","cat":284504},{"id":42966,"n":"Haricots verts Notre Jardin Extra fins - 455g","p":1.97,"u":"4,33 €/KG","img":"https://fd9-photos.leclercdrive.fr/image.ashx?id=2988084&use=l&cat=p&typeid=i","cat":312606},{"id":42977,"n":"Mini crackers Bio Village Bio Fromage/courges - 110g","p":2.44,"u":"22,18 €/KG","img":"https://fd9-photos.leclercdrive.fr/image.ashx?id=1944150&use=l&cat=p&typeid=i","cat":297000},{"id":42980,"n":"Goûter fourré Bio Village Bio Chocolat noir - 185g","p":2.03,"u":"10,97 €/KG","img":"https://fd9-photos.leclercdrive.fr/image.ashx?id=2201966&use=l&cat=p&typeid=i","cat":284488},{"id":42981,"n":"Goûter fourré Bio Village Bio - Chocolat au lait - 185g","p":2.05,"u":"11,08 €/KG","img":"https://fd9-photos.leclercdrive.fr/image.ashx?id=2201969&use=l&cat=p&typeid=i","cat":284488},{"id":43004,"n":"Crêpes apéritives Tokapi Roquefort - 65g","p":1.9,"u":"29,23 €/KG","img":"https://fd9-photos.leclercdrive.fr/image.ashx?id=2499088&use=l&cat=p&typeid=i","cat":297000},{"id":43006,"n":"Colorants alimentaires  Tablier Blanc - 3x6ml","p":1.24,"u":"68,89 €/L","img":"https://fd9-photos.leclercdrive.fr/image.ashx?id=2487470&use=l&cat=p&typeid=i","cat":284504},{"id":43009,"n":"Biscuits fourrés P'tit Deli Noisette - 225g","p":1.38,"u":"6,13 €/KG","img":"https://fd9-photos.leclercdrive.fr/image.ashx?id=2202419&use=l&cat=p&typeid=i","cat":284488},{"id":43010,"n":"Biscuit roulé P'tit Deli Cacao/vanille - 154g","p":0.89,"u":"5,78 €/KG","img":"https://fd9-photos.leclercdrive.fr/image.ashx?id=2124110&use=l&cat=p&typeid=i","cat":284488},{"id":43016,"n":"Asperges blanches moyennes Notre Jardin - 205g","p":1.99,"u":"9,71 €/KG","img":"https://fd9-photos.leclercdrive.fr/image.ashx?id=2049058&use=l&cat=p&typeid=i","cat":312611},{"id":43017,"n":"Betterave en Dés Notre Jardin 265g","p":1.02,"u":"3,85 €/KG","img":"https://fd9-photos.leclercdrive.fr/image.ashx?id=1993203&use=l&cat=p&typeid=i","cat":312611},{"id":43019,"n":"Biscuits animaux P'tit Déli Nappés chocolat lait - 225g","p":1.64,"u":"7,29 €/KG","img":"https://fd9-photos.leclercdrive.fr/image.ashx?id=2529602&use=l&cat=p&typeid=i","cat":284488},{"id":43197,"n":"Tartine Grilletine de Pasquier Briochées - x18 - 242g","p":1.73,"u":"7,15 €/KG","img":"https://fd9-photos.leclercdrive.fr/image.ashx?id=2333054&use=l&cat=p&typeid=i","cat":284479},{"id":43218,"n":"Pains au lait Pasquier x20 - 700g","p":2.68,"u":"3,83 €/KG","img":"https://fd9-photos.leclercdrive.fr/image.ashx?id=2609315&use=l&cat=p&typeid=i","cat":293505},{"id":43237,"n":"Lotion démaquillante Inell Douceur yeux - 150ml","p":1.55,"u":"10,33 €/L","img":"https://fd9-photos.leclercdrive.fr/image.ashx?id=1993197&use=l&cat=p&typeid=i","cat":284603},{"id":43247,"n":"Tuiles apéritives Tokapi Poulet braisé - 170g","p":1.55,"u":"9,12 €/KG","img":"https://fd9-photos.leclercdrive.fr/image.ashx?id=1950192&use=l&cat=p&typeid=i","cat":287899},{"id":43266,"n":"Formule boost Daco Bello Fruits secs - 200g","p":3.19,"u":"15,95 €/KG","img":"https://fd9-photos.leclercdrive.fr/image.ashx?id=2576955&use=l&cat=p&typeid=i","cat":284357},{"id":43287,"n":"Dentifrice Dentamyl Blancheur extrême - 75ml","p":0.95,"u":"12,67 €/L","img":"https://fd9-photos.leclercdrive.fr/image.ashx?id=1959466&use=l&cat=p&typeid=i","cat":284612},{"id":43330,"n":"Crème dessert chocolat Danette Pop billes magix - 4x120g","p":2.41,"u":"5,02 €/KG","img":"https://fd9-photos.leclercdrive.fr/image.ashx?id=2935717&use=l&cat=p&typeid=i","cat":285041},{"id":43341,"n":"Thon mariné Petit Navire Basilic - 110g","p":1.98,"u":"18,00 €/KG","img":"https://fd9-photos.leclercdrive.fr/image.ashx?id=2542965&use=l&cat=p&typeid=i","cat":303867},{"id":43349,"n":"Laurier feuille entière Ducros 17g","p":1.72,"u":"101,18 €/KG","img":"https://fd9-photos.leclercdrive.fr/image.ashx?id=2486566&use=l&cat=p&typeid=i","cat":298297},{"id":43350,"n":"Coriandre en feuilles Ducros 7g","p":1.62,"u":"231,43 €/KG","img":"https://fd9-photos.leclercdrive.fr/image.ashx?id=2486584&use=l&cat=p&typeid=i","cat":298297},{"id":43358,"n":"Sel fin Eco+ Boîte verseuse - 750g","p":0.53,"u":"0,71 €/KG","img":"https://fd9-photos.leclercdrive.fr/image.ashx?id=2050582&use=l&cat=p&typeid=i","cat":284457},{"id":43369,"n":"Boisson végétale avoine Bio  Bjorg- 1L","p":1.63,"u":"1,63 €/L","img":"https://fd9-photos.leclercdrive.fr/image.ashx?id=2939430&use=l&cat=p&typeid=i","cat":316067},{"id":43371,"n":"AOC Saint-Nicolas-de-Bourgueil vin rouge Les Caractères - 75cl","p":4.99,"u":"6,65 €/L","img":"https://fd9-photos.leclercdrive.fr/image.ashx?id=2894734&use=l&cat=p&typeid=i","cat":289556},{"id":43381,"n":"Dessert liégeois Viennois  Chocolat - 12x100g","p":3.89,"u":"3,24 €/KG","img":"https://fd9-photos.leclercdrive.fr/image.ashx?id=2875987&use=l&cat=p&typeid=i","cat":285042},{"id":43409,"n":"AOP Côtes de Bergerac moelleux Terrasses d'Autan - 75cl","p":3.89,"u":"5,19 €/L","img":"https://fd9-photos.leclercdrive.fr/image.ashx?id=2929873&use=l&cat=p&typeid=i","cat":289557},{"id":43604,"n":"Jus d'orange Jafaden Sans pulpe - 1.5L","p":3.13,"u":"2,09 €/L","img":"https://fd9-photos.leclercdrive.fr/image.ashx?id=2207727&use=l&cat=p&typeid=i","cat":285435},{"id":43617,"n":"Poivre gris moulu Ducros Classique - 36g","p":1.31,"u":"36,39 €/KG","img":"https://fd9-photos.leclercdrive.fr/image.ashx?id=2559475&use=l&cat=p&typeid=i","cat":284457},{"id":43618,"n":"Flocons d'avoine Quaker Oats 550g","p":1.7,"u":"3,09 €/KG","img":"https://fd9-photos.leclercdrive.fr/image.ashx?id=2140656&use=l&cat=p&typeid=i","cat":309512},{"id":43621,"n":"Liquide vaisselle Uni vert Ecologique PSS 500ml","p":1.15,"u":"2,30 €/L","img":"https://fd9-photos.leclercdrive.fr/image.ashx?id=2380229&use=l&cat=p&typeid=i","cat":284655},{"id":43693,"n":"Couches Mots d'Enfants Activ+ T3 : 4/9kg - x47 changes","p":14.35,"u":"0,31 €/P","img":"https://fd9-photos.leclercdrive.fr/image.ashx?id=1928647&use=l&cat=p&typeid=i","cat":284737},{"id":43718,"n":"Croquettes chat Whiskas Stérilisé saumon - 1,75kg","p":5.17,"u":"2,95 €/KG","img":"https://fd9-photos.leclercdrive.fr/image.ashx?id=2915597&use=l&cat=p&typeid=i","cat":284680},{"id":43719,"n":"Croquettes chat Whiskas Stérilisé poulet - 1.75kg","p":5.11,"u":"2,92 €/KG","img":"https://fd9-photos.leclercdrive.fr/image.ashx?id=2952872&use=l&cat=p&typeid=i","cat":284680},{"id":43729,"n":"Collant Well Mon indispensable Opaque noir - T1/2","p":5.9,"img":"https://fd9-photos.leclercdrive.fr/image.ashx?id=2056509&use=l&cat=p&typeid=i","cat":334130},{"id":43760,"n":"Biscuits fourrés Prince Vanille - 300g","p":1.43,"u":"4,77 €/KG","img":"https://fd9-photos.leclercdrive.fr/image.ashx?id=2907695&use=l&cat=p&typeid=i","cat":284488},{"id":43778,"n":"Morceaux de thon Listao Eco+ 130g","p":0.99,"u":"7,62 €/KG","img":"https://fd9-photos.leclercdrive.fr/image.ashx?id=2436627&use=l&cat=p&typeid=i","cat":303867},{"id":43816,"n":"Gourmandise Novi 198g","p":8.49,"pp":5.6,"u":"28,28 €/KG","img":"https://fd9-photos.leclercdrive.fr/image.ashx?id=2615179&use=l&cat=p&typeid=i","cat":327595},{"id":43818,"n":"Pralines Raffaello Noix de coco amandes x30 - 300g","p":9.47,"u":"31,57 €/KG","img":"https://fd9-photos.leclercdrive.fr/image.ashx?id=2922197&use=l&cat=p&typeid=i","cat":327595},{"id":43844,"n":"Friandises chats Tous mes amis Sticks au Poulet - 3x5g - 15g","p":0.56,"u":"37,33 €/KG","img":"https://fd9-photos.leclercdrive.fr/image.ashx?id=1966397&use=l&cat=p&typeid=i","cat":285285},{"id":43845,"n":"Friandises chats Tous mes amis Sticks au Saumon  - 3x5g - 15g","p":0.56,"u":"37,33 €/KG","img":"https://fd9-photos.leclercdrive.fr/image.ashx?id=2858989&use=l&cat=p&typeid=i","cat":285285},{"id":43924,"n":"AOP Vin blanc italien  Prosecco Vilaveroni 75cl","p":7.29,"u":"9,72 €/L","img":"https://fd9-photos.leclercdrive.fr/image.ashx?id=2492351&use=l&cat=p&typeid=i","cat":289461},{"id":43991,"n":"Pâté de foie pur porc 120g","p":1.97,"u":"16,42 €/KG","img":"https://fd9-photos.leclercdrive.fr/image.ashx?id=1652098&use=l&cat=p&typeid=i","cat":305149},{"id":43992,"n":"Pâté de foie pur porc 180g","p":2.58,"u":"14,33 €/KG","img":"https://fd9-photos.leclercdrive.fr/image.ashx?id=1649825&use=l&cat=p&typeid=i","cat":305149},{"id":43993,"n":"Pâté de campagne  180g","p":2.65,"u":"14,72 €/KG","img":"https://fd9-photos.leclercdrive.fr/image.ashx?id=1650674&use=l&cat=p&typeid=i","cat":305149},{"id":43994,"n":"Jambonneau 245g","p":4.76,"u":"19,43 €/KG","img":"https://fd9-photos.leclercdrive.fr/image.ashx?id=1654194&use=l&cat=p&typeid=i","cat":305149},{"id":44022,"n":"Confit de figues 150g","p":1.59,"u":"10,60 €/KG","img":"https://fd9-photos.leclercdrive.fr/image.ashx?id=1857928&use=l&cat=p&typeid=i","cat":284458},{"id":44081,"n":"Eau aromatisée Volvic Juicy Fraise - 1,5L","p":1.33,"u":"0,89 €/L","img":"https://fd9-photos.leclercdrive.fr/image.ashx?id=2964664&use=l&cat=p&typeid=i","cat":284537},{"id":44082,"n":"Eau aromatisée Volvic juicy Fruits exotiques - 1,5L","p":1.33,"u":"0,89 €/L","img":"https://fd9-photos.leclercdrive.fr/image.ashx?id=2964667&use=l&cat=p&typeid=i","cat":284537},{"id":44083,"n":"Eau gazeuse  Badoit verte finement pétillante - 6x1l","p":3.51,"u":"0,59 €/L","img":"https://fd9-photos.leclercdrive.fr/image.ashx?id=2919259&use=l&cat=p&typeid=i","cat":284536},{"id":44090,"n":"AOP Monbazillac vin blanc Moelleux Terrasses d'Autan-75cl","p":6.99,"u":"9,32 €/L","img":"https://fd9-photos.leclercdrive.fr/image.ashx?id=2452759&use=l&cat=p&typeid=i","cat":289557},{"id":44094,"n":"Bière blonde Leffe 6,6% - 50cl canette","p":1.59,"u":"3,18 €/L","img":"https://fd9-photos.leclercdrive.fr/image.ashx?id=2948417&use=l&cat=p&typeid=i","cat":334853},{"id":44095,"n":"Bière blonde Leffe 6,6% - 75cl","p":2.44,"u":"3,25 €/L","img":"https://fd9-photos.leclercdrive.fr/image.ashx?id=1720789&use=l&cat=p&typeid=i","cat":334852},{"id":44096,"n":"Fond pour rotis 110g","p":2.16,"u":"19,64 €/KG","img":"https://fd9-photos.leclercdrive.fr/image.ashx?id=2970453&use=l&cat=p&typeid=i","cat":288379},{"id":44097,"n":"Quinoa 500g","p":3.05,"u":"6,10 €/KG","img":"https://fd9-photos.leclercdrive.fr/image.ashx?id=3012845&use=l&cat=p&typeid=i","cat":284429},{"id":44168,"n":"Guacamole en pot 300g","p":1.75,"u":"5,83 €/KG","img":"https://fd9-photos.leclercdrive.fr/image.ashx?id=2466072&use=l&cat=p&typeid=i","cat":288993},{"id":44171,"n":"6 wraps de blé nature 370g","p":1.95,"u":"5,27 €/KG","img":"https://fd9-photos.leclercdrive.fr/image.ashx?id=2679741&use=l&cat=p&typeid=i","cat":288993},{"id":44173,"n":"Après-shampooing Nateis Cheveux colorés - 250ml","p":1.63,"u":"6,52 €/L","img":"https://fd9-photos.leclercdrive.fr/image.ashx?id=2626808&use=l&cat=p&typeid=i","cat":284607},{"id":44181,"n":"Poivrons grillés Florelli Antipasti - 280g","p":3.12,"u":"11,14 €/KG","img":"https://fd9-photos.leclercdrive.fr/image.ashx?id=2633091&use=l&cat=p&typeid=i","cat":289010},{"id":44183,"n":"Tortillas Old El Paso de blé nature x8 - 326g","p":2.5,"u":"7,67 €/KG","img":"https://fd9-photos.leclercdrive.fr/image.ashx?id=2737642&use=l&cat=p&typeid=i","cat":288993},{"id":44184,"n":"Kit fajitas Old El Paso Original doux - 500g","p":4.87,"u":"9,74 €/KG","img":"https://fd9-photos.leclercdrive.fr/image.ashx?id=2940576&use=l&cat=p&typeid=i","cat":288993},{"id":44194,"n":"Confiture de lait Bonne Maman 380g","p":2.95,"u":"7,76 €/KG","img":"https://fd9-photos.leclercdrive.fr/image.ashx?id=2785430&use=l&cat=p&typeid=i","cat":284480},{"id":44195,"n":"Détachant avant lavage K2R  Action complète pistolet -750ml","p":3.03,"u":"4,04 €/L","img":"https://fd9-photos.leclercdrive.fr/image.ashx?id=2101180&use=l&cat=p&typeid=i","cat":284651},{"id":44197,"n":"Couches Activ+ Mots d'Enfants T4 : 7/18kg - x39 changes","p":12.89,"u":"0,33 €/P","img":"https://fd9-photos.leclercdrive.fr/image.ashx?id=2699489&use=l&cat=p&typeid=i","cat":284737},{"id":44278,"n":"Ravioli bolognaise Panzani - 400g","p":2.38,"u":"5,95 €/KG","img":"https://fd9-photos.leclercdrive.fr/image.ashx?id=2876059&use=l&cat=p&typeid=i","cat":284442},{"id":44285,"n":"Thon cuisiné Saupiquet  sauce catalane 1/6 2x135g","p":2.15,"u":"7,96 €/KG","img":"https://fd9-photos.leclercdrive.fr/image.ashx?id=2731549&use=l&cat=p&typeid=i","cat":303867},{"id":44293,"n":"Emmental râpé  Entremont  français 160g","p":1.75,"u":"10,94 €/KG","img":"https://fd9-photos.leclercdrive.fr/image.ashx?id=2983153&use=l&cat=p&typeid=i","cat":314035},{"id":44298,"n":"L'Ortolan familial  Fromagerie Milleret-  330g","p":3.21,"u":"9,73 €/KG","img":"https://fd9-photos.leclercdrive.fr/image.ashx?id=2226400&use=l&cat=p&typeid=i","cat":314033},{"id":44300,"n":"Mini bûches de chèvre Soignon x6 - 150g","p":2.83,"u":"18,87 €/KG","img":"https://fd9-photos.leclercdrive.fr/image.ashx?id=2646560&use=l&cat=p&typeid=i","cat":314030},{"id":44307,"n":"Fromage Tomme noire NRT IGP  des Pyrénées - 200g","p":2.45,"u":"12,25 €/KG","img":"https://fd9-photos.leclercdrive.fr/image.ashx?id=2849596&use=l&cat=p&typeid=i","cat":329184},{"id":44327,"n":"Vin Union Européenne rosé Le Tonnelier - BIB 5L","p":8.77,"u":"1,75 €/L","img":"https://fd9-photos.leclercdrive.fr/image.ashx?id=2107474&use=l&cat=p&typeid=i","cat":289560},{"id":44336,"n":"Savon Noir liquide Briochin Ecocert - 1L","p":2.48,"u":"2,48 €/L","img":"https://fd9-photos.leclercdrive.fr/image.ashx?id=3011389&use=l&cat=p&typeid=i","cat":325365},{"id":44340,"n":"Cire cheveux Taft Effet mat tenue forte - 75ml","p":3.23,"u":"43,07 €/L","img":"https://fd9-photos.leclercdrive.fr/image.ashx?id=2410937&use=l&cat=p&typeid=i","cat":284609},{"id":44423,"n":"IGP Côtes de Gascogne blanc Domus UBY 11,5% vol - 75cl","p":4.95,"u":"6,60 €/L","img":"https://fd9-photos.leclercdrive.fr/image.ashx?id=2108915&use=l&cat=p&typeid=i","cat":289557},{"id":44434,"n":"Nectar Bio Pressade Multifruits - 1,5L","p":2.15,"u":"1,43 €/L","img":"https://fd9-photos.leclercdrive.fr/image.ashx?id=2732533&use=l&cat=p&typeid=i","cat":284917},{"id":44437,"n":"AOC Buzet vin rouge Terrasses d'Autan - 75cl","p":3.99,"u":"5,32 €/L","img":"https://fd9-photos.leclercdrive.fr/image.ashx?id=2776567&use=l&cat=p&typeid=i","cat":289556},{"id":44510,"n":"Mille Bornes + plateau Dès 5 ans - 2 à 8 joueurs","p":24.55,"img":"https://fd9-photos.leclercdrive.fr/image.ashx?id=2359225&use=l&cat=p&typeid=i","cat":334378},{"id":44512,"n":"Poupon Cicciobello - Bobo Dès 3 ans","p":68.9,"u":"Dont 0,13 € d'éco-part.","img":"https://fd9-photos.leclercdrive.fr/image.ashx?id=2609079&use=l&cat=p&typeid=i","cat":334379},{"id":44567,"n":"Oeufs de Nos Régions Plein air Oméga 3 - x6","p":1.52,"u":"0,25 €/P","img":"https://fd9-photos.leclercdrive.fr/image.ashx?id=2969779&use=l&cat=p&typeid=i","cat":284378},{"id":44568,"n":"Oeufs frais De Nos Régions  Oméga 3 - Plein Air - x12","p":2.88,"u":"0,24 €/P","img":"https://fd9-photos.leclercdrive.fr/image.ashx?id=2969794&use=l&cat=p&typeid=i","cat":284378},{"id":44578,"n":"Madeleines Saint Michel Pépites chocolat 400g","p":1.89,"u":"4,73 €/KG","img":"https://fd9-photos.leclercdrive.fr/image.ashx?id=2936200&use=l&cat=p&typeid=i","cat":284492},{"id":44656,"n":"Couette standard Tissaia  Chaude - 200x200cm","p":32.95,"u":"Dont 0,40 € d'éco-part.","img":"https://fd9-photos.leclercdrive.fr/image.ashx?id=2648445&use=l&cat=p&typeid=i","cat":288835},{"id":44657,"n":"Bière blonde Leffe Rituel 9% - 12x25cl","p":10.04,"u":"3,35 €/L","img":"https://fd9-photos.leclercdrive.fr/image.ashx?id=2548288&use=l&cat=p&typeid=i","cat":334852},{"id":44685,"n":"Chaussettes Homme ultra courtes Sport,  blanc T39/42 - x3","p":4.65,"u":"1,55 €/P","img":"https://fd9-photos.leclercdrive.fr/image.ashx?id=816730&use=l&cat=p&typeid=i","cat":334130},{"id":44686,"n":"Chaussettes Homme ultra courtes Sport, blanc T43/45 - x3","p":4.65,"u":"1,55 €/P","img":"https://fd9-photos.leclercdrive.fr/image.ashx?id=805755&use=l&cat=p&typeid=i","cat":334130},{"id":44687,"n":"Chaussettes Homme ultra courtes Sport blanc T46/48 - x3","p":4.65,"u":"1,55 €/P","img":"https://fd9-photos.leclercdrive.fr/image.ashx?id=805755&use=l&cat=p&typeid=i","cat":334130},{"id":44688,"n":"Chaussettes Homme ultra courtes Noir T39/42 - x3","p":4.65,"u":"1,55 €/P","img":"https://fd9-photos.leclercdrive.fr/image.ashx?id=805719&use=l&cat=p&typeid=i","cat":334130},{"id":44689,"n":"Chaussettes Homme ultra courtes Noir T43/45 - x3","p":4.65,"u":"1,55 €/P","img":"https://fd9-photos.leclercdrive.fr/image.ashx?id=805719&use=l&cat=p&typeid=i","cat":334130},{"id":44690,"n":"Chaussettes Homme ultra courtes Noir T46/48 - x3","p":4.65,"u":"1,55 €/P","img":"https://fd9-photos.leclercdrive.fr/image.ashx?id=805719&use=l&cat=p&typeid=i","cat":334130},{"id":44691,"n":"Socquette sport Homme Blanc T39/42 - x3","p":4.8,"u":"1,60 €/P","img":"https://fd9-photos.leclercdrive.fr/image.ashx?id=816726&use=l&cat=p&typeid=i","cat":334130},{"id":44692,"n":"Socquette sport Homme Blanc T43/45 - x3","p":4.8,"u":"1,60 €/P","img":"https://fd9-photos.leclercdrive.fr/image.ashx?id=805751&use=l&cat=p&typeid=i","cat":334130},{"id":44693,"n":"Socquette sport Homme Blanc T46/48 - x3","p":4.8,"u":"1,60 €/P","img":"https://fd9-photos.leclercdrive.fr/image.ashx?id=805751&use=l&cat=p&typeid=i","cat":334130},{"id":44694,"n":"Socquette sport Homme Noir T39/42 - x3","p":4.8,"u":"1,60 €/P","img":"https://fd9-photos.leclercdrive.fr/image.ashx?id=805699&use=l&cat=p&typeid=i","cat":334130},{"id":44695,"n":"Socquette sport Homme Noir T43/45 - x3","p":4.8,"u":"1,60 €/P","img":"https://fd9-photos.leclercdrive.fr/image.ashx?id=805699&use=l&cat=p&typeid=i","cat":334130},{"id":44696,"n":"Socquette sport Homme Noir T46/48 - x3","p":4.8,"u":"1,60 €/P","img":"https://fd9-photos.leclercdrive.fr/image.ashx?id=805699&use=l&cat=p&typeid=i","cat":334130},{"id":44697,"n":"Mi-chaussettes sport Homme Blanc T39/42 - x3","p":5.5,"u":"1,83 €/P","img":"https://fd9-photos.leclercdrive.fr/image.ashx?id=816722&use=l&cat=p&typeid=i","cat":334130},{"id":44698,"n":"Mi-chaussette sport Homme Blanc T43/45 - x3","p":5.5,"u":"1,83 €/P","img":"https://fd9-photos.leclercdrive.fr/image.ashx?id=805747&use=l&cat=p&typeid=i","cat":334130},{"id":44700,"n":"Chaussettes sport Homme Tissaia Mi-haute Noir T39/42 - x3","p":5.5,"u":"1,83 €/P","img":"https://fd9-photos.leclercdrive.fr/image.ashx?id=805679&use=l&cat=p&typeid=i","cat":334130},{"id":44701,"n":"Mi-chaussettes sport Homme Noir T43/45 - x3","p":5.5,"u":"1,83 €/P","img":"https://fd9-photos.leclercdrive.fr/image.ashx?id=805679&use=l&cat=p&typeid=i","cat":334130},{"id":44702,"n":"Mi-chaussettes sport Homme Noir T46/48 - x3","p":5.5,"u":"1,83 €/P","img":"https://fd9-photos.leclercdrive.fr/image.ashx?id=805679&use=l&cat=p&typeid=i","cat":334130},{"id":44732,"n":"Brunoise Notre Jardin méditerranéens 600g","p":3.41,"u":"5,68 €/KG","img":"https://fd9-photos.leclercdrive.fr/image.ashx?id=2873150&use=l&cat=p&typeid=i","cat":319823},{"id":44741,"n":"Riz sushi Table du monde 500g","p":1.19,"u":"2,38 €/KG","img":"https://fd9-photos.leclercdrive.fr/image.ashx?id=2679753&use=l&cat=p&typeid=i","cat":288992},{"id":44745,"n":"Mini boulettes au boeuf Férial  x50 - 750g","p":7.07,"u":"9,43 €/KG","img":"https://fd9-photos.leclercdrive.fr/image.ashx?id=2966511&use=l&cat=p&typeid=i","cat":319779},{"id":44746,"n":"Glace Mystère Extrême Vanille Meringue x4 308.6g","p":4.5,"u":"14,56 €/KG","img":"https://fd9-photos.leclercdrive.fr/image.ashx?id=2878375&use=l&cat=p&typeid=i","cat":284266},{"id":44748,"n":"Purée de carottes Notre Jardin potirons 750g","p":2.62,"u":"3,49 €/KG","img":"https://fd9-photos.leclercdrive.fr/image.ashx?id=2856190&use=l&cat=p&typeid=i","cat":319805},{"id":44767,"n":"Dés Gouda cumin Les Croisés 30%MG - 150g","p":1.95,"u":"13,00 €/KG","img":"https://fd9-photos.leclercdrive.fr/image.ashx?id=2532844&use=l&cat=p&typeid=i","cat":314027},{"id":44770,"n":"Steak haché Férial  5%mg x4 - 400g","p":6.99,"u":"17,48 €/KG","img":"https://fd9-photos.leclercdrive.fr/image.ashx?id=3004663&use=l&cat=p&typeid=i","cat":319778},{"id":44859,"n":"Olives Vertes -25% sel Tramier  Dénoyautées 160g","p":1.83,"u":"11,44 €/KG","img":"https://fd9-photos.leclercdrive.fr/image.ashx?id=2840823&use=l&cat=p&typeid=i","cat":284458},{"id":44865,"n":"Dessert fruits mixés Sojasun Abricot / Goyave - 4x100g","p":1.58,"u":"3,95 €/KG","img":"https://fd9-photos.leclercdrive.fr/image.ashx?id=2355668&use=l&cat=p&typeid=i","cat":316071},{"id":44884,"n":"Soupe Mouliné Bio Village Bio - Légumes variés - 1L","p":1.97,"u":"1,97 €/L","img":"https://fd9-photos.leclercdrive.fr/image.ashx?id=2133957&use=l&cat=p&typeid=i","cat":284462},{"id":44900,"n":"Baguette précuite four Epi d'Or précuite four en pierre - 250g","p":1.35,"u":"5,40 €/KG","img":"https://fd9-photos.leclercdrive.fr/image.ashx?id=2499388&use=l&cat=p&typeid=i","cat":325069},{"id":44939,"n":"Mini gratins Côté Table Pomme de terre salardaise 400g","p":3.89,"u":"9,73 €/KG","img":"https://fd9-photos.leclercdrive.fr/image.ashx?id=1875671&use=l&cat=p&typeid=i","cat":319802},{"id":44942,"n":"Mini gratins Côté Table Pomme de terre Champignons 400g","p":3.65,"u":"9,13 €/KG","img":"https://fd9-photos.leclercdrive.fr/image.ashx?id=1216257&use=l&cat=p&typeid=i","cat":319802},{"id":44953,"n":"Pâtes Sans gluten Barilla Spaghetti - 400g","p":1.8,"u":"4,50 €/KG","img":"https://fd9-photos.leclercdrive.fr/image.ashx?id=2647639&use=l&cat=p&typeid=i","cat":284427},{"id":44954,"n":"Pâtes Sans gluten Barilla Penne Rigate - 400g","p":1.91,"u":"4,78 €/KG","img":"https://fd9-photos.leclercdrive.fr/image.ashx?id=2975461&use=l&cat=p&typeid=i","cat":284427},{"id":44964,"n":"Alèses absorbantes Chorys 60x90cm - x16","p":6.99,"u":"0,44 €/P","img":"https://fd9-photos.leclercdrive.fr/image.ashx?id=2860076&use=l&cat=p&typeid=i","cat":284628},{"id":44967,"n":"Culottes bébé Mots d'Enfants  T5 : 12/18kg - x20 changes","p":5.45,"u":"0,27 €/P","img":"https://fd9-photos.leclercdrive.fr/image.ashx?id=2487162&use=l&cat=p&typeid=i","cat":290633},{"id":44968,"n":"Culottes bébé Mots d'Enfants  T6 : 16kg - x18 changes","p":4.99,"u":"0,28 €/P","img":"https://fd9-photos.leclercdrive.fr/image.ashx?id=2488371&use=l&cat=p&typeid=i","cat":290633},{"id":44980,"n":"Gel lave-vaisselle Visior Classique x75 - 1,5L","p":4.75,"u":"3,17 €/L","img":"https://fd9-photos.leclercdrive.fr/image.ashx?id=2574251&use=l&cat=p&typeid=i","cat":284656},{"id":45001,"n":"Pain de campagne Epi d'Or Spécial - 500g","p":1.8,"u":"3,60 €/KG","img":"https://fd9-photos.leclercdrive.fr/image.ashx?id=2114928&use=l&cat=p&typeid=i","cat":325069},{"id":45005,"n":"Fond de veau Rustica dégraissé 100g","p":2.18,"u":"21,80 €/KG","img":"https://fd9-photos.leclercdrive.fr/image.ashx?id=2979571&use=l&cat=p&typeid=i","cat":288379},{"id":45029,"n":"AOP Vin blanc Muscadet Sèvre & Maine sur Lie - 75cl","p":4.19,"u":"5,59 €/L","img":"https://fd9-photos.leclercdrive.fr/image.ashx?id=2992543&use=l&cat=p&typeid=i","cat":289557},{"id":45035,"n":"AOP Alsace Riesling vin blanc Rebmann - 75 cl","p":4.85,"u":"6,47 €/L","img":"https://fd9-photos.leclercdrive.fr/image.ashx?id=2440736&use=l&cat=p&typeid=i","cat":289557},{"id":45038,"n":"AOP Côtes du Rhône vin rouge Grégoire XI - 75 cl","p":2.99,"u":"3,99 €/L","img":"https://fd9-photos.leclercdrive.fr/image.ashx?id=1950186&use=l&cat=p&typeid=i","cat":289556},{"id":45052,"n":"Velouté Régal Soupe Potiron Châtaigne - 1L","p":2.46,"u":"2,46 €/L","img":"https://fd9-photos.leclercdrive.fr/image.ashx?id=2983811&use=l&cat=p&typeid=i","cat":284462},{"id":45055,"n":"Soupe velouté Régal Soupe Légumes du soleil 2x30cl","p":1.62,"u":"2,70 €/L","img":"https://fd9-photos.leclercdrive.fr/image.ashx?id=2607578&use=l&cat=p&typeid=i","cat":284462},{"id":45097,"n":"Panettone Tradizioni d'Italia 500g","p":5.49,"u":"10,98 €/KG","img":"https://fd9-photos.leclercdrive.fr/image.ashx?id=2743921&use=l&cat=p&typeid=i","cat":293600},{"id":45101,"n":"Carrés de soin Mots d'Enfants Bébés - x100","p":1.99,"u":"0,02 €/P","img":"https://fd9-photos.leclercdrive.fr/image.ashx?id=3014245&use=l&cat=p&typeid=i","cat":284739},{"id":45102,"n":"Culottes bébé Mots d'Enfants  T4 : 8/15kg - x22 changes","p":5.35,"u":"0,24 €/P","img":"https://fd9-photos.leclercdrive.fr/image.ashx?id=2487159&use=l&cat=p&typeid=i","cat":290633},{"id":45138,"n":"Biscuits Bio Bjorg complets P'tit nature - 200g","p":1.51,"u":"7,55 €/KG","img":"https://fd9-photos.leclercdrive.fr/image.ashx?id=2906157&use=l&cat=p&typeid=i","cat":284487},{"id":45148,"n":"Boisson végétale épeautre noisette Bjorg Bio - 1L","p":2.35,"u":"2,35 €/L","img":"https://fd9-photos.leclercdrive.fr/image.ashx?id=2960804&use=l&cat=p&typeid=i","cat":316067},{"id":45149,"n":"Boisson végétale lait d'amande  chocolat bjorg bio - 1l","p":2.35,"u":"2,35 €/L","img":"https://fd9-photos.leclercdrive.fr/image.ashx?id=2939412&use=l&cat=p&typeid=i","cat":316067},{"id":45165,"n":"Pots soir bébé bio Babybio Légumes blé - 6 mois - 2x200g","p":3.34,"u":"8,35 €/KG","img":"https://fd9-photos.leclercdrive.fr/image.ashx?id=2827479&use=l&cat=p&typeid=i","cat":312239},{"id":45185,"n":"Tablette de chocolat Alter Eco  Pérou Bio Noir 90% - 100g","p":2.63,"u":"26,30 €/KG","img":"https://fd9-photos.leclercdrive.fr/image.ashx?id=2906544&use=l&cat=p&typeid=i","cat":284956},{"id":45192,"n":"Pâtes bio Jardin Bio Coquillettes 3 min - 500g","p":1.79,"u":"3,58 €/KG","img":"https://fd9-photos.leclercdrive.fr/image.ashx?id=2939976&use=l&cat=p&typeid=i","cat":284427},{"id":45194,"n":"Chocolat noir Bio Ethiquable  80% Equateur - 100g","p":2.67,"u":"26,70 €/KG","img":"https://fd9-photos.leclercdrive.fr/image.ashx?id=2870917&use=l&cat=p&typeid=i","cat":284956},{"id":45197,"n":"Quinoa boulghour  Céréal Bio  à l'Indienne bio -220g","p":2.29,"u":"10,41 €/KG","img":"https://fd9-photos.leclercdrive.fr/image.ashx?id=2574068&use=l&cat=p&typeid=i","cat":287600},{"id":45213,"n":"Flageolets Jardin Bio  Bio cuisinés - 680g","p":3.32,"u":"4,88 €/KG","img":"https://fd9-photos.leclercdrive.fr/image.ashx?id=2918319&use=l&cat=p&typeid=i","cat":312606},{"id":45229,"n":"biscuits gaufres bio bjorg  Miel - 175g","p":2.18,"u":"12,46 €/KG","img":"https://fd9-photos.leclercdrive.fr/image.ashx?id=2915973&use=l&cat=p&typeid=i","cat":294777},{"id":45244,"n":"boisson végétale lait d'amande  bio bjorg 1l","p":2.13,"u":"2,13 €/L","img":"https://fd9-photos.leclercdrive.fr/image.ashx?id=2967067&use=l&cat=p&typeid=i","cat":316067},{"id":45245,"n":"Boisson végétale lait d'amande  vanille bjorg bio - 1l","p":2.43,"u":"2,43 €/L","img":"https://fd9-photos.leclercdrive.fr/image.ashx?id=2991978&use=l&cat=p&typeid=i","cat":316067},{"id":45252,"n":"Lentilles Jardin Bio  Bio façon petit salé - 250g","p":2.17,"u":"8,68 €/KG","img":"https://fd9-photos.leclercdrive.fr/image.ashx?id=2535019&use=l&cat=p&typeid=i","cat":287600},{"id":45261,"n":"Orge riz rouge bio Céréal Bio  lentilles repas express-220g","p":1.79,"u":"7,16 €/KG","img":"https://fd9-photos.leclercdrive.fr/image.ashx?id=2574080&use=l&cat=p&typeid=i","cat":287600},{"id":45291,"n":"Quinoa Jardin Bio  Bio poulet et Sésame - 250g","p":2.16,"u":"8,64 €/KG","img":"https://fd9-photos.leclercdrive.fr/image.ashx?id=2956433&use=l&cat=p&typeid=i","cat":287600},{"id":45339,"n":"Tartine sarrasin Céréal Bio Bio - 145g","p":1.54,"u":"10,62 €/KG","img":"https://fd9-photos.leclercdrive.fr/image.ashx?id=2810792&use=l&cat=p&typeid=i","cat":284479},{"id":45340,"n":"Tartine  Céréal Bio  Bio multicéréales - 145g","p":1.57,"u":"10,83 €/KG","img":"https://fd9-photos.leclercdrive.fr/image.ashx?id=2810795&use=l&cat=p&typeid=i","cat":284479},{"id":45351,"n":"Tartines bio Jardin Bio Sarrasin sans gluten - 150g","p":1.96,"u":"13,07 €/KG","img":"https://fd9-photos.leclercdrive.fr/image.ashx?id=2535547&use=l&cat=p&typeid=i","cat":318654},{"id":45353,"n":"Tartines bio Jardin Bio Multicéréales sans gluten -150g","p":2.04,"u":"13,60 €/KG","img":"https://fd9-photos.leclercdrive.fr/image.ashx?id=2537646&use=l&cat=p&typeid=i","cat":318654},{"id":45354,"n":"Tartines bio Jardin Bio Châtaigne sans gluten - 150g","p":2.1,"u":"14,00 €/KG","img":"https://fd9-photos.leclercdrive.fr/image.ashx?id=2537649&use=l&cat=p&typeid=i","cat":318654},{"id":45355,"n":"Thé vert Bio Clipper Au Citron - 20 sachets - 35g","p":2.19,"u":"62,57 €/KG","img":"https://fd9-photos.leclercdrive.fr/image.ashx?id=2922089&use=l&cat=p&typeid=i","cat":293233},{"id":45382,"n":"Déodorant Spray Femme Nivea Protect & Care - 200ml","p":2.49,"u":"12,45 €/L","img":"https://fd9-photos.leclercdrive.fr/image.ashx?id=2869188&use=l&cat=p&typeid=i","cat":284595},{"id":45415,"n":"Fromage Emmental Entremont Râpé  - 300g","p":3.24,"u":"10,80 €/KG","img":"https://fd9-photos.leclercdrive.fr/image.ashx?id=2983156&use=l&cat=p&typeid=i","cat":314035},{"id":45456,"n":"Chips Bio Village Bio Nature - 6x30g","p":2.99,"u":"16,61 €/KG","img":"https://fd9-photos.leclercdrive.fr/image.ashx?id=2838957&use=l&cat=p&typeid=i","cat":284447},{"id":45457,"n":"Mogette sèche IGP NRT De Vendée - 500g","p":3.09,"u":"6,18 €/KG","img":"https://fd9-photos.leclercdrive.fr/image.ashx?id=1727283&use=l&cat=p&typeid=i","cat":284430},{"id":45483,"n":"Pastilles javel Clair Parfum Menthe x42 - 168g","p":1.44,"u":"8,57 €/KG","img":"https://fd9-photos.leclercdrive.fr/image.ashx?id=2631447&use=l&cat=p&typeid=i","cat":284661},{"id":45498,"n":"Sacs poubelle 30L Elembal Ultra resist - x20","p":3.25,"u":"0,16 €/P","img":"https://fd9-photos.leclercdrive.fr/image.ashx?id=1875134&use=l&cat=p&typeid=i","cat":285168},{"id":45499,"n":"Sacs poubelle 50L Elembal Ultra résist - x15","p":3.9,"u":"0,26 €/P","img":"https://fd9-photos.leclercdrive.fr/image.ashx?id=1874798&use=l&cat=p&typeid=i","cat":285168},{"id":45500,"n":"Sacs poubelle 100L Elembal Ultra résist - x10","p":3.73,"u":"0,37 €/P","img":"https://fd9-photos.leclercdrive.fr/image.ashx?id=1875092&use=l&cat=p&typeid=i","cat":285168},{"id":45541,"n":"Pizza l'Ovale Sodebo 3 fromages fondants - 200g","p":1.39,"u":"6,95 €/KG","img":"https://fd9-photos.leclercdrive.fr/image.ashx?id=2723644&use=l&cat=p&typeid=i","cat":333679},{"id":45636,"n":"Bouquet garni Ducros Epices à la provençale - 18g","p":1.61,"u":"89,44 €/KG","img":"https://fd9-photos.leclercdrive.fr/image.ashx?id=1715377&use=l&cat=p&typeid=i","cat":298297},{"id":45642,"n":"Ratatouille Cuisinée Cassegrain à la Provençale 185g","p":1.73,"u":"9,35 €/KG","img":"https://fd9-photos.leclercdrive.fr/image.ashx?id=2913007&use=l&cat=p&typeid=i","cat":312612},{"id":45671,"n":"Chips Bret's Chèvre/piment d'espelette -125g","p":1.08,"u":"8,64 €/KG","img":"https://fd9-photos.leclercdrive.fr/image.ashx?id=1941593&use=l&cat=p&typeid=i","cat":284447},{"id":45708,"n":"Yaourt à boire Mini Yop Aromatisé Fraise - 8x100g","p":2.17,"u":"2,71 €/KG","img":"https://fd9-photos.leclercdrive.fr/image.ashx?id=2985159&use=l&cat=p&typeid=i","cat":284415},{"id":45750,"n":"Couette unie Microstop Tissaia Anti-acariens - 140x200cm","p":29.89,"u":"Dont 0,40 € d'éco-part.","img":"https://fd9-photos.leclercdrive.fr/image.ashx?id=2648430&use=l&cat=p&typeid=i","cat":288835},{"id":45752,"n":"Couette unie chaude Tissaia Anti-acariens - 200x200cm","p":39.89,"u":"Dont 0,40 € d'éco-part.","img":"https://fd9-photos.leclercdrive.fr/image.ashx?id=2648433&use=l&cat=p&typeid=i","cat":288835},{"id":45756,"n":"Couette unie Microstop Tissaia Anti-acariens - 260x240cm","p":59.89,"u":"Dont 0,60 € d'éco-part.","img":"https://fd9-photos.leclercdrive.fr/image.ashx?id=2648439&use=l&cat=p&typeid=i","cat":288835},{"id":45773,"n":"Traversin Tissaia Anti-acarien microstop 160 cm","p":18.95,"u":"Dont 0,20 € d'éco-part.","img":"https://fd9-photos.leclercdrive.fr/image.ashx?id=2207742&use=l&cat=p&typeid=i","cat":288835},{"id":45825,"n":"Brosse à dents pro Dentamyl Souple x2","p":0.72,"u":"0,36 €/P","img":"https://fd9-photos.leclercdrive.fr/image.ashx?id=2790979&use=l&cat=p&typeid=i","cat":284614},{"id":45826,"n":"Brosse à dents pro Dentamyl Médium x2","p":0.65,"u":"0,33 €/P","img":"https://fd9-photos.leclercdrive.fr/image.ashx?id=2790982&use=l&cat=p&typeid=i","cat":284614},{"id":45867,"n":"Crème dessert Mont Blanc Coupelles Chocolat - 4x125g","p":3.24,"u":"6,48 €/KG","img":"https://fd9-photos.leclercdrive.fr/image.ashx?id=2961104&use=l&cat=p&typeid=i","cat":284506},{"id":45868,"n":"Crème dessert Mont Blanc Coupelles Vanille - 4x125g","p":3.49,"u":"6,98 €/KG","img":"https://fd9-photos.leclercdrive.fr/image.ashx?id=2967301&use=l&cat=p&typeid=i","cat":284506},{"id":45870,"n":"Vinaigre ménager Clair 100% naturel - 1L","p":1.08,"u":"1,08 €/L","img":"https://fd9-photos.leclercdrive.fr/image.ashx?id=1993583&use=l&cat=p&typeid=i","cat":325365},{"id":45923,"n":"Pur jus d'orange Bio Village Bio avec pulpe - 1L","p":3.11,"u":"3,11 €/L","img":"https://fd9-photos.leclercdrive.fr/image.ashx?id=2901542&use=l&cat=p&typeid=i","cat":284521},{"id":45965,"n":"Saucisses Knacki Herta Poulet x6 - 210g","p":1.58,"u":"7,52 €/KG","img":"https://fd9-photos.leclercdrive.fr/image.ashx?id=2290428&use=l&cat=p&typeid=i","cat":316012},{"id":46006,"n":"AOP Jurançon vin blanc Moelleux Terrasses d'Autan-75cl","p":6.99,"u":"9,32 €/L","img":"https://fd9-photos.leclercdrive.fr/image.ashx?id=2198306&use=l&cat=p&typeid=i","cat":289557},{"id":46016,"n":"Chocolat Pâtissier Tablette dOr Chocolat Noir - 3x200g","p":5.35,"u":"8,92 €/KG","img":"https://fd9-photos.leclercdrive.fr/image.ashx?id=2958563&use=l&cat=p&typeid=i","cat":285562},{"id":46021,"n":"Brandade de morue Gastromer A l'huile d'olive - 600g","p":4.97,"u":"8,28 €/KG","img":"https://fd9-photos.leclercdrive.fr/image.ashx?id=2594630&use=l&cat=p&typeid=i","cat":285094},{"id":46037,"n":"Biscottes Toast Pelletier  Goût brioché - 150g","p":1.31,"u":"8,73 €/KG","img":"https://fd9-photos.leclercdrive.fr/image.ashx?id=1888023&use=l&cat=p&typeid=i","cat":284479},{"id":46047,"n":"Sirop d'érable  250g","p":3.3,"u":"13,20 €/KG","img":"https://fd9-photos.leclercdrive.fr/image.ashx?id=2480298&use=l&cat=p&typeid=i","cat":287643},{"id":46051,"n":"Menus chat Tous mes amis Viande menus gourmands 24x100g","p":6.95,"u":"2,90 €/KG","img":"https://fd9-photos.leclercdrive.fr/image.ashx?id=2027607&use=l&cat=p&typeid=i","cat":285286},{"id":46052,"n":"Gelée pour chat Tous mes amis Poisson menus gourmands 24x100g","p":6.95,"u":"2,90 €/KG","img":"https://fd9-photos.leclercdrive.fr/image.ashx?id=2027604&use=l&cat=p&typeid=i","cat":285286},{"id":46098,"n":"Biscuits chocolat Prince Lu 6x300g","p":7.86,"u":"4,37 €/KG","img":"https://fd9-photos.leclercdrive.fr/image.ashx?id=2737165&use=l&cat=p&typeid=i","cat":284488},{"id":46166,"n":"Crackers bio Bio Village 3 graines - 200g","p":2.69,"u":"13,45 €/KG","img":"https://fd9-photos.leclercdrive.fr/image.ashx?id=2310504&use=l&cat=p&typeid=i","cat":297000},{"id":46224,"n":"Friandises chien Pedigree Récompense bœuf fromage - 140g","p":1.7,"u":"12,14 €/KG","img":"https://fd9-photos.leclercdrive.fr/image.ashx?id=2256203&use=l&cat=p&typeid=i","cat":294527},{"id":46381,"n":"Fromage Emmenta Les Croisés En dés - 150g","p":1.89,"u":"12,60 €/KG","img":"https://fd9-photos.leclercdrive.fr/image.ashx?id=2422550&use=l&cat=p&typeid=i","cat":314027},{"id":46462,"n":"Mini coudes Turini 500g","p":0.99,"u":"1,98 €/KG","img":"https://fd9-photos.leclercdrive.fr/image.ashx?id=2607566&use=l&cat=p&typeid=i","cat":284427},{"id":46472,"n":"Pandoro Tradizioni D'italia 500g","p":5.99,"u":"11,98 €/KG","img":"https://fd9-photos.leclercdrive.fr/image.ashx?id=2743924&use=l&cat=p&typeid=i","cat":293600},{"id":46528,"n":"Fil dentaire  menthe Dentamyl Ultra résistant  archet  - x50","p":2.05,"img":"https://fd9-photos.leclercdrive.fr/image.ashx?id=2440721&use=l&cat=p&typeid=i","cat":285159},{"id":46533,"n":"Plat à pizza Homeside Avec trous, alluminium - 30cm","p":4.5,"img":"https://fd9-photos.leclercdrive.fr/image.ashx?id=2856642&use=l&cat=p&typeid=i","cat":298490},{"id":46534,"n":"Shaker Ardence 1 pièce","p":4.24,"img":"https://fd9-photos.leclercdrive.fr/image.ashx?id=1467666&use=l&cat=p&typeid=i","cat":334135},{"id":46535,"n":"Passoire Ardence 24 cm - x1","p":2.5,"img":"https://fd9-photos.leclercdrive.fr/image.ashx?id=2777927&use=l&cat=p&typeid=i","cat":334135},{"id":46536,"n":"Range couverts Ardence Modulable, 5 cases - x1","p":4.5,"img":"https://fd9-photos.leclercdrive.fr/image.ashx?id=1468594&use=l&cat=p&typeid=i","cat":334135},{"id":46547,"n":"Croquette chat stérilisé Ultima  Truite - Sensible - 1.5kg","p":6.96,"u":"4,64 €/KG","img":"https://fd9-photos.leclercdrive.fr/image.ashx?id=2937436&use=l&cat=p&typeid=i","cat":284680},{"id":46654,"n":"Bière blonde La Chouffe 33cl","p":2.25,"u":"6,82 €/L","img":"https://fd9-photos.leclercdrive.fr/image.ashx?id=2877073&use=l&cat=p&typeid=i","cat":334872},{"id":46667,"n":"Monster Munch Salé - 135g","p":1.36,"u":"10,07 €/KG","img":"https://fd9-photos.leclercdrive.fr/image.ashx?id=2996935&use=l&cat=p&typeid=i","cat":284449},{"id":46703,"n":"Spray désodorisant Airwick  Pure Douceur de Coton - 250ml","p":2.66,"u":"10,64 €/L","img":"https://fd9-photos.leclercdrive.fr/image.ashx?id=2858600&use=l&cat=p&typeid=i","cat":311626},{"id":46875,"n":"Crème dessert Mont Blanc Coupelles Caramel - 4x125g","p":3.4,"u":"6,80 €/KG","img":"https://fd9-photos.leclercdrive.fr/image.ashx?id=3011002&use=l&cat=p&typeid=i","cat":284506},{"id":46982,"n":"Cookies gros éclats Granola Chocolat - 276g","p":2.37,"u":"8,59 €/KG","img":"https://fd9-photos.leclercdrive.fr/image.ashx?id=3005335&use=l&cat=p&typeid=i","cat":325066},{"id":46984,"n":"Café et Chicorée Soluble Ricoré  Original Recharge - 180g","p":3.8,"u":"21,11 €/KG","img":"https://fd9-photos.leclercdrive.fr/image.ashx?id=2980112&use=l&cat=p&typeid=i","cat":284843},{"id":46990,"n":"Chocolat en poudre Nestlé Boîte - 500g","p":4.61,"u":"9,22 €/KG","img":"https://fd9-photos.leclercdrive.fr/image.ashx?id=2817335&use=l&cat=p&typeid=i","cat":293235},{"id":47127,"n":"Bière Red Desperados 5.9%vol. - 6x33cl","p":8.8,"u":"4,44 €/L","img":"https://fd9-photos.leclercdrive.fr/image.ashx?id=2766229&use=l&cat=p&typeid=i","cat":334878},{"id":47128,"n":"Vin Union Européenne rouge Le Tonnelier - BIB 5L","p":8.77,"u":"1,75 €/L","img":"https://fd9-photos.leclercdrive.fr/image.ashx?id=2107468&use=l&cat=p&typeid=i","cat":289560},{"id":47169,"n":"Sacs poubelle 10L Elembal Salle de bain - x20","p":0.8,"u":"0,04 €/P","img":"https://fd9-photos.leclercdrive.fr/image.ashx?id=2793239&use=l&cat=p&typeid=i","cat":285168},{"id":47176,"n":"Déodorant Spray Femme Nivea Black&White Original - 200ml","p":2.55,"u":"12,75 €/L","img":"https://fd9-photos.leclercdrive.fr/image.ashx?id=2980031&use=l&cat=p&typeid=i","cat":284595},{"id":47180,"n":"Gel douche enfant Tahiti Fruits exotiques - 300ml","p":1.86,"u":"6,20 €/L","img":"https://fd9-photos.leclercdrive.fr/image.ashx?id=2687332&use=l&cat=p&typeid=i","cat":284594},{"id":47181,"n":"Essuie-tout compact 3=9 Eco+ x3","p":2.27,"u":"0,76 €/P","img":"https://fd9-photos.leclercdrive.fr/image.ashx?id=2726688&use=l&cat=p&typeid=i","cat":284635},{"id":47253,"n":"Escalope de dinde Le Gaulois x6 - 720g","p":10.87,"u":"15,10 €/KG","img":"https://fd9-photos.leclercdrive.fr/image.ashx?id=2405506&use=l&cat=p&typeid=i","cat":284337},{"id":47254,"n":"Pâtes Coudes Rayés Turini 1kg","p":1.73,"u":"1,73 €/KG","img":"https://fd9-photos.leclercdrive.fr/image.ashx?id=2607551&use=l&cat=p&typeid=i","cat":284427},{"id":47255,"n":"Pâtes linguine Turini  500g","p":0.91,"u":"1,82 €/KG","img":"https://fd9-photos.leclercdrive.fr/image.ashx?id=2607554&use=l&cat=p&typeid=i","cat":284427},{"id":47256,"n":"Pâtes Farfalles Turini  1kg","p":1.2,"u":"1,20 €/KG","img":"https://fd9-photos.leclercdrive.fr/image.ashx?id=2665574&use=l&cat=p&typeid=i","cat":284427},{"id":47257,"n":"Pâtes Spaghettoni Turini  500g","p":0.83,"u":"1,66 €/KG","img":"https://fd9-photos.leclercdrive.fr/image.ashx?id=2441348&use=l&cat=p&typeid=i","cat":284427},{"id":47258,"n":"Pâtes coquillettes Turini Blé complet  - 500g","p":1.1,"u":"2,20 €/KG","img":"https://fd9-photos.leclercdrive.fr/image.ashx?id=2607563&use=l&cat=p&typeid=i","cat":284427},{"id":47259,"n":"Pistaches Tokapi  Grillées à sec - 75g","p":1.65,"u":"22,00 €/KG","img":"https://fd9-photos.leclercdrive.fr/image.ashx?id=2795571&use=l&cat=p&typeid=i","cat":284448},{"id":47263,"n":"Brossettes Dentamyl Interdentaires - x5","p":2.49,"u":"0,50 €/P","img":"https://fd9-photos.leclercdrive.fr/image.ashx?id=2672879&use=l&cat=p&typeid=i","cat":285159},{"id":47281,"n":"Piles rechargeables Energizer Power plus AAA/LR3 - x4 piles","p":13.79,"u":"3,45 €/P","img":"https://fd9-photos.leclercdrive.fr/image.ashx?id=2748629&use=l&cat=p&typeid=i","cat":300572},{"id":47360,"n":"Fromage à tartiner Madame Loïk Fouetté Ail Fines Herbes - 150g","p":1.78,"u":"11,87 €/KG","img":"https://fd9-photos.leclercdrive.fr/image.ashx?id=2948021&use=l&cat=p&typeid=i","cat":314029},{"id":47361,"n":"Bûche de chèvre Président 250g","p":2.84,"u":"11,36 €/KG","img":"https://fd9-photos.leclercdrive.fr/image.ashx?id=2446647&use=l&cat=p&typeid=i","cat":314031},{"id":47404,"n":"Eau gazeuse aromatisée Badoit citron sans sucres - 6x50cl","p":3.64,"u":"1,21 €/L","img":"https://fd9-photos.leclercdrive.fr/image.ashx?id=2730643&use=l&cat=p&typeid=i","cat":284536},{"id":47441,"n":"Cidre normand Les Goelleries Brut 4.5% - 2x75cl","p":3.58,"u":"2,39 €/L","img":"https://fd9-photos.leclercdrive.fr/image.ashx?id=2445817&use=l&cat=p&typeid=i","cat":334880},{"id":47470,"n":"Bouillon de poule Knorr x15 - 150g","p":1.19,"u":"7,93 €/KG","img":"https://fd9-photos.leclercdrive.fr/image.ashx?id=2940678&use=l&cat=p&typeid=i","cat":288379},{"id":47472,"n":"Bouillon herbe Knorr Huile d'olive puget x15 - 150g","p":1.17,"u":"7,80 €/KG","img":"https://fd9-photos.leclercdrive.fr/image.ashx?id=2940681&use=l&cat=p&typeid=i","cat":288379},{"id":47493,"n":"Tablette chocolat au lait Milka Morceaux de Oreo -  3x100g","p":4.17,"u":"13,90 €/KG","img":"https://fd9-photos.leclercdrive.fr/image.ashx?id=2617081&use=l&cat=p&typeid=i","cat":284497},{"id":47494,"n":"Tablette chocolat au lait Milka Eclats de caramel Daim - 3x100g","p":4.17,"u":"13,90 €/KG","img":"https://fd9-photos.leclercdrive.fr/image.ashx?id=2617084&use=l&cat=p&typeid=i","cat":284497},{"id":47529,"n":"Vin mousseux de France Rosé J.P Chenet 11%vol - 75cl","p":5.35,"u":"7,13 €/L","img":"https://fd9-photos.leclercdrive.fr/image.ashx?id=2794472&use=l&cat=p&typeid=i","cat":284544},{"id":47542,"n":"Starmint Haribo Sachet bonbons menthe - 200g","p":1.32,"u":"6,60 €/KG","img":"https://fd9-photos.leclercdrive.fr/image.ashx?id=2984889&use=l&cat=p&typeid=i","cat":304252},{"id":47563,"n":"Macédoine de Légumes Bonduelle 265g","p":0.89,"u":"3,36 €/KG","img":"https://fd9-photos.leclercdrive.fr/image.ashx?id=2910007&use=l&cat=p&typeid=i","cat":312612},{"id":47593,"n":"Yaourts Mamie Nova Chocolat - 2x150g","p":1.27,"u":"4,23 €/KG","img":"https://fd9-photos.leclercdrive.fr/image.ashx?id=2909029&use=l&cat=p&typeid=i","cat":285041},{"id":47646,"n":"Pâtes Macaroni Panzani  3 Minutes - 500G","p":1.12,"u":"2,24 €/KG","img":"https://fd9-photos.leclercdrive.fr/image.ashx?id=2896081&use=l&cat=p&typeid=i","cat":284427},{"id":47648,"n":"Filets de maquereaux Saupiquet Vin blanc et aromates - 176g","p":1.93,"u":"10,97 €/KG","img":"https://fd9-photos.leclercdrive.fr/image.ashx?id=2829967&use=l&cat=p&typeid=i","cat":303868},{"id":47657,"n":"Bâtonnets Dentastix Pedigree Grand chien x56 - 2160g","p":17.25,"u":"7,99 €/KG","img":"https://fd9-photos.leclercdrive.fr/image.ashx?id=2980064&use=l&cat=p&typeid=i","cat":294527},{"id":47667,"n":"Pâtes Penne Rigate Panzani 3 Minutes - 500G","p":1.18,"u":"2,36 €/KG","img":"https://fd9-photos.leclercdrive.fr/image.ashx?id=2896087&use=l&cat=p&typeid=i","cat":284427},{"id":47675,"n":"Sardines Connétable Piment - 140g","p":1.58,"u":"11,29 €/KG","img":"https://fd9-photos.leclercdrive.fr/image.ashx?id=2807573&use=l&cat=p&typeid=i","cat":305146},{"id":47681,"n":"Sauce pizza Turini aux tomates et origan - 390g","p":0.99,"u":"2,54 €/KG","img":"https://fd9-photos.leclercdrive.fr/image.ashx?id=2412025&use=l&cat=p&typeid=i","cat":288384},{"id":47686,"n":"Fromage Spécialité Babybel Maxi - 200g","p":2.17,"u":"10,85 €/KG","img":"https://fd9-photos.leclercdrive.fr/image.ashx?id=2806913&use=l&cat=p&typeid=i","cat":314030},{"id":47718,"n":"Boisson gourmande PAGO Cocktail Tropical Vitaminé - 75cl","p":1.6,"u":"2,13 €/L","img":"https://fd9-photos.leclercdrive.fr/image.ashx?id=2861854&use=l&cat=p&typeid=i","cat":284917},{"id":47722,"n":"Compotes Pom'Potes Gourdes  Pomme Nature - 12x90g","p":4.7,"u":"4,35 €/KG","img":"https://fd9-photos.leclercdrive.fr/image.ashx?id=2968082&use=l&cat=p&typeid=i","cat":284508},{"id":47795,"n":"Papier toilette humide Lotus Aloe Douceur - x42 feuilles","p":1.78,"u":"0,04 €/P","img":"https://fd9-photos.leclercdrive.fr/image.ashx?id=2864840&use=l&cat=p&typeid=i","cat":284634},{"id":47796,"n":"Papier toilette humide Lotus Pure - x42 feuilles","p":1.6,"u":"0,04 €/P","img":"https://fd9-photos.leclercdrive.fr/image.ashx?id=2866070&use=l&cat=p&typeid=i","cat":284634},{"id":47843,"n":"Cordon bleu poulet Maître Coq 1kg","p":6.32,"u":"6,32 €/KG","img":"https://fd9-photos.leclercdrive.fr/image.ashx?id=2939475&use=l&cat=p&typeid=i","cat":319780},{"id":48029,"n":"Sirop Moulin de Valdonne Pêche blanche - 70cl","p":2.89,"u":"4,13 €/L","img":"https://fd9-photos.leclercdrive.fr/image.ashx?id=2842678&use=l&cat=p&typeid=i","cat":295020},{"id":48104,"n":"Sardines Parmentier Huile d'olive/hyacinte - 232g","p":3.01,"u":"12,97 €/KG","img":"https://fd9-photos.leclercdrive.fr/image.ashx?id=2826519&use=l&cat=p&typeid=i","cat":305146},{"id":48112,"n":"Poivre noir moulu Ducros Fort, N°9 - 35g","p":3.18,"u":"90,86 €/KG","img":"https://fd9-photos.leclercdrive.fr/image.ashx?id=2486593&use=l&cat=p&typeid=i","cat":284457},{"id":48113,"n":"Thym Ducros Flacon - 14g","p":1.59,"u":"113,57 €/KG","img":"https://fd9-photos.leclercdrive.fr/image.ashx?id=2983210&use=l&cat=p&typeid=i","cat":298297},{"id":48114,"n":"Persil Ducros 5g","p":1.4,"u":"280,00 €/KG","img":"https://fd9-photos.leclercdrive.fr/image.ashx?id=2490503&use=l&cat=p&typeid=i","cat":298297},{"id":48167,"n":"Dosettes café Plantation  Doux - x36 - 250g","p":3.83,"u":"15,32 €/KG","img":"https://fd9-photos.leclercdrive.fr/image.ashx?id=1910637&use=l&cat=p&typeid=i","cat":293238},{"id":48200,"n":"Rillettes de poulet rôti Bordeau Chesnel - 220g","p":2.21,"u":"10,05 €/KG","img":"https://fd9-photos.leclercdrive.fr/image.ashx?id=2855046&use=l&cat=p&typeid=i","cat":316008},{"id":48203,"n":"Olives vertes Croc'frais A l'orientale Dénoyautées 200g","p":2.64,"u":"13,20 €/KG","img":"https://fd9-photos.leclercdrive.fr/image.ashx?id=2833702&use=l&cat=p&typeid=i","cat":316002},{"id":48226,"n":"Petit Pois, Carotte Cassegrain Tendres et Fondants 130g","p":1.21,"u":"9,31 €/KG","img":"https://fd9-photos.leclercdrive.fr/image.ashx?id=2912977&use=l&cat=p&typeid=i","cat":312607},{"id":48254,"n":"Filets de maquereaux Saupiquet Natures - Grillés - 120g","p":2.08,"u":"17,33 €/KG","img":"https://fd9-photos.leclercdrive.fr/image.ashx?id=2873868&use=l&cat=p&typeid=i","cat":303868},{"id":48258,"n":"Croquettes chat Ultima Stérilisé - Saumon - 3kg","p":11.32,"u":"3,77 €/KG","img":"https://fd9-photos.leclercdrive.fr/image.ashx?id=2922221&use=l&cat=p&typeid=i","cat":284680},{"id":48267,"n":"Rhum ambré Saint James 45%vol - 70cl","p":14.21,"u":"20,30 €/L","img":"https://fd9-photos.leclercdrive.fr/image.ashx?id=2970945&use=l&cat=p&typeid=i","cat":284550},{"id":48306,"n":"IGP Pays d'Oc rosé Grenache Les Ormes de Cambras 11.5% 75cl","p":3.15,"u":"4,20 €/L","img":"https://fd9-photos.leclercdrive.fr/image.ashx?id=2285234&use=l&cat=p&typeid=i","cat":289558},{"id":48307,"n":"IGP Pays d'Oc rosé Grenache Les Ormes de Cambras - BIB 5L","p":16.6,"u":"3,32 €/L","img":"https://fd9-photos.leclercdrive.fr/image.ashx?id=2489458&use=l&cat=p&typeid=i","cat":289560},{"id":48310,"n":"Concentré à diluer Pulco Citron vert - 70cl","p":2.55,"u":"3,64 €/L","img":"https://fd9-photos.leclercdrive.fr/image.ashx?id=2686630&use=l&cat=p&typeid=i","cat":295020},{"id":48311,"n":"Concentré à diluer Pulco Orange Citron - 70cl","p":2.59,"u":"3,70 €/L","img":"https://fd9-photos.leclercdrive.fr/image.ashx?id=2686633&use=l&cat=p&typeid=i","cat":295020},{"id":48312,"n":"Eau minérale gazeuse Perrier  Fines bulles - 6x50cl","p":3.44,"u":"1,15 €/L","img":"https://fd9-photos.leclercdrive.fr/image.ashx?id=2737021&use=l&cat=p&typeid=i","cat":284536},{"id":48348,"n":"Chocolat au lait Lindt Création Caramel - 150g","p":3.03,"u":"20,20 €/KG","img":"https://fd9-photos.leclercdrive.fr/image.ashx?id=2685814&use=l&cat=p&typeid=i","cat":284497},{"id":48352,"n":"Tablette de chocolat noir Lindt Orange intense - 100g","p":2.21,"u":"22,10 €/KG","img":"https://fd9-photos.leclercdrive.fr/image.ashx?id=2689496&use=l&cat=p&typeid=i","cat":284956},{"id":48354,"n":"Tablette de chocolat noir Lindt 85% cacao - 100g","p":2.17,"u":"21,70 €/KG","img":"https://fd9-photos.leclercdrive.fr/image.ashx?id=2681589&use=l&cat=p&typeid=i","cat":284956},{"id":48355,"n":"Tablette de chocolat noir Lindt Caramel Pointe de sel - 100g","p":2.2,"u":"22,00 €/KG","img":"https://fd9-photos.leclercdrive.fr/image.ashx?id=2689493&use=l&cat=p&typeid=i","cat":284956},{"id":48378,"n":"Café moulu Jacques Vabre Brésil 100% Arabica - 250g","p":4.47,"u":"17,88 €/KG","img":"https://fd9-photos.leclercdrive.fr/image.ashx?id=2100380&use=l&cat=p&typeid=i","cat":284750},{"id":48399,"n":"Chaussettes unie Tissaia Sport 27/30 x3","p":3.35,"u":"1,12 €/P","img":"https://fd9-photos.leclercdrive.fr/image.ashx?id=850155&use=l&cat=p&typeid=i","cat":334130},{"id":48400,"n":"Chaussettes unie Tissaia Sport, 31/35 x3","p":3.35,"u":"1,12 €/P","img":"https://fd9-photos.leclercdrive.fr/image.ashx?id=850151&use=l&cat=p&typeid=i","cat":334130},{"id":48401,"n":"Chaussettes unie Tissaia Sport 36/40 x3","p":3.35,"u":"1,12 €/P","img":"https://fd9-photos.leclercdrive.fr/image.ashx?id=1949330&use=l&cat=p&typeid=i","cat":334130},{"id":48419,"n":"AOP Alsace Riesling blanc Wolfberger - 75cl","p":6.5,"pp":4.87,"u":"6,49 €/L","img":"https://fd9-photos.leclercdrive.fr/image.ashx?id=2905357&use=l&cat=p&typeid=i","cat":289557},{"id":48421,"n":"AOP Alsace Gewurztraminer blanc Wolfberger 13,5% - 75cl","p":7.85,"pp":5.89,"u":"7,85 €/L","img":"https://fd9-photos.leclercdrive.fr/image.ashx?id=2936368&use=l&cat=p&typeid=i","cat":289557},{"id":48508,"n":"Ketchup AMORA Flacon Souple - 550g","p":1.5,"u":"2,73 €/KG","img":"https://fd9-photos.leclercdrive.fr/image.ashx?id=2766649&use=l&cat=p&typeid=i","cat":284455},{"id":48515,"n":"Coriandre Ducros Moulue - 32g","p":1.17,"u":"36,56 €/KG","img":"https://fd9-photos.leclercdrive.fr/image.ashx?id=2490497&use=l&cat=p&typeid=i","cat":298297},{"id":48603,"n":"Farine de blé Francine 1,4kg","p":1.54,"u":"1,10 €/KG","img":"https://fd9-photos.leclercdrive.fr/image.ashx?id=2881308&use=l&cat=p&typeid=i","cat":284503},{"id":48604,"n":"Farine fluide Francine 1.4kg","p":1.61,"u":"1,15 €/KG","img":"https://fd9-photos.leclercdrive.fr/image.ashx?id=2881305&use=l&cat=p&typeid=i","cat":284503},{"id":48615,"n":"Coton Demak'up Duo disque x108","p":1.5,"u":"0,01 €/P","img":"https://fd9-photos.leclercdrive.fr/image.ashx?id=2791461&use=l&cat=p&typeid=i","cat":285593},{"id":48633,"n":"Boisson gourmande PAGO Fraise 75cl","p":2.61,"u":"3,48 €/L","img":"https://fd9-photos.leclercdrive.fr/image.ashx?id=2954007&use=l&cat=p&typeid=i","cat":284915},{"id":48646,"n":"Soda à l'orange Orangina Sans Sucres - 6x33cl","p":3.48,"u":"1,76 €/L","img":"https://fd9-photos.leclercdrive.fr/image.ashx?id=2946931&use=l&cat=p&typeid=i","cat":284532},{"id":48697,"n":"Sachet chat Purina One Sterillcat - 8x85g","p":3.71,"u":"5,46 €/KG","img":"https://fd9-photos.leclercdrive.fr/image.ashx?id=2899695&use=l&cat=p&typeid=i","cat":285286},{"id":48698,"n":"Croquettes chat Purina One Stérilisé/Intérieur-Poulet1.5kg","p":6.59,"u":"4,39 €/KG","img":"https://fd9-photos.leclercdrive.fr/image.ashx?id=2681257&use=l&cat=p&typeid=i","cat":284680},{"id":48704,"n":"Boîte chat Whiskas Gelée du pêcheur - 4x390g","p":4.6,"u":"2,95 €/KG","img":"https://fd9-photos.leclercdrive.fr/image.ashx?id=2759622&use=l&cat=p&typeid=i","cat":285601},{"id":48711,"n":"Friandises chien Fido  Dental Delicious - 130g","p":1.78,"u":"13,69 €/KG","img":"https://fd9-photos.leclercdrive.fr/image.ashx?id=2361614&use=l&cat=p&typeid=i","cat":294527},{"id":48715,"n":"Poires demi-fruits Eco+ Sirop léger - 455 g","p":1.67,"u":"3,67 €/KG","img":"https://fd9-photos.leclercdrive.fr/image.ashx?id=2084832&use=l&cat=p&typeid=i","cat":284507},{"id":48717,"n":"Barquettes chats Gourmet Gold Les mousselines - 24x85g","p":10.19,"u":"5,00 €/KG","img":"https://fd9-photos.leclercdrive.fr/image.ashx?id=2861500&use=l&cat=p&typeid=i","cat":285286},{"id":48720,"n":"Poêlée parisienne D'aucy  580g","p":3.05,"u":"5,26 €/KG","img":"https://fd9-photos.leclercdrive.fr/image.ashx?id=2835256&use=l&cat=p&typeid=i","cat":312612},{"id":48725,"n":"Légumes pour Couscous D'Aucy Orientale - 800g","p":1.75,"u":"2,19 €/KG","img":"https://fd9-photos.leclercdrive.fr/image.ashx?id=2577800&use=l&cat=p&typeid=i","cat":312612},{"id":48744,"n":"Pulpe de  tomate Turini  Nature - 390g","p":1.59,"u":"4,08 €/KG","img":"https://fd9-photos.leclercdrive.fr/image.ashx?id=2181810&use=l&cat=p&typeid=i","cat":288384},{"id":48745,"n":"Chocolat Pâtissier Nestlé Dessert Lait - 170g","p":2.91,"u":"17,12 €/KG","img":"https://fd9-photos.leclercdrive.fr/image.ashx?id=2961242&use=l&cat=p&typeid=i","cat":285562},{"id":48777,"n":"Confiture Confipote allégée en  Sucres - Pot Fraise - 350g","p":1.89,"u":"5,40 €/KG","img":"https://fd9-photos.leclercdrive.fr/image.ashx?id=2388436&use=l&cat=p&typeid=i","cat":284480},{"id":48803,"n":"Confiture Confipote allégée en  Sucres - Pot Abricot - 350g","p":1.85,"u":"5,29 €/KG","img":"https://fd9-photos.leclercdrive.fr/image.ashx?id=2120959&use=l&cat=p&typeid=i","cat":284480},{"id":48812,"n":"Masque Nuti-extrême Dessange Cheveux très secs - 250ml","p":5.48,"u":"21,92 €/L","img":"https://fd9-photos.leclercdrive.fr/image.ashx?id=2819400&use=l&cat=p&typeid=i","cat":284608},{"id":48839,"n":"Lait concentré Régilait Non sucré, demi écrémé - 410g","p":1.43,"u":"3,49 €/KG","img":"https://fd9-photos.leclercdrive.fr/image.ashx?id=2405863&use=l&cat=p&typeid=i","cat":299162},{"id":48843,"n":"Préparation gâteau Nestlé Fondant chocolat - 317g","p":3.79,"u":"11,96 €/KG","img":"https://fd9-photos.leclercdrive.fr/image.ashx?id=2848379&use=l&cat=p&typeid=i","cat":284505},{"id":48844,"n":"Préparation gâteau Nestlé Moelleux chocolat - 344g","p":4.0,"u":"11,63 €/KG","img":"https://fd9-photos.leclercdrive.fr/image.ashx?id=2848376&use=l&cat=p&typeid=i","cat":284505},{"id":48870,"n":"Infusion bio Jardin Bio Thym de France x20 - 28g","p":2.36,"u":"84,29 €/KG","img":"https://fd9-photos.leclercdrive.fr/image.ashx?id=2792840&use=l&cat=p&typeid=i","cat":293234},{"id":48879,"n":"Purée de piment Tables du Monde - 100g","p":1.19,"u":"11,90 €/KG","img":"https://fd9-photos.leclercdrive.fr/image.ashx?id=2679744&use=l&cat=p&typeid=i","cat":288992},{"id":48890,"n":"Pâtes De Cecco  Fusilli n°34 - 500g","p":1.88,"u":"3,76 €/KG","img":"https://fd9-photos.leclercdrive.fr/image.ashx?id=3004441&use=l&cat=p&typeid=i","cat":284427},{"id":48891,"n":"Pâtes De Cecco Penne rigate n°41 - 500g","p":1.87,"u":"3,74 €/KG","img":"https://fd9-photos.leclercdrive.fr/image.ashx?id=3005359&use=l&cat=p&typeid=i","cat":284427},{"id":48915,"n":"Sauce Arôme Maggi 1kg","p":5.92,"u":"5,92 €/KG","img":"https://fd9-photos.leclercdrive.fr/image.ashx?id=2785352&use=l&cat=p&typeid=i","cat":288379},{"id":49077,"n":"Biscuit P'tit Deli  Chocolat lait - 150g","p":1.58,"u":"10,53 €/KG","img":"https://fd9-photos.leclercdrive.fr/image.ashx?id=1993206&use=l&cat=p&typeid=i","cat":284488},{"id":49079,"n":"Petites madeleines P'tit Deli  Pépites de chocolat - 400g","p":1.68,"u":"4,20 €/KG","img":"https://fd9-photos.leclercdrive.fr/image.ashx?id=2999511&use=l&cat=p&typeid=i","cat":284492},{"id":49083,"n":"Biscuit palmier feuilleté Eco+ 100g","p":0.42,"u":"4,20 €/KG","img":"https://fd9-photos.leclercdrive.fr/image.ashx?id=2521743&use=l&cat=p&typeid=i","cat":284487},{"id":49131,"n":"Gin Bombay Sapphire 40° - 70cl","p":22.33,"u":"31,90 €/L","img":"https://fd9-photos.leclercdrive.fr/image.ashx?id=2842879&use=l&cat=p&typeid=i","cat":284550},{"id":49268,"n":"Poisson MSC bébé Yooji Saumon - Dès 6 mois - 120g","p":5.04,"u":"42,00 €/KG","img":"https://fd9-photos.leclercdrive.fr/image.ashx?id=2530678&use=l&cat=p&typeid=i","cat":290631},{"id":49294,"n":"Cotons Démaquillants Demak'Up Original - x105","p":1.36,"u":"0,01 €/P","img":"https://fd9-photos.leclercdrive.fr/image.ashx?id=2745274&use=l&cat=p&typeid=i","cat":284636},{"id":49295,"n":"Cotons Démaquillants Demak'Up Ovale sensitive - x48","p":1.5,"u":"0,03 €/P","img":"https://fd9-photos.leclercdrive.fr/image.ashx?id=2745277&use=l&cat=p&typeid=i","cat":284636},{"id":49296,"n":"Barre Chocolat au Lait Lion x10 barres - 420g","p":3.73,"u":"8,88 €/KG","img":"https://fd9-photos.leclercdrive.fr/image.ashx?id=2736988&use=l&cat=p&typeid=i","cat":284498},{"id":49298,"n":"Biscuits croquant Nutella &Go! Pâte à tartiner x2 packs - 104g","p":2.19,"u":"21,06 €/KG","img":"https://fd9-photos.leclercdrive.fr/image.ashx?id=2737240&use=l&cat=p&typeid=i","cat":284488},{"id":49306,"n":"Gel anti-calcaire Calgon  Hygiène Plus - 2,25L","p":15.09,"u":"6,71 €/L","img":"https://fd9-photos.leclercdrive.fr/image.ashx?id=2953764&use=l&cat=p&typeid=i","cat":284653},{"id":49327,"n":"Déodorant Bille Homme Nivea Men Black&White Original - 50ml","p":1.92,"u":"38,40 €/L","img":"https://fd9-photos.leclercdrive.fr/image.ashx?id=2165815&use=l&cat=p&typeid=i","cat":284618},{"id":49333,"n":"Déodorant bille Men Expert Carbon Protection 48h - 50ml","p":2.55,"u":"51,00 €/L","img":"https://fd9-photos.leclercdrive.fr/image.ashx?id=2394561&use=l&cat=p&typeid=i","cat":284618},{"id":49340,"n":"Cornichons Eco+ Au vinaigre - 190g","p":0.88,"u":"4,63 €/KG","img":"https://fd9-photos.leclercdrive.fr/image.ashx?id=2551954&use=l&cat=p&typeid=i","cat":284458},{"id":49342,"n":"Moutarde Eco+ Forte au vinaigre - 850g","p":1.7,"u":"2,00 €/KG","img":"https://fd9-photos.leclercdrive.fr/image.ashx?id=2954325&use=l&cat=p&typeid=i","cat":288850},{"id":49354,"n":"Olives Noires Grecques Tramier  Dénoyautées 220g","p":2.54,"u":"25,40 €/KG","img":"https://fd9-photos.leclercdrive.fr/image.ashx?id=2836340&use=l&cat=p&typeid=i","cat":284450},{"id":49385,"n":"Litchis St-Mamet Dénoyautés - 250g","p":3.68,"u":"14,72 €/KG","img":"https://fd9-photos.leclercdrive.fr/image.ashx?id=2474215&use=l&cat=p&typeid=i","cat":284507},{"id":49495,"n":"Soufflés Tornades Tokapi Fromage- 4x85g","p":2.88,"u":"8,47 €/KG","img":"https://fd9-photos.leclercdrive.fr/image.ashx?id=2982631&use=l&cat=p&typeid=i","cat":284449},{"id":49497,"n":"Soufflés Tornades Tokapi Paprika- 4x85g","p":2.92,"u":"8,59 €/KG","img":"https://fd9-photos.leclercdrive.fr/image.ashx?id=2982628&use=l&cat=p&typeid=i","cat":284449},{"id":49624,"n":"Vin Union Européenne rosé Champlure - BIB 5L","p":13.8,"u":"2,76 €/L","img":"https://fd9-photos.leclercdrive.fr/image.ashx?id=2552523&use=l&cat=p&typeid=i","cat":289560},{"id":49636,"n":"Biscuits Baiocchi Mulino Bianco Chocolat noisette Snack - 336g","p":2.7,"u":"8,04 €/KG","img":"https://fd9-photos.leclercdrive.fr/image.ashx?id=2787962&use=l&cat=p&typeid=i","cat":284488},{"id":49639,"n":"Haricots verts Rochefontaine Extra-fins - 345g","p":3.31,"u":"9,59 €/KG","img":"https://fd9-photos.leclercdrive.fr/image.ashx?id=2101459&use=l&cat=p&typeid=i","cat":312606},{"id":49649,"n":"Sauce Tomate Cuisinée Heinz Ail & Oignon x2 - 210g","p":1.45,"u":"3,45 €/KG","img":"https://fd9-photos.leclercdrive.fr/image.ashx?id=2926990&use=l&cat=p&typeid=i","cat":288384},{"id":49653,"n":"Chapelure dorée Tipiak 250g","p":0.62,"u":"2,48 €/KG","img":"https://fd9-photos.leclercdrive.fr/image.ashx?id=2563490&use=l&cat=p&typeid=i","cat":288382},{"id":49659,"n":"Huile de noix Cauvin Bouteille - 25cl","p":3.17,"u":"12,68 €/L","img":"https://fd9-photos.leclercdrive.fr/image.ashx?id=2482318&use=l&cat=p&typeid=i","cat":284453},{"id":49682,"n":"Yaourt La Laitière Vanille - 4x125g","p":1.91,"u":"3,82 €/KG","img":"https://fd9-photos.leclercdrive.fr/image.ashx?id=2650393&use=l&cat=p&typeid=i","cat":286006},{"id":49700,"n":"Matin Léger Bio de Lactel Sans lactose 1.2%mg - 6x1L","p":12.41,"u":"2,07 €/L","img":"https://fd9-photos.leclercdrive.fr/image.ashx?id=2883552&use=l&cat=p&typeid=i","cat":317169},{"id":49800,"n":"Chorizo doux César Moroni   200g","p":2.72,"u":"13,60 €/KG","img":"https://fd9-photos.leclercdrive.fr/image.ashx?id=2854420&use=l&cat=p&typeid=i","cat":316006},{"id":49805,"n":"Cocktail Piña colada Caraibos Sans alcool - 75cl","p":2.67,"u":"3,56 €/L","img":"https://fd9-photos.leclercdrive.fr/image.ashx?id=3011299&use=l&cat=p&typeid=i","cat":284549},{"id":49825,"n":"Croco Pik Haribo  Sachet bonbons acidulés - 275g","p":1.69,"u":"6,15 €/KG","img":"https://fd9-photos.leclercdrive.fr/image.ashx?id=2802350&use=l&cat=p&typeid=i","cat":304250},{"id":49828,"n":"Happy Life Haribo Sachet bonbons - 275g","p":1.48,"u":"5,38 €/KG","img":"https://fd9-photos.leclercdrive.fr/image.ashx?id=2803577&use=l&cat=p&typeid=i","cat":304250},{"id":49845,"n":"Jus multifruits Jafaden Brique, ABC - 2L","p":2.65,"u":"1,33 €/L","img":"https://fd9-photos.leclercdrive.fr/image.ashx?id=2759220&use=l&cat=p&typeid=i","cat":284917},{"id":49851,"n":"Limonade Sprink's 1.5L","p":0.95,"u":"0,63 €/L","img":"https://fd9-photos.leclercdrive.fr/image.ashx?id=2913721&use=l&cat=p&typeid=i","cat":284531},{"id":49863,"n":"Pizza feu de bois  Turini  Saumon  - 420g","p":2.45,"u":"5,83 €/KG","img":"https://fd9-photos.leclercdrive.fr/image.ashx?id=2816579&use=l&cat=p&typeid=i","cat":284256},{"id":49865,"n":"Steak haché Authentique Charal Pur Bœuf 10% MG  8x125g - 1kg","p":14.25,"u":"14,25 €/KG","img":"https://fd9-photos.leclercdrive.fr/image.ashx?id=2741955&use=l&cat=p&typeid=i","cat":319778},{"id":49870,"n":"Protection Absorbante Tena Men  Médium - x10","p":4.63,"u":"0,46 €/P","img":"https://fd9-photos.leclercdrive.fr/image.ashx?id=2428573&use=l&cat=p&typeid=i","cat":291514},{"id":49872,"n":"Tampons Tampax Compak Pearl Super - x18","p":2.75,"u":"0,15 €/P","img":"https://fd9-photos.leclercdrive.fr/image.ashx?id=2956616&use=l&cat=p&typeid=i","cat":284626},{"id":49880,"n":"Boisson concentrée Frucci Menthe avec édulcorants - 75cl","p":2.39,"u":"3,19 €/L","img":"https://fd9-photos.leclercdrive.fr/image.ashx?id=2909903&use=l&cat=p&typeid=i","cat":295020},{"id":49881,"n":"Sirop Frucci Zero Grenadine avec edulcorants-75cl","p":2.49,"u":"3,32 €/L","img":"https://fd9-photos.leclercdrive.fr/image.ashx?id=2397663&use=l&cat=p&typeid=i","cat":295020},{"id":49882,"n":"Sirop Frucci Zero Pêche avec édulcorants - 75cl","p":2.35,"u":"3,13 €/L","img":"https://fd9-photos.leclercdrive.fr/image.ashx?id=2397666&use=l&cat=p&typeid=i","cat":295020},{"id":49900,"n":"Feuilletés fromage fondu Eco+ 650g","p":1.61,"u":"2,48 €/KG","img":"https://fd9-photos.leclercdrive.fr/image.ashx?id=2079792&use=l&cat=p&typeid=i","cat":319776},{"id":49930,"n":"Yaourt douceur Le Petit Basque Brebis nature - 4x100g","p":2.79,"u":"6,98 €/KG","img":"https://fd9-photos.leclercdrive.fr/image.ashx?id=2248084&use=l&cat=p&typeid=i","cat":314998},{"id":49932,"n":"Fromage Pavé d'Affinois Original - 180g","p":2.67,"u":"14,83 €/KG","img":"https://fd9-photos.leclercdrive.fr/image.ashx?id=2644070&use=l&cat=p&typeid=i","cat":314030},{"id":49952,"n":"Boisson énergisante Monster Canette refermable - 55.3cl","p":1.84,"u":"3,33 €/L","img":"https://fd9-photos.leclercdrive.fr/image.ashx?id=2883720&use=l&cat=p&typeid=i","cat":284533},{"id":49956,"n":"Soda à l'orange Orangina Sans Sucres - 1,5L","p":1.69,"u":"1,13 €/L","img":"https://fd9-photos.leclercdrive.fr/image.ashx?id=2946496&use=l&cat=p&typeid=i","cat":284532},{"id":49971,"n":"Frites Pom Bistro à la Graisse de Canard - 500g","p":3.32,"u":"6,64 €/KG","img":"https://fd9-photos.leclercdrive.fr/image.ashx?id=2866412&use=l&cat=p&typeid=i","cat":319791},{"id":49991,"n":"Tortillas wrap Poco Loco  25cmx6 - 370g","p":2.48,"u":"6,70 €/KG","img":"https://fd9-photos.leclercdrive.fr/image.ashx?id=2672542&use=l&cat=p&typeid=i","cat":288993},{"id":49997,"n":"Boisson aux fruits Oasis Mini Tropical - 6x25cl","p":3.24,"u":"2,16 €/L","img":"https://fd9-photos.leclercdrive.fr/image.ashx?id=2684443&use=l&cat=p&typeid=i","cat":295018},{"id":50017,"n":"Confit de tomates séchées  Les Tartinables Florelli 190g","p":2.16,"u":"11,37 €/KG","img":"https://fd9-photos.leclercdrive.fr/image.ashx?id=3011671&use=l&cat=p&typeid=i","cat":289010},{"id":50053,"n":"Eau gazeuse minérale Salvetat pauvre en sodium - 6x50cl","p":2.56,"u":"0,85 €/L","img":"https://fd9-photos.leclercdrive.fr/image.ashx?id=2533469&use=l&cat=p&typeid=i","cat":284536},{"id":50082,"n":"Dessert fruits mixés Sojasun Myrtilles - 4x100g","p":1.71,"u":"4,28 €/KG","img":"https://fd9-photos.leclercdrive.fr/image.ashx?id=2355680&use=l&cat=p&typeid=i","cat":316071},{"id":50083,"n":"Taboulé aux tomates  Garbit - 730g","p":2.76,"u":"3,78 €/KG","img":"https://fd9-photos.leclercdrive.fr/image.ashx?id=2901905&use=l&cat=p&typeid=i","cat":325094},{"id":50106,"n":"Nems au Porc Tables du Monde x4 - 280g","p":1.76,"u":"6,29 €/KG","img":"https://fd9-photos.leclercdrive.fr/image.ashx?id=1760305&use=l&cat=p&typeid=i","cat":333673},{"id":50123,"n":"Vinaigrette Puget  Ciboulette/échalotes - 33cl","p":2.32,"u":"7,03 €/L","img":"https://fd9-photos.leclercdrive.fr/image.ashx?id=2912146&use=l&cat=p&typeid=i","cat":284456},{"id":50131,"n":"Compotes Pom'Potes Gourdes  Multivariétés - 20x90g","p":7.47,"u":"4,15 €/KG","img":"https://fd9-photos.leclercdrive.fr/image.ashx?id=3010930&use=l&cat=p&typeid=i","cat":284508},{"id":50132,"n":"Compotes Pom'Potes Gourdes  Multivariétés Inédits - 12x90g","p":5.56,"u":"5,15 €/KG","img":"https://fd9-photos.leclercdrive.fr/image.ashx?id=2870170&use=l&cat=p&typeid=i","cat":284508},{"id":50135,"n":"Lingettes Textil Anti-transfert - x40","p":3.71,"u":"0,09 €/P","img":"https://fd9-photos.leclercdrive.fr/image.ashx?id=1646489&use=l&cat=p&typeid=i","cat":290450},{"id":50211,"n":"Pain Bruschetta La Boulangère 400g","p":2.17,"u":"5,43 €/KG","img":"https://fd9-photos.leclercdrive.fr/image.ashx?id=2912404&use=l&cat=p&typeid=i","cat":284985},{"id":50218,"n":"Tronches de Cake St Michel 175g","p":1.77,"u":"10,11 €/KG","img":"https://fd9-photos.leclercdrive.fr/image.ashx?id=2949946&use=l&cat=p&typeid=i","cat":284495},{"id":50226,"n":"Biscuits sablés Granola Chocolat au lait - 3x200g","p":4.29,"u":"7,15 €/KG","img":"https://fd9-photos.leclercdrive.fr/image.ashx?id=3009125&use=l&cat=p&typeid=i","cat":284488},{"id":50231,"n":"Biscuit Dinosaurus Lotus Chocolat au lait - 225g","p":2.07,"u":"9,20 €/KG","img":"https://fd9-photos.leclercdrive.fr/image.ashx?id=2859815&use=l&cat=p&typeid=i","cat":284488},{"id":50245,"n":"Range couverts Ardence Vertical - x1","p":2.9,"img":"https://fd9-photos.leclercdrive.fr/image.ashx?id=1655865&use=l&cat=p&typeid=i","cat":334135},{"id":50257,"n":"Jus d'orange Jafaden Pur jus sans pulpe - 6x1L","p":11.94,"u":"1,99 €/L","img":"https://fd9-photos.leclercdrive.fr/image.ashx?id=1167416&use=l&cat=p&typeid=i","cat":284521},{"id":50360,"n":"Mousse à Raser Nivea Men Peaux Sensibles - 200 ml","p":2.44,"u":"12,20 €/L","img":"https://fd9-photos.leclercdrive.fr/image.ashx?id=3005212&use=l&cat=p&typeid=i","cat":284617},{"id":50362,"n":"Gel à Raser Nivea Men Peaux Sensibles - 200ml","p":2.29,"u":"11,45 €/L","img":"https://fd9-photos.leclercdrive.fr/image.ashx?id=2945724&use=l&cat=p&typeid=i","cat":284617},{"id":50363,"n":"Crème adhésive Polident Original - 40g","p":3.84,"u":"96,00 €/KG","img":"https://fd9-photos.leclercdrive.fr/image.ashx?id=2605467&use=l&cat=p&typeid=i","cat":285158},{"id":50459,"n":"Fromage à Tartiner St Môret  Nature - 150g","p":2.02,"u":"13,47 €/KG","img":"https://fd9-photos.leclercdrive.fr/image.ashx?id=2755468&use=l&cat=p&typeid=i","cat":314029},{"id":50490,"n":"Détacheur sang Dr Beckman 50ml","p":1.88,"u":"37,60 €/L","img":"https://fd9-photos.leclercdrive.fr/image.ashx?id=2973955&use=l&cat=p&typeid=i","cat":284651},{"id":50493,"n":"Détacheur graisse Dr Beckman 50ml","p":1.79,"u":"35,80 €/L","img":"https://fd9-photos.leclercdrive.fr/image.ashx?id=3011797&use=l&cat=p&typeid=i","cat":284651},{"id":50548,"n":"Lait de croissance Lactel Nature - 6x1L","p":10.78,"u":"1,80 €/L","img":"https://fd9-photos.leclercdrive.fr/image.ashx?id=2927438&use=l&cat=p&typeid=i","cat":284728},{"id":50570,"n":"Eau aromatisée Cristaline Fraise - 1.5L","p":0.97,"u":"0,65 €/L","img":"https://fd9-photos.leclercdrive.fr/image.ashx?id=2417255&use=l&cat=p&typeid=i","cat":284537},{"id":50585,"n":"Haricots verts d'aucy  Extra-fins - 440g","p":1.71,"u":"3,89 €/KG","img":"https://fd9-photos.leclercdrive.fr/image.ashx?id=2527370&use=l&cat=p&typeid=i","cat":312606},{"id":50590,"n":"Lentilles préparées D'aucy  530g","p":1.5,"u":"2,83 €/KG","img":"https://fd9-photos.leclercdrive.fr/image.ashx?id=2560597&use=l&cat=p&typeid=i","cat":312609},{"id":50592,"n":"Pois chiches Sultanines 265g","p":0.91,"u":"3,43 €/KG","img":"https://fd9-photos.leclercdrive.fr/image.ashx?id=1920223&use=l&cat=p&typeid=i","cat":312609},{"id":50596,"n":"Dentifrice Bio Vademecum Protection complète - 75ml","p":2.41,"u":"32,13 €/L","img":"https://fd9-photos.leclercdrive.fr/image.ashx?id=2520102&use=l&cat=p&typeid=i","cat":284612},{"id":50672,"n":"Biscuits à la cuillère x30 Bonne Maman - 250g","p":4.69,"u":"18,76 €/KG","img":"https://fd9-photos.leclercdrive.fr/image.ashx?id=2936152&use=l&cat=p&typeid=i","cat":284487},{"id":50673,"n":"Financier amandes Bonne Maman 250g","p":3.61,"u":"14,44 €/KG","img":"https://fd9-photos.leclercdrive.fr/image.ashx?id=2936176&use=l&cat=p&typeid=i","cat":284492},{"id":50674,"n":"Quatre quarts Bonne Maman 500g","p":2.99,"u":"5,98 €/KG","img":"https://fd9-photos.leclercdrive.fr/image.ashx?id=2936158&use=l&cat=p&typeid=i","cat":294776},{"id":50675,"n":"Gâteau Bonne Maman  Marbré chocolat - 475g","p":3.02,"u":"6,36 €/KG","img":"https://fd9-photos.leclercdrive.fr/image.ashx?id=2936161&use=l&cat=p&typeid=i","cat":294776},{"id":50676,"n":"Madeleine coquille St Michel  Oeuf plein air x24 - 600g","p":3.26,"u":"5,43 €/KG","img":"https://fd9-photos.leclercdrive.fr/image.ashx?id=2936197&use=l&cat=p&typeid=i","cat":284492},{"id":50680,"n":"Barre Chocolatée KINDER Country  Céréales chocolat x15 - 352,5g","p":4.66,"u":"13,24 €/KG","img":"https://fd9-photos.leclercdrive.fr/image.ashx?id=2231903&use=l&cat=p&typeid=i","cat":284498},{"id":50682,"n":"Gâteau Ker Cadélac Le Moelleux Original - 500g","p":2.38,"u":"4,76 €/KG","img":"https://fd9-photos.leclercdrive.fr/image.ashx?id=2955797&use=l&cat=p&typeid=i","cat":294776},{"id":50683,"n":"Barre marbré  Ker Cadélac  Cacao - 500g","p":2.49,"u":"4,98 €/KG","img":"https://fd9-photos.leclercdrive.fr/image.ashx?id=2939508&use=l&cat=p&typeid=i","cat":294776},{"id":50688,"n":"Pains au chocolat Pasquier  x16 - 720g","p":4.1,"u":"5,69 €/KG","img":"https://fd9-photos.leclercdrive.fr/image.ashx?id=2686837&use=l&cat=p&typeid=i","cat":296366},{"id":50689,"n":"Croissants Pasquier x8 - 320g","p":1.82,"u":"5,69 €/KG","img":"https://fd9-photos.leclercdrive.fr/image.ashx?id=2853053&use=l&cat=p&typeid=i","cat":296366},{"id":50714,"n":"Biscottes Heudebert  Goût brioché - 290g","p":1.65,"u":"5,69 €/KG","img":"https://fd9-photos.leclercdrive.fr/image.ashx?id=3001979&use=l&cat=p&typeid=i","cat":284479},{"id":50734,"n":"Soda Sprink's Orange - 1.5L","p":1.2,"u":"0,80 €/L","img":"https://fd9-photos.leclercdrive.fr/image.ashx?id=2925979&use=l&cat=p&typeid=i","cat":284532},{"id":50736,"n":"Blancs de poulet Eco+ 4 tranches - 180g","p":1.31,"u":"7,28 €/KG","img":"https://fd9-photos.leclercdrive.fr/image.ashx?id=2683634&use=l&cat=p&typeid=i","cat":316010},{"id":50739,"n":"Bacon fumé Eco+ 12 tranches - 150g","p":1.48,"u":"9,87 €/KG","img":"https://fd9-photos.leclercdrive.fr/image.ashx?id=2837111&use=l&cat=p&typeid=i","cat":316007},{"id":50770,"n":"Pâtes serpentin Turini  Cuisson rapide - 500g","p":1.16,"u":"2,32 €/KG","img":"https://fd9-photos.leclercdrive.fr/image.ashx?id=2607560&use=l&cat=p&typeid=i","cat":284427},{"id":50773,"n":"Dés de jambon Eco+ 2x100G","p":1.65,"u":"8,25 €/KG","img":"https://fd9-photos.leclercdrive.fr/image.ashx?id=2930936&use=l&cat=p&typeid=i","cat":316011},{"id":50778,"n":"Jambon qualité choix Eco+ 10 tranches - 500g","p":4.26,"u":"8,52 €/KG","img":"https://fd9-photos.leclercdrive.fr/image.ashx?id=2970492&use=l&cat=p&typeid=i","cat":316009},{"id":50779,"n":"Saucisse de Strasbourg Eco+ x10 - 350g","p":1.19,"u":"3,40 €/KG","img":"https://fd9-photos.leclercdrive.fr/image.ashx?id=2794856&use=l&cat=p&typeid=i","cat":316012},{"id":50781,"n":"Saucisson cuit à l'ail Eco+ nature - 400g","p":1.62,"u":"4,05 €/KG","img":"https://fd9-photos.leclercdrive.fr/image.ashx?id=2675789&use=l&cat=p&typeid=i","cat":316006},{"id":50802,"n":"Huile d'olive Tramier Vierge extra - 75cl","p":8.05,"u":"10,73 €/L","img":"https://fd9-photos.leclercdrive.fr/image.ashx?id=2769807&use=l&cat=p&typeid=i","cat":284453},{"id":50810,"n":"Sauce Tomates Barilla Arrabbiata - 400g","p":1.65,"u":"4,13 €/KG","img":"https://fd9-photos.leclercdrive.fr/image.ashx?id=2832509&use=l&cat=p&typeid=i","cat":287599},{"id":50863,"n":"Savon verveine Petit Olivier 2x100g","p":2.06,"u":"10,30 €/KG","img":"https://fd9-photos.leclercdrive.fr/image.ashx?id=2144839&use=l&cat=p&typeid=i","cat":284597},{"id":50903,"n":"Rana Feuilles de lasagnes Fraîches - 250g","p":2.28,"u":"9,12 €/KG","img":"https://fd9-photos.leclercdrive.fr/image.ashx?id=2529144&use=l&cat=p&typeid=i","cat":333682},{"id":50915,"n":"Gnocchi à poêler Lustucru Fromage - 300g","p":1.72,"u":"5,73 €/KG","img":"https://fd9-photos.leclercdrive.fr/image.ashx?id=3014482&use=l&cat=p&typeid=i","cat":333682},{"id":50984,"n":"Soda zéro Sprink's Agrumes - 1,5L","p":0.76,"u":"0,51 €/L","img":"https://fd9-photos.leclercdrive.fr/image.ashx?id=2913724&use=l&cat=p&typeid=i","cat":284532},{"id":50991,"n":"Fruits au sirop St Mamet Ananas en tranches - 345g","p":2.74,"u":"7,94 €/KG","img":"https://fd9-photos.leclercdrive.fr/image.ashx?id=2630226&use=l&cat=p&typeid=i","cat":284507},{"id":51004,"n":"Sucre de canne Daddy Demi morceaux - 750g","p":2.12,"u":"2,83 €/KG","img":"https://fd9-photos.leclercdrive.fr/image.ashx?id=2907950&use=l&cat=p&typeid=i","cat":284502},{"id":51046,"n":"Mouchoirs blancs 3 plis Eco+ x15","p":0.97,"u":"0,06 €/P","img":"https://fd9-photos.leclercdrive.fr/image.ashx?id=2041861&use=l&cat=p&typeid=i","cat":284638},{"id":51047,"n":"Biscuits Petit Brun extra 300g","p":1.37,"u":"4,57 €/KG","img":"https://fd9-photos.leclercdrive.fr/image.ashx?id=3002264&use=l&cat=p&typeid=i","cat":284487},{"id":51048,"n":"Lentilles Notre Jardin 3x130g","p":2.09,"u":"5,36 €/KG","img":"https://fd9-photos.leclercdrive.fr/image.ashx?id=3002617&use=l&cat=p&typeid=i","cat":312609},{"id":51089,"n":"Soda Sprink's Aux agrumes - 1.5L","p":1.4,"u":"0,93 €/L","img":"https://fd9-photos.leclercdrive.fr/image.ashx?id=2913727&use=l&cat=p&typeid=i","cat":284532},{"id":51203,"n":"Filets de maqueraux Saupiquet  Vin blanc - 3x176g","p":5.99,"u":"11,34 €/KG","img":"https://fd9-photos.leclercdrive.fr/image.ashx?id=2826969&use=l&cat=p&typeid=i","cat":303868},{"id":51254,"n":"Eau aromatisée O'Fresh Pêche - 1.5L","p":0.91,"u":"0,61 €/L","img":"https://fd9-photos.leclercdrive.fr/image.ashx?id=2450029&use=l&cat=p&typeid=i","cat":284537},{"id":51268,"n":"Eau aromatisée O'Fresh Fraise - 1.5L","p":0.75,"u":"0,50 €/L","img":"https://fd9-photos.leclercdrive.fr/image.ashx?id=2450044&use=l&cat=p&typeid=i","cat":284537},{"id":51271,"n":"Tablette chocolat Côte d'Or Noir extra - 3x100g","p":3.72,"u":"12,40 €/KG","img":"https://fd9-photos.leclercdrive.fr/image.ashx?id=2875564&use=l&cat=p&typeid=i","cat":284956},{"id":51274,"n":"Tablette chocolat Côte d'Or Chocolar lait/ Raisin - 180g","p":3.47,"u":"19,28 €/KG","img":"https://fd9-photos.leclercdrive.fr/image.ashx?id=2961272&use=l&cat=p&typeid=i","cat":284497},{"id":51275,"n":"Tablette chocolat Côte d'Or Chocolat lait/Noisettes - 180g","p":3.02,"u":"16,78 €/KG","img":"https://fd9-photos.leclercdrive.fr/image.ashx?id=2993140&use=l&cat=p&typeid=i","cat":284497},{"id":51276,"n":"Tablette chocolat Côte d'Or Chocolat noir/Noisettes - 180g","p":3.13,"u":"17,39 €/KG","img":"https://fd9-photos.leclercdrive.fr/image.ashx?id=2993143&use=l&cat=p&typeid=i","cat":284956},{"id":51289,"n":"Fromage Blanc Calin Nature - 0% extra - 850g","p":2.24,"u":"2,64 €/KG","img":"https://fd9-photos.leclercdrive.fr/image.ashx?id=2973724&use=l&cat=p&typeid=i","cat":315000},{"id":51346,"n":"Dessert liégeois Viennois Vanille lit de caramel - 4x100g","p":1.64,"u":"4,10 €/KG","img":"https://fd9-photos.leclercdrive.fr/image.ashx?id=2692122&use=l&cat=p&typeid=i","cat":285042},{"id":51353,"n":"Fromage Cantal jeune NRT AOP  200g","p":3.19,"u":"15,95 €/KG","img":"https://fd9-photos.leclercdrive.fr/image.ashx?id=2934832&use=l&cat=p&typeid=i","cat":314034},{"id":51392,"n":"Yaourts à la Grecque Délisse Lit de fruit jaunes - 4x150g","p":1.99,"u":"3,32 €/KG","img":"https://fd9-photos.leclercdrive.fr/image.ashx?id=2699699&use=l&cat=p&typeid=i","cat":314999},{"id":51395,"n":"Profiteroles Délisse 4x90g","p":2.49,"u":"6,92 €/KG","img":"https://fd9-photos.leclercdrive.fr/image.ashx?id=2415562&use=l&cat=p&typeid=i","cat":284419},{"id":51607,"n":"Fromage enfant Kiri Goûter 8 portions barquettes - 280g","p":3.36,"u":"12,00 €/KG","img":"https://fd9-photos.leclercdrive.fr/image.ashx?id=2972886&use=l&cat=p&typeid=i","cat":314030},{"id":51669,"n":"IGP Pays d'Oc blanc Viognier Jean-Claude Mas 13.5%vol - 75cl","p":4.5,"u":"6,00 €/L","img":"https://fd9-photos.leclercdrive.fr/image.ashx?id=2490314&use=l&cat=p&typeid=i","cat":289557},{"id":51722,"n":"Bâtonnet Magic Smicy Mutlifruits x8 - 320g","p":2.51,"u":"7,84 €/KG","img":"https://fd9-photos.leclercdrive.fr/image.ashx?id=2133942&use=l&cat=p&typeid=i","cat":285250},{"id":51750,"n":"Sel fin La Baleine Iodé - 500g","p":0.51,"u":"1,02 €/KG","img":"https://fd9-photos.leclercdrive.fr/image.ashx?id=1752100&use=l&cat=p&typeid=i","cat":284457},{"id":51751,"n":"Cacolac Chocolat Canettes Pack - 6x25cl","p":4.92,"u":"3,28 €/L","img":"https://fd9-photos.leclercdrive.fr/image.ashx?id=2554623&use=l&cat=p&typeid=i","cat":295246},{"id":51865,"n":"Bière blonde Kronenbourg 4,2° - 10x25cl","p":5.23,"u":"2,09 €/L","img":"https://fd9-photos.leclercdrive.fr/image.ashx?id=2992750&use=l&cat=p&typeid=i","cat":334873},{"id":51935,"n":"Goûter laitier Récré O'Lé Gourdes Saveur Vanille - 12x85g","p":5.65,"u":"5,54 €/KG","img":"https://fd9-photos.leclercdrive.fr/image.ashx?id=2795213&use=l&cat=p&typeid=i","cat":284506},{"id":51980,"n":"Lait demi-écrémé Délisse UHT -  6x25cl","p":3.36,"u":"2,24 €/L","img":"https://fd9-photos.leclercdrive.fr/image.ashx?id=2971503&use=l&cat=p&typeid=i","cat":284377},{"id":52001,"n":"Pâte à pizza fine Herta Rectangulaire - 390g","p":1.52,"u":"3,90 €/KG","img":"https://fd9-photos.leclercdrive.fr/image.ashx?id=2976110&use=l&cat=p&typeid=i","cat":333681},{"id":52002,"n":"HERTA Pâte à pizza fine & ronde 265g","p":1.15,"u":"4,34 €/KG","img":"https://fd9-photos.leclercdrive.fr/image.ashx?id=2975674&use=l&cat=p&typeid=i","cat":333681},{"id":52006,"n":"Blinis Ronde des Mers Medium x8 - 160g","p":1.69,"u":"10,56 €/KG","img":"https://fd9-photos.leclercdrive.fr/image.ashx?id=2981888&use=l&cat=p&typeid=i","cat":285191},{"id":52071,"n":"Tortillas Table du Monde De maïs - 320g","p":1.69,"u":"5,28 €/KG","img":"https://fd9-photos.leclercdrive.fr/image.ashx?id=2679759&use=l&cat=p&typeid=i","cat":288993},{"id":52080,"n":"Emmental fromage rapé Les Croisés - 1kg","p":7.97,"u":"7,97 €/KG","img":"https://fd9-photos.leclercdrive.fr/image.ashx?id=2832990&use=l&cat=p&typeid=i","cat":314035},{"id":52090,"n":"Pizza Turini 3 Fromages - 3x350g","p":5.3,"u":"5,05 €/KG","img":"https://fd9-photos.leclercdrive.fr/image.ashx?id=2815247&use=l&cat=p&typeid=i","cat":284256},{"id":52091,"n":"Aiguillettes canard Périgord NRT - 300g","p":6.95,"u":"23,17 €/KG","img":"https://fd9-photos.leclercdrive.fr/image.ashx?id=2753532&use=l&cat=p&typeid=i","cat":284339},{"id":52096,"n":"Confit de figues NRT De Provence - 150g","p":1.87,"u":"12,47 €/KG","img":"https://fd9-photos.leclercdrive.fr/image.ashx?id=2839995&use=l&cat=p&typeid=i","cat":284480},{"id":52104,"n":"Gaufres P'tit Deli Poudrées - 260g","p":1.69,"u":"6,50 €/KG","img":"https://fd9-photos.leclercdrive.fr/image.ashx?id=959510&use=l&cat=p&typeid=i","cat":294777},{"id":52105,"n":"Mini brownies chocolat  Sans gluten - 240g","p":3.24,"u":"13,50 €/KG","img":"https://fd9-photos.leclercdrive.fr/image.ashx?id=1196210&use=l&cat=p&typeid=i","cat":318654},{"id":52115,"n":"Ail Rustica  250g","p":3.29,"u":"13,16 €/KG","img":"https://fd9-photos.leclercdrive.fr/image.ashx?id=2341894&use=l&cat=p&typeid=i","cat":319804},{"id":52117,"n":"Persil et ail Rustica   250g","p":3.33,"u":"13,32 €/KG","img":"https://fd9-photos.leclercdrive.fr/image.ashx?id=2341897&use=l&cat=p&typeid=i","cat":319804},{"id":52118,"n":"Persil Rustica 250g","p":3.29,"u":"13,16 €/KG","img":"https://fd9-photos.leclercdrive.fr/image.ashx?id=2835205&use=l&cat=p&typeid=i","cat":319804},{"id":52126,"n":"Crème brulée Tyrolia Eskiss 350g","p":2.1,"u":"6,00 €/KG","img":"https://fd9-photos.leclercdrive.fr/image.ashx?id=1879363&use=l&cat=p&typeid=i","cat":284266},{"id":52136,"n":"Mozzarella Pic'Express 250g","p":2.99,"u":"11,96 €/KG","img":"https://fd9-photos.leclercdrive.fr/image.ashx?id=2678800&use=l&cat=p&typeid=i","cat":319774},{"id":52139,"n":"Confit d'oignons NRT 150g","p":1.87,"u":"12,47 €/KG","img":"https://fd9-photos.leclercdrive.fr/image.ashx?id=2839998&use=l&cat=p&typeid=i","cat":284458},{"id":52141,"n":"Bâtonnets Dentastix Pedigree Moyen chien x7 - 180g","p":2.23,"u":"12,39 €/KG","img":"https://fd9-photos.leclercdrive.fr/image.ashx?id=2981301&use=l&cat=p&typeid=i","cat":294527},{"id":52143,"n":"Bâtonnets Dentastix Pedigree Petit chien x7 - 110g","p":1.77,"u":"16,09 €/KG","img":"https://fd9-photos.leclercdrive.fr/image.ashx?id=2832338&use=l&cat=p&typeid=i","cat":294527},{"id":52148,"n":"Filet de poulet Fleury Michon pommes de terre - 300g","p":3.23,"u":"10,77 €/KG","img":"https://fd9-photos.leclercdrive.fr/image.ashx?id=2656754&use=l&cat=p&typeid=i","cat":333665},{"id":52171,"n":"Noix de coco Vahiné  Râpée - 115g","p":1.77,"u":"15,39 €/KG","img":"https://fd9-photos.leclercdrive.fr/image.ashx?id=2559811&use=l&cat=p&typeid=i","cat":284504},{"id":52174,"n":"Raisins blond Vahiné  125g","p":1.59,"u":"12,72 €/KG","img":"https://fd9-photos.leclercdrive.fr/image.ashx?id=2606253&use=l&cat=p&typeid=i","cat":284357},{"id":52175,"n":"Raisins secs Vahiné  125g","p":1.6,"u":"12,80 €/KG","img":"https://fd9-photos.leclercdrive.fr/image.ashx?id=2559820&use=l&cat=p&typeid=i","cat":284357},{"id":52335,"n":"Sauce tomate cuisinée Panzani Tube légumes - 180g","p":0.93,"u":"5,17 €/KG","img":"https://fd9-photos.leclercdrive.fr/image.ashx?id=2984751&use=l&cat=p&typeid=i","cat":288384},{"id":52388,"n":"Crème anti-âge So Bio Etic Plaisir d'argan bio - 50ml","p":8.81,"u":"176,20 €/L","img":"https://fd9-photos.leclercdrive.fr/image.ashx?id=2988587&use=l&cat=p&typeid=i","cat":325345},{"id":52539,"n":"Pur jus de citron Jardin Bio Bio - 50cl","p":2.71,"u":"5,42 €/L","img":"https://fd9-photos.leclercdrive.fr/image.ashx?id=3014524&use=l&cat=p&typeid=i","cat":288383},{"id":52540,"n":"Pur jus de citron Jardin Bio Bio - 25cl","p":1.72,"u":"6,88 €/L","img":"https://fd9-photos.leclercdrive.fr/image.ashx?id=2673745&use=l&cat=p&typeid=i","cat":288383},{"id":52582,"n":"Sauce Bolognaise Panzani - 210G","p":1.34,"u":"6,38 €/KG","img":"https://fd9-photos.leclercdrive.fr/image.ashx?id=2977927&use=l&cat=p&typeid=i","cat":287599},{"id":52625,"n":"Sauce Pommes de Terre Bénédicta - 255g","p":1.53,"u":"5,88 €/KG","img":"https://fd9-photos.leclercdrive.fr/image.ashx?id=2689925&use=l&cat=p&typeid=i","cat":318430},{"id":52631,"n":"Sauce Béarnaise Bénédicta - 260g","p":1.32,"u":"5,08 €/KG","img":"https://fd9-photos.leclercdrive.fr/image.ashx?id=2689931&use=l&cat=p&typeid=i","cat":318430},{"id":52633,"n":"Sauce Tartare Bénédicta - 260g","p":1.49,"u":"5,73 €/KG","img":"https://fd9-photos.leclercdrive.fr/image.ashx?id=2689940&use=l&cat=p&typeid=i","cat":318430},{"id":52634,"n":"Sauce Bourguignonne Bénédicta - 260g","p":1.38,"u":"5,11 €/KG","img":"https://fd9-photos.leclercdrive.fr/image.ashx?id=2689943&use=l&cat=p&typeid=i","cat":318430},{"id":52673,"n":"Fromage Burger cheddar/emmental Président - 12 tranches - 200g","p":1.5,"u":"7,50 €/KG","img":"https://fd9-photos.leclercdrive.fr/image.ashx?id=2445024&use=l&cat=p&typeid=i","cat":314028},{"id":52679,"n":"Fromage cabecou Rians 22%mg - 3x35g","p":2.25,"u":"21,43 €/KG","img":"https://fd9-photos.leclercdrive.fr/image.ashx?id=2668455&use=l&cat=p&typeid=i","cat":314031},{"id":52684,"n":"Cheddar fromage râpé  Les Croisés - 200g","p":2.39,"u":"11,95 €/KG","img":"https://fd9-photos.leclercdrive.fr/image.ashx?id=2044381&use=l&cat=p&typeid=i","cat":314035},{"id":52757,"n":"Biscuits sablés Granola Chocolat au lait - 2x200g","p":2.74,"u":"6,85 €/KG","img":"https://fd9-photos.leclercdrive.fr/image.ashx?id=2347275&use=l&cat=p&typeid=i","cat":284488},{"id":52787,"n":"Velouté Pursoup' Liebig Légumes du soleil - 2x1L","p":5.18,"u":"2,59 €/L","img":"https://fd9-photos.leclercdrive.fr/image.ashx?id=2385425&use=l&cat=p&typeid=i","cat":284462},{"id":52788,"n":"Velouté Pursoup' Liebig Légumes facon pôelée - 2x1L","p":5.18,"u":"2,59 €/L","img":"https://fd9-photos.leclercdrive.fr/image.ashx?id=2385428&use=l&cat=p&typeid=i","cat":284462},{"id":52790,"n":"Fromage mi-chèvre Soignon 180g","p":1.97,"u":"10,94 €/KG","img":"https://fd9-photos.leclercdrive.fr/image.ashx?id=2734357&use=l&cat=p&typeid=i","cat":314031},{"id":52804,"n":"Fromage à Raclette RichesMonts  Classique 18 Tranches - 420g","p":5.01,"u":"11,93 €/KG","img":"https://fd9-photos.leclercdrive.fr/image.ashx?id=2953489&use=l&cat=p&typeid=i","cat":314037},{"id":52811,"n":"Fromage raclette fumée Les Croisés 26%mg - 250g","p":2.99,"u":"11,96 €/KG","img":"https://fd9-photos.leclercdrive.fr/image.ashx?id=2793236&use=l&cat=p&typeid=i","cat":314037},{"id":52812,"n":"Yaourt nature bifidus Activia 16x125g","p":4.57,"u":"2,29 €/KG","img":"https://fd9-photos.leclercdrive.fr/image.ashx?id=2831675&use=l&cat=p&typeid=i","cat":315000},{"id":52816,"n":"yaourt nature bifidus Activia 8x125g","p":2.89,"u":"2,89 €/KG","img":"https://fd9-photos.leclercdrive.fr/image.ashx?id=2741709&use=l&cat=p&typeid=i","cat":315000},{"id":52951,"n":"Café dosettes Tassimo Thé vert menthe x16","p":4.86,"u":"121,50 €/KG","img":"https://fd9-photos.leclercdrive.fr/image.ashx?id=2100368&use=l&cat=p&typeid=i","cat":293233},{"id":52958,"n":"Café dosettes Tassimo L'Or Espresso Classique x16","p":4.27,"u":"41,06 €/KG","img":"https://fd9-photos.leclercdrive.fr/image.ashx?id=2507335&use=l&cat=p&typeid=i","cat":293240},{"id":52961,"n":"Gnocchi Bio Village Bio - 300g","p":2.18,"u":"7,27 €/KG","img":"https://fd9-photos.leclercdrive.fr/image.ashx?id=2607960&use=l&cat=p&typeid=i","cat":333682},{"id":52964,"n":"Essuie-tout blanc Mimosa Super absorbant - x4 compacts","p":4.95,"u":"1,24 €/P","img":"https://fd9-photos.leclercdrive.fr/image.ashx?id=2727398&use=l&cat=p&typeid=i","cat":284635},{"id":52979,"n":"Truite fumée de Bretagne NRT x4 - 120g","p":5.39,"u":"44,92 €/KG","img":"https://fd9-photos.leclercdrive.fr/image.ashx?id=2663851&use=l&cat=p&typeid=i","cat":285188},{"id":53003,"n":"Vin d'Espagne rouge Merlot Adrien Champaud - BIB 5L","p":9.99,"u":"2,00 €/L","img":"https://fd9-photos.leclercdrive.fr/image.ashx?id=2959728&use=l&cat=p&typeid=i","cat":289560},{"id":53064,"n":"Eponges grattantes Mamison  Vaisselle délicate - x2","p":1.26,"u":"0,63 €/P","img":"https://fd9-photos.leclercdrive.fr/image.ashx?id=2202440&use=l&cat=p&typeid=i","cat":284667},{"id":53065,"n":"Eponges grattantes Mamison  Récurage difficile - x2","p":1.27,"u":"0,64 €/P","img":"https://fd9-photos.leclercdrive.fr/image.ashx?id=1874129&use=l&cat=p&typeid=i","cat":284667},{"id":53067,"n":"Recharge désodorisant Bien Air  Floral - 15ml","p":1.55,"u":"103,33 €/L","img":"https://fd9-photos.leclercdrive.fr/image.ashx?id=2467655&use=l&cat=p&typeid=i","cat":311629},{"id":53135,"n":"Crozets de Savoie NRT Nature - 400g","p":2.35,"u":"5,88 €/KG","img":"https://fd9-photos.leclercdrive.fr/image.ashx?id=2856226&use=l&cat=p&typeid=i","cat":284427},{"id":53167,"n":"Gaufres liégoise P'tit Déli Nappée chocolat - x7 - 402g","p":2.61,"u":"6,49 €/KG","img":"https://fd9-photos.leclercdrive.fr/image.ashx?id=1077913&use=l&cat=p&typeid=i","cat":294777},{"id":53168,"n":"Snacks chats Tous mes amis Hygiène dentaire mini - 40g","p":0.99,"u":"24,75 €/KG","img":"https://fd9-photos.leclercdrive.fr/image.ashx?id=1946868&use=l&cat=p&typeid=i","cat":285285},{"id":53412,"n":"Activateur biologique Eparcyl  Fosse septique - 864g x24","p":6.33,"u":"7,33 €/KG","img":"https://fd9-photos.leclercdrive.fr/image.ashx?id=2890085&use=l&cat=p&typeid=i","cat":284908},{"id":53432,"n":"Cidre normand Les Goelleries Doux, 2% - 2x75cl","p":3.58,"u":"2,39 €/L","img":"https://fd9-photos.leclercdrive.fr/image.ashx?id=2445814&use=l&cat=p&typeid=i","cat":334880},{"id":53469,"n":"Cidre breton Les Goelleries Doux, 2%vol - 2x75cl","p":4.24,"u":"2,83 €/L","img":"https://fd9-photos.leclercdrive.fr/image.ashx?id=2442430&use=l&cat=p&typeid=i","cat":334880},{"id":53479,"n":"AOP Côtes du Rhône rouge Vieille Vignes - 75cl","p":3.69,"u":"4,92 €/L","img":"https://fd9-photos.leclercdrive.fr/image.ashx?id=2487317&use=l&cat=p&typeid=i","cat":289556},{"id":53489,"n":"Pizza Espagnole  430g","p":6.9,"u":"16,05 €/KG","img":"https://fd9-photos.leclercdrive.fr/image.ashx?id=724436&use=l&cat=p&typeid=i","cat":333679},{"id":53508,"n":"Fine chapelure de pain Tipiak 275g","p":0.55,"u":"2,00 €/KG","img":"https://fd9-photos.leclercdrive.fr/image.ashx?id=2594124&use=l&cat=p&typeid=i","cat":288382},{"id":53600,"n":"Recharge spray Bien Air Automatique japon - 250ml","p":2.39,"u":"9,56 €/L","img":"https://fd9-photos.leclercdrive.fr/image.ashx?id=2974963&use=l&cat=p&typeid=i","cat":311629},{"id":53606,"n":"Salade Mexicaine Côté Snack Au thon - 250g","p":1.89,"u":"7,56 €/KG","img":"https://fd9-photos.leclercdrive.fr/image.ashx?id=2884255&use=l&cat=p&typeid=i","cat":284437},{"id":53607,"n":"Salade Piémontaise Côté Snack Thon - 250g","p":1.9,"u":"7,60 €/KG","img":"https://fd9-photos.leclercdrive.fr/image.ashx?id=2394675&use=l&cat=p&typeid=i","cat":284437},{"id":53663,"n":"Dés d'épaule Fleury Michon - 2x75g","p":1.58,"u":"10,53 €/KG","img":"https://fd9-photos.leclercdrive.fr/image.ashx?id=2650429&use=l&cat=p&typeid=i","cat":316011},{"id":53679,"n":"Dissolvant Diadermine Douceur - 125ml","p":1.89,"u":"15,12 €/L","img":"https://fd9-photos.leclercdrive.fr/image.ashx?id=2334926&use=l&cat=p&typeid=i","cat":325347},{"id":53776,"n":"Brioche tressée Pasquier Nature - 630g","p":2.7,"u":"4,29 €/KG","img":"https://fd9-photos.leclercdrive.fr/image.ashx?id=2850946&use=l&cat=p&typeid=i","cat":284478},{"id":53783,"n":"Lait de coco Suzi Wan 200ml","p":1.15,"u":"5,75 €/L","img":"https://fd9-photos.leclercdrive.fr/image.ashx?id=3002177&use=l&cat=p&typeid=i","cat":288992},{"id":53816,"n":"Chocolats Ferrero Collection Assortiments x32- 359g","p":12.48,"u":"34,76 €/KG","img":"https://fd9-photos.leclercdrive.fr/image.ashx?id=2940507&use=l&cat=p&typeid=i","cat":327595},{"id":53820,"n":"Madeleines Armor Délices x13 - 430g","p":3.68,"u":"8,56 €/KG","img":"https://fd9-photos.leclercdrive.fr/image.ashx?id=2788688&use=l&cat=p&typeid=i","cat":284492},{"id":53899,"n":"Eau minérale gazeuse Perrier  Naturelle - 6x1L","p":3.77,"u":"0,63 €/L","img":"https://fd9-photos.leclercdrive.fr/image.ashx?id=2454463&use=l&cat=p&typeid=i","cat":284536},{"id":53902,"n":"Eau minérale gazeuse Perrier  Fines bulles - 6x1L","p":3.66,"u":"0,61 €/L","img":"https://fd9-photos.leclercdrive.fr/image.ashx?id=2830924&use=l&cat=p&typeid=i","cat":284536},{"id":54176,"n":"Pâte feuilletée sans gluten Chaque Jour Sans Gluten - 280g","p":1.99,"u":"7,11 €/KG","img":"https://fd9-photos.leclercdrive.fr/image.ashx?id=2896024&use=l&cat=p&typeid=i","cat":333681},{"id":54298,"n":"Désodorisant Bien Air Mèche active muguet - 375ml","p":1.65,"u":"4,40 €/L","img":"https://fd9-photos.leclercdrive.fr/image.ashx?id=2777803&use=l&cat=p&typeid=i","cat":311628},{"id":54299,"n":"Désodorisant Bien Air Mèche active Fruit rouge 375ml","p":1.65,"u":"4,40 €/L","img":"https://fd9-photos.leclercdrive.fr/image.ashx?id=2777806&use=l&cat=p&typeid=i","cat":311628},{"id":54300,"n":"Désodorisant Bien Air Mèche active agrume 375ml","p":1.65,"u":"4,40 €/L","img":"https://fd9-photos.leclercdrive.fr/image.ashx?id=2777809&use=l&cat=p&typeid=i","cat":311628},{"id":54314,"n":"Pur Jus de tomates NRT Du Lot-et-Garonne - 1L","p":2.09,"u":"2,09 €/L","img":"https://fd9-photos.leclercdrive.fr/image.ashx?id=2590505&use=l&cat=p&typeid=i","cat":284523},{"id":54346,"n":"Barre Chocolatée KINDER Country  Céréales chocolat x10 - 235g","p":3.64,"u":"15,49 €/KG","img":"https://fd9-photos.leclercdrive.fr/image.ashx?id=2231942&use=l&cat=p&typeid=i","cat":284498},{"id":54385,"n":"Coupelles Ananas DDV Sirop léger - 4x70g","p":2.74,"u":"9,79 €/KG","img":"https://fd9-photos.leclercdrive.fr/image.ashx?id=2100793&use=l&cat=p&typeid=i","cat":284507},{"id":54386,"n":"Gâteau multicouche P'tit Déli Genoise fourré chocolat - 175g","p":1.27,"u":"7,26 €/KG","img":"https://fd9-photos.leclercdrive.fr/image.ashx?id=2416538&use=l&cat=p&typeid=i","cat":284495},{"id":54387,"n":"Pains Hot Dog Epi d'Or x4 - 250g","p":1.41,"u":"5,64 €/KG","img":"https://fd9-photos.leclercdrive.fr/image.ashx?id=2147414&use=l&cat=p&typeid=i","cat":284985},{"id":54396,"n":"Salade Catalane Côté Snack Thon à la catalane - 250g","p":2.17,"u":"8,68 €/KG","img":"https://fd9-photos.leclercdrive.fr/image.ashx?id=2910589&use=l&cat=p&typeid=i","cat":284437},{"id":54398,"n":"Serviette Tissaia Gris cintrée 50x100cm","p":5.45,"img":"https://fd9-photos.leclercdrive.fr/image.ashx?id=2207754&use=l&cat=p&typeid=i","cat":286694},{"id":54404,"n":"Sauce Tomacouli Panzani - 3X200G","p":1.56,"u":"2,60 €/KG","img":"https://fd9-photos.leclercdrive.fr/image.ashx?id=2744623&use=l&cat=p&typeid=i","cat":288384},{"id":54405,"n":"Sauce Tomacouli Panzani - 700G","p":1.54,"u":"2,20 €/KG","img":"https://fd9-photos.leclercdrive.fr/image.ashx?id=2744632&use=l&cat=p&typeid=i","cat":288384},{"id":54415,"n":"Bâtonnet à mâcher Dentalife  Petit chien - x21 - 345g","p":3.8,"u":"11,01 €/KG","img":"https://fd9-photos.leclercdrive.fr/image.ashx?id=2897339&use=l&cat=p&typeid=i","cat":294527},{"id":54416,"n":"Bâtonnet à macher Dentalife Chien moyen - 345g","p":3.73,"u":"10,81 €/KG","img":"https://fd9-photos.leclercdrive.fr/image.ashx?id=2896426&use=l&cat=p&typeid=i","cat":294527},{"id":54417,"n":"Barre chocolat lait P'tit Déli x5 - 130g","p":1.5,"u":"11,54 €/KG","img":"https://fd9-photos.leclercdrive.fr/image.ashx?id=2568936&use=l&cat=p&typeid=i","cat":284488},{"id":54422,"n":"Spray automatique Bien Air + recharge - 250ml","p":5.98,"u":"23,92 €/L","img":"https://fd9-photos.leclercdrive.fr/image.ashx?id=1184976&use=l&cat=p&typeid=i","cat":311629},{"id":54430,"n":"Salade Italienne Côté Snack Au thon - 250g","p":2.18,"u":"8,72 €/KG","img":"https://fd9-photos.leclercdrive.fr/image.ashx?id=2927910&use=l&cat=p&typeid=i","cat":284437},{"id":54471,"n":"Madeleines longues Le Ster Marbrées choco - 250g","p":1.54,"u":"6,16 €/KG","img":"https://fd9-photos.leclercdrive.fr/image.ashx?id=2962548&use=l&cat=p&typeid=i","cat":284492},{"id":54473,"n":"Madeleines longues Le Ster Nature  - 250g","p":1.33,"u":"5,32 €/KG","img":"https://fd9-photos.leclercdrive.fr/image.ashx?id=2962545&use=l&cat=p&typeid=i","cat":284492},{"id":54482,"n":"Gâteaux Mini roulés Lulu LU Fraise - 150g","p":1.87,"u":"12,47 €/KG","img":"https://fd9-photos.leclercdrive.fr/image.ashx?id=2182876&use=l&cat=p&typeid=i","cat":284495},{"id":54494,"n":"Biscuits Petit Ecolier LU Chocolat au lait - 2x150g","p":3.3,"u":"11,00 €/KG","img":"https://fd9-photos.leclercdrive.fr/image.ashx?id=3009122&use=l&cat=p&typeid=i","cat":284488},{"id":54496,"n":"Gâteaux fourrés Milka Chocolat - 175g","p":1.52,"u":"8,69 €/KG","img":"https://fd9-photos.leclercdrive.fr/image.ashx?id=3005338&use=l&cat=p&typeid=i","cat":284495},{"id":54520,"n":"Pâte a pizza Tablier Blanc Rectangle - 385g","p":1.3,"u":"3,38 €/KG","img":"https://fd9-photos.leclercdrive.fr/image.ashx?id=2635925&use=l&cat=p&typeid=i","cat":333681},{"id":54540,"n":"AOC Crémant Limoux Aguila Brut - 75cl","p":6.39,"pp":4.79,"u":"6,39 €/L","img":"https://fd9-photos.leclercdrive.fr/image.ashx?id=2792243&use=l&cat=p&typeid=i","cat":284544},{"id":54612,"n":"Corn Flakes bio Bio Village Nature - 375g","p":2.41,"u":"6,43 €/KG","img":"https://fd9-photos.leclercdrive.fr/image.ashx?id=1993218&use=l&cat=p&typeid=i","cat":309513},{"id":54659,"n":"Rôti de dinde Maître Coq Marrons & Figues - 700g","p":9.49,"u":"13,56 €/KG","img":"https://fd9-photos.leclercdrive.fr/image.ashx?id=2238936&use=l&cat=p&typeid=i","cat":327289},{"id":54660,"n":"Rôti de dinde Maître Coq Forestier cuit - 700g","p":9.49,"u":"13,56 €/KG","img":"https://fd9-photos.leclercdrive.fr/image.ashx?id=2238939&use=l&cat=p&typeid=i","cat":327289},{"id":54744,"n":"Soupe Délice Liebig Potiron/châtaigne - 2x1L","p":5.18,"u":"2,59 €/L","img":"https://fd9-photos.leclercdrive.fr/image.ashx?id=2926257&use=l&cat=p&typeid=i","cat":284462},{"id":54857,"n":"Polenta Turini  500g","p":1.19,"u":"2,38 €/KG","img":"https://fd9-photos.leclercdrive.fr/image.ashx?id=2682792&use=l&cat=p&typeid=i","cat":284431},{"id":54860,"n":"Mix apéritif Bio Village  Bio -  120g","p":2.74,"u":"22,83 €/KG","img":"https://fd9-photos.leclercdrive.fr/image.ashx?id=1944243&use=l&cat=p&typeid=i","cat":284448},{"id":54926,"n":"Mousse liégeoise Viennois  Café - 4x90g","p":1.66,"u":"4,61 €/KG","img":"https://fd9-photos.leclercdrive.fr/image.ashx?id=2729788&use=l&cat=p&typeid=i","cat":284417},{"id":54944,"n":"Cône Nestlé Extrême  Café intense - 6x71g","p":3.58,"u":"8,40 €/KG","img":"https://fd9-photos.leclercdrive.fr/image.ashx?id=3000435&use=l&cat=p&typeid=i","cat":284264},{"id":54956,"n":"Macarons Autour Du Dessert Assortiment - x12","p":4.82,"img":"https://fd9-photos.leclercdrive.fr/image.ashx?id=1710504&use=l&cat=p&typeid=i","cat":284267},{"id":54958,"n":"Cône Extrême Nestle Menthe chocolat - 6x71g","p":3.65,"u":"8,57 €/KG","img":"https://fd9-photos.leclercdrive.fr/image.ashx?id=2737048&use=l&cat=p&typeid=i","cat":284264},{"id":55090,"n":"AOP Bordeaux rouge Mouton Cadet - 75cl","p":6.95,"u":"9,27 €/L","img":"https://fd9-photos.leclercdrive.fr/image.ashx?id=2959940&use=l&cat=p&typeid=i","cat":289556},{"id":55102,"n":"Dentifrice expert Bionaïa Menthe Bio - 75ml","p":1.79,"u":"23,87 €/L","img":"https://fd9-photos.leclercdrive.fr/image.ashx?id=2529540&use=l&cat=p&typeid=i","cat":284612},{"id":55160,"n":"Brioche tréssée Pasquier Tranchée Pépite chocolat - 500g","p":2.82,"u":"5,64 €/KG","img":"https://fd9-photos.leclercdrive.fr/image.ashx?id=2971969&use=l&cat=p&typeid=i","cat":284478},{"id":55197,"n":"Plat bébé soir Blédiner 12 mois Macaroni ratatouille - 2x200g","p":2.33,"u":"5,83 €/KG","img":"https://fd9-photos.leclercdrive.fr/image.ashx?id=2845826&use=l&cat=p&typeid=i","cat":312239},{"id":55206,"n":"Plat bébé Blédina 12 mois Pâtes tomate jambon - 2x200g","p":2.7,"u":"6,75 €/KG","img":"https://fd9-photos.leclercdrive.fr/image.ashx?id=2975071&use=l&cat=p&typeid=i","cat":312237},{"id":55229,"n":"AOP Côtes de Bergerac blanc Moelleux Feuille d'or - 75 cl","p":3.28,"u":"4,37 €/L","img":"https://fd9-photos.leclercdrive.fr/image.ashx?id=2578187&use=l&cat=p&typeid=i","cat":289557},{"id":55275,"n":"Bougie Bien Air Soirée d'hiver 30heures - x1","p":2.34,"img":"https://fd9-photos.leclercdrive.fr/image.ashx?id=2399755&use=l&cat=p&typeid=i","cat":284666},{"id":55276,"n":"Brosse adhésive  Mamison Textile 36 feuilles","p":2.29,"img":"https://fd9-photos.leclercdrive.fr/image.ashx?id=1063565&use=l&cat=p&typeid=i","cat":284669},{"id":55343,"n":"Biscuits à thé Delacre Tea Time Assortiment Boîte Métal - 1kg","p":13.54,"u":"13,54 €/KG","img":"https://fd9-photos.leclercdrive.fr/image.ashx?id=2867969&use=l&cat=p&typeid=i","cat":284490},{"id":55377,"n":"Bougie Bien Air Fruits rouges 30heures - x1","p":2.19,"img":"https://fd9-photos.leclercdrive.fr/image.ashx?id=2399758&use=l&cat=p&typeid=i","cat":284666},{"id":55381,"n":"Cacahuètes Tokapi  Grillées à sec - 120g","p":0.47,"u":"3,92 €/KG","img":"https://fd9-photos.leclercdrive.fr/image.ashx?id=2799778&use=l&cat=p&typeid=i","cat":284448},{"id":55415,"n":"Bougie Bien Air Anti-tabac 30h - x1","p":1.85,"img":"https://fd9-photos.leclercdrive.fr/image.ashx?id=2999613&use=l&cat=p&typeid=i","cat":284666},{"id":55416,"n":"Recharge adhésive Mamison  36 feuilles-  x2","p":2.22,"img":"https://fd9-photos.leclercdrive.fr/image.ashx?id=1066450&use=l&cat=p&typeid=i","cat":284669},{"id":55439,"n":"Salade Niçoise Côté Snack Au thon - 250g","p":1.77,"u":"7,08 €/KG","img":"https://fd9-photos.leclercdrive.fr/image.ashx?id=2394672&use=l&cat=p&typeid=i","cat":284437},{"id":55442,"n":"Salade Parisienne Côté Snack Au thon - 250g","p":2.49,"u":"9,96 €/KG","img":"https://fd9-photos.leclercdrive.fr/image.ashx?id=2394678&use=l&cat=p&typeid=i","cat":284437},{"id":55474,"n":"Mix Patisserie Schar Sans gluten - 1kg","p":5.9,"u":"5,90 €/KG","img":"https://fd9-photos.leclercdrive.fr/image.ashx?id=2439950&use=l&cat=p&typeid=i","cat":284504},{"id":55527,"n":"Vin d'Espagne blanc François D'Aubigné - 150 cl","p":1.99,"u":"1,33 €/L","img":"https://fd9-photos.leclercdrive.fr/image.ashx?id=2678642&use=l&cat=p&typeid=i","cat":289557},{"id":55528,"n":"Vin d'Espagne rosé François D'Aubigné - 150 cl","p":1.99,"u":"1,33 €/L","img":"https://fd9-photos.leclercdrive.fr/image.ashx?id=1916277&use=l&cat=p&typeid=i","cat":289558},{"id":55529,"n":"Vin d'Espagne rouge François D'Aubigné - 150 cl","p":1.99,"u":"1,33 €/L","img":"https://fd9-photos.leclercdrive.fr/image.ashx?id=1977341&use=l&cat=p&typeid=i","cat":289556},{"id":55531,"n":"Vin d'Espagne rouge François D'Aubigné - BIB 5L","p":6.19,"u":"1,24 €/L","img":"https://fd9-photos.leclercdrive.fr/image.ashx?id=2484663&use=l&cat=p&typeid=i","cat":289560},{"id":55573,"n":"Soda Coca-Cola Original Bouteille - 1L","p":1.7,"u":"1,70 €/L","img":"https://fd9-photos.leclercdrive.fr/image.ashx?id=2194409&use=l&cat=p&typeid=i","cat":284530},{"id":55642,"n":"Ramette Esquisse x500 - A4 - 100g - Ultra blanc","p":7.99,"img":"https://fd9-photos.leclercdrive.fr/image.ashx?id=2943250&use=l&cat=p&typeid=i","cat":284697},{"id":55700,"n":"Haricots Verts Cassegrain Extra Fins Ceuillis main 110g","p":1.27,"u":"11,55 €/KG","img":"https://fd9-photos.leclercdrive.fr/image.ashx?id=2913034&use=l&cat=p&typeid=i","cat":312606},{"id":55816,"n":"Lingettes désinfectantes 2en1 x10 lingettes","p":1.52,"img":"https://fd9-photos.leclercdrive.fr/image.ashx?id=2832981&use=l&cat=p&typeid=i","cat":284630},{"id":55887,"n":"Bougie Bien Air Vanille Caramel 30h - x1","p":1.8,"img":"https://fd9-photos.leclercdrive.fr/image.ashx?id=2399761&use=l&cat=p&typeid=i","cat":284666},{"id":56155,"n":"Jambon des Pyrénées NRT x4 - 100g","p":2.99,"u":"29,90 €/KG","img":"https://fd9-photos.leclercdrive.fr/image.ashx?id=2670452&use=l&cat=p&typeid=i","cat":316007},{"id":56156,"n":"Saucisson sec des Pyrénées NRT 250g","p":4.49,"u":"17,96 €/KG","img":"https://fd9-photos.leclercdrive.fr/image.ashx?id=2917178&use=l&cat=p&typeid=i","cat":316006},{"id":56157,"n":"Saucisse sèche des Pyrénées NRT 250g","p":4.49,"u":"17,96 €/KG","img":"https://fd9-photos.leclercdrive.fr/image.ashx?id=2917181&use=l&cat=p&typeid=i","cat":316006},{"id":56418,"n":"Vinaigre de cidre Bio Village Bio 75cl","p":2.09,"u":"2,79 €/L","img":"https://fd9-photos.leclercdrive.fr/image.ashx?id=1069902&use=l&cat=p&typeid=i","cat":298543},{"id":56435,"n":"Bouillon Kub Or Maggi  Déshydraté dégraissé - 128g","p":1.59,"u":"12,42 €/KG","img":"https://fd9-photos.leclercdrive.fr/image.ashx?id=2953977&use=l&cat=p&typeid=i","cat":288379},{"id":56440,"n":"Biscuit Citron Yuzu GERBLE  sans sucre 6 132g","p":1.89,"u":"14,32 €/KG","img":"https://fd9-photos.leclercdrive.fr/image.ashx?id=2664016&use=l&cat=p&typeid=i","cat":318653},{"id":56444,"n":"Biscuits chocolat amande GERBLE  - 4x4, 200g","p":1.81,"u":"9,05 €/KG","img":"https://fd9-photos.leclercdrive.fr/image.ashx?id=2967004&use=l&cat=p&typeid=i","cat":318651},{"id":56452,"n":"Cookie Cacao GERBLE  sans sucres - 130g","p":2.21,"u":"17,00 €/KG","img":"https://fd9-photos.leclercdrive.fr/image.ashx?id=2575057&use=l&cat=p&typeid=i","cat":318653},{"id":56456,"n":"Biscuit Coco GERBLE  sans sucre - 132g","p":1.93,"u":"14,62 €/KG","img":"https://fd9-photos.leclercdrive.fr/image.ashx?id=2662826&use=l&cat=p&typeid=i","cat":318653},{"id":56457,"n":"Biscuit Sésame Vanille GERBLE  sans sucres - 132g","p":1.97,"u":"14,92 €/KG","img":"https://fd9-photos.leclercdrive.fr/image.ashx?id=2664013&use=l&cat=p&typeid=i","cat":318653},{"id":56464,"n":"Biscuit fourré cacao GERBLE   sans sucre 6 185g","p":2.67,"u":"14,43 €/KG","img":"https://fd9-photos.leclercdrive.fr/image.ashx?id=2662832&use=l&cat=p&typeid=i","cat":318653},{"id":56468,"n":"Goûters 4S aux pommes Gerblé 360g","p":2.05,"u":"5,69 €/KG","img":"https://fd9-photos.leclercdrive.fr/image.ashx?id=2860907&use=l&cat=p&typeid=i","cat":318651},{"id":56511,"n":"Galettes sarrasin Bretagne NRT x6 - 300g","p":1.89,"u":"6,30 €/KG","img":"https://fd9-photos.leclercdrive.fr/image.ashx?id=2770268&use=l&cat=p&typeid=i","cat":333672},{"id":56517,"n":"Eau minérale naturelle Contrex 6x1.5L","p":2.94,"u":"0,33 €/L","img":"https://fd9-photos.leclercdrive.fr/image.ashx?id=2758773&use=l&cat=p&typeid=i","cat":284535},{"id":56547,"n":"Flocons d'avoine bio Bio Village - 500g","p":1.49,"u":"2,98 €/KG","img":"https://fd9-photos.leclercdrive.fr/image.ashx?id=2387124&use=l&cat=p&typeid=i","cat":309512},{"id":56558,"n":"Croquettes chat Tous mes amis Boeuf/poulet/légumes - 7.5kg","p":10.46,"u":"1,39 €/KG","img":"https://fd9-photos.leclercdrive.fr/image.ashx?id=2319118&use=l&cat=p&typeid=i","cat":284680},{"id":56571,"n":"Tomates entières pelées bio Bio Village - 240g","p":1.04,"u":"4,33 €/KG","img":"https://fd9-photos.leclercdrive.fr/image.ashx?id=2302982&use=l&cat=p&typeid=i","cat":312608},{"id":56610,"n":"Fromage à tartiner Madame Loïk Fouetté Nature - 180g","p":1.79,"u":"9,94 €/KG","img":"https://fd9-photos.leclercdrive.fr/image.ashx?id=2948015&use=l&cat=p&typeid=i","cat":314029},{"id":56679,"n":"Biscuits Milka Choco suprême - 3x180g","p":6.23,"u":"11,54 €/KG","img":"https://fd9-photos.leclercdrive.fr/image.ashx?id=2792948&use=l&cat=p&typeid=i","cat":284488},{"id":56683,"n":"Pur jus d'ananas Bio Village  Bio - 1L","p":3.81,"u":"3,81 €/L","img":"https://fd9-photos.leclercdrive.fr/image.ashx?id=2520050&use=l&cat=p&typeid=i","cat":284916},{"id":56763,"n":"Vinaigre de vin Rustica  25cl","p":0.89,"u":"3,56 €/L","img":"https://fd9-photos.leclercdrive.fr/image.ashx?id=1072903&use=l&cat=p&typeid=i","cat":298543},{"id":56765,"n":"Vinaigre de cidre Rustica 25cl","p":0.79,"u":"3,16 €/L","img":"https://fd9-photos.leclercdrive.fr/image.ashx?id=1072906&use=l&cat=p&typeid=i","cat":298543},{"id":56767,"n":"Vinaigre balsamique Rustica De Modène - 25cl","p":1.27,"u":"5,08 €/L","img":"https://fd9-photos.leclercdrive.fr/image.ashx?id=1938915&use=l&cat=p&typeid=i","cat":298543},{"id":56770,"n":"Fleur de sel de Guérande IGP  NRT - 125g","p":2.49,"u":"19,92 €/KG","img":"https://fd9-photos.leclercdrive.fr/image.ashx?id=2644924&use=l&cat=p&typeid=i","cat":284457},{"id":56831,"n":"Nuggets de poulet Maître Coq Sachet - 1kg","p":5.61,"u":"5,61 €/KG","img":"https://fd9-photos.leclercdrive.fr/image.ashx?id=2936404&use=l&cat=p&typeid=i","cat":319780},{"id":56845,"n":"Bâtonnets de poisson Findus  Colin d'Alaska MSC x16 - 448g","p":4.41,"u":"9,84 €/KG","img":"https://fd9-photos.leclercdrive.fr/image.ashx?id=2650684&use=l&cat=p&typeid=i","cat":319788},{"id":56852,"n":"Tablette de chocolat Côte d'or Lait Noisette - 4x180g","p":12.08,"u":"16,78 €/KG","img":"https://fd9-photos.leclercdrive.fr/image.ashx?id=2168660&use=l&cat=p&typeid=i","cat":284497},{"id":56853,"n":"Tablette de chocolat Côte d'or Noir noisette - 4x180g","p":12.0,"u":"16,67 €/KG","img":"https://fd9-photos.leclercdrive.fr/image.ashx?id=2167696&use=l&cat=p&typeid=i","cat":284956},{"id":56872,"n":"Tartiflette Côté Table  350g","p":2.74,"u":"7,83 €/KG","img":"https://fd9-photos.leclercdrive.fr/image.ashx?id=2102585&use=l&cat=p&typeid=i","cat":284953},{"id":56873,"n":"Hachis parmentier Côté Table 350g","p":2.53,"u":"7,23 €/KG","img":"https://fd9-photos.leclercdrive.fr/image.ashx?id=2393893&use=l&cat=p&typeid=i","cat":284953},{"id":56874,"n":"Lasagnes bolognaise Côté Table Barquette - 350g","p":2.39,"u":"6,83 €/KG","img":"https://fd9-photos.leclercdrive.fr/image.ashx?id=2476164&use=l&cat=p&typeid=i","cat":284953},{"id":56935,"n":"Pâte à tartiner Nutella 400g","p":3.33,"u":"8,33 €/KG","img":"https://fd9-photos.leclercdrive.fr/image.ashx?id=2935645&use=l&cat=p&typeid=i","cat":284481},{"id":56953,"n":"Cordons bleus Côté Croc Au poulet x2 - 200g","p":1.59,"u":"7,95 €/KG","img":"https://fd9-photos.leclercdrive.fr/image.ashx?id=2795568&use=l&cat=p&typeid=i","cat":333683},{"id":56967,"n":"Biscuits déli Matin P'tit Deli Pepites chocolat -  600g","p":3.3,"u":"5,50 €/KG","img":"https://fd9-photos.leclercdrive.fr/image.ashx?id=1878565&use=l&cat=p&typeid=i","cat":284491},{"id":56991,"n":"Eau de javel Clair Citron - 3x250ml","p":1.3,"u":"1,73 €/L","img":"https://fd9-photos.leclercdrive.fr/image.ashx?id=2949203&use=l&cat=p&typeid=i","cat":284661},{"id":56996,"n":"Jus de fruit Jafaden  Pur jus multifruits - 2L","p":2.69,"u":"1,35 €/L","img":"https://fd9-photos.leclercdrive.fr/image.ashx?id=2760807&use=l&cat=p&typeid=i","cat":284917},{"id":57017,"n":"Friandises chat Catisfactions Poulet - 60g","p":1.04,"u":"17,33 €/KG","img":"https://fd9-photos.leclercdrive.fr/image.ashx?id=2914762&use=l&cat=p&typeid=i","cat":285285},{"id":57040,"n":"Bière blanche 1664 Blanc 5° - 6x25cl","p":4.51,"u":"3,01 €/L","img":"https://fd9-photos.leclercdrive.fr/image.ashx?id=2886699&use=l&cat=p&typeid=i","cat":334878},{"id":57119,"n":"Super décapant cuisine Briochin Ecocert - 1L","p":3.68,"u":"3,68 €/L","img":"https://fd9-photos.leclercdrive.fr/image.ashx?id=3011401&use=l&cat=p&typeid=i","cat":325357},{"id":57151,"n":"Mousse Délisse Chocolat au lait - 8x60g","p":2.25,"u":"4,69 €/KG","img":"https://fd9-photos.leclercdrive.fr/image.ashx?id=3009517&use=l&cat=p&typeid=i","cat":284417},{"id":57274,"n":"Boisson aux fruits Oasis Goût Pomme Cassis Framboise 1L","p":1.71,"u":"1,71 €/L","img":"https://fd9-photos.leclercdrive.fr/image.ashx?id=3011083&use=l&cat=p&typeid=i","cat":295018},{"id":57275,"n":"Boisson aux fruits Oasis Tropical - 1L","p":1.55,"u":"1,55 €/L","img":"https://fd9-photos.leclercdrive.fr/image.ashx?id=2666638&use=l&cat=p&typeid=i","cat":295018},{"id":57284,"n":"AOC Prosecco Riccadonna Extra Dry - 11° - 75cl","p":6.13,"u":"8,17 €/L","img":"https://fd9-photos.leclercdrive.fr/image.ashx?id=2666303&use=l&cat=p&typeid=i","cat":289461},{"id":57307,"n":"Pur jus Jafaden Orange, raisin, clémentine, pamplemousse - 1L","p":2.29,"u":"2,29 €/L","img":"https://fd9-photos.leclercdrive.fr/image.ashx?id=2869799&use=l&cat=p&typeid=i","cat":284917},{"id":57314,"n":"Risotto Fleury Michon Poulet et cèpes - 280g","p":3.01,"u":"10,75 €/KG","img":"https://fd9-photos.leclercdrive.fr/image.ashx?id=3003281&use=l&cat=p&typeid=i","cat":333665},{"id":57691,"n":"Gourde bébé Babybio Bio 6 mois Pomme/poire/pêche - 4x90g","p":3.89,"u":"10,81 €/KG","img":"https://fd9-photos.leclercdrive.fr/image.ashx?id=2733319&use=l&cat=p&typeid=i","cat":312393},{"id":57713,"n":"Vin Union européenne blanc Lichette Alouettes - 5L","p":13.42,"u":"2,68 €/L","img":"https://fd9-photos.leclercdrive.fr/image.ashx?id=2859194&use=l&cat=p&typeid=i","cat":289557},{"id":57764,"n":"Pâtes Farfalle Panzani  3 Minutes - 500G","p":1.31,"u":"2,62 €/KG","img":"https://fd9-photos.leclercdrive.fr/image.ashx?id=2896090&use=l&cat=p&typeid=i","cat":284427},{"id":57767,"n":"Tablette de chocolat noir Lindt Framboise intense - 100g","p":2.2,"u":"22,00 €/KG","img":"https://fd9-photos.leclercdrive.fr/image.ashx?id=2689484&use=l&cat=p&typeid=i","cat":318654},{"id":57779,"n":"Capsules café Plantation Espresso n°5 - x16 - 92g","p":2.69,"u":"29,24 €/KG","img":"https://fd9-photos.leclercdrive.fr/image.ashx?id=2649729&use=l&cat=p&typeid=i","cat":293239},{"id":57782,"n":"Capsules café Plantation Cappuccino - 2x8 - 166g","p":3.45,"u":"20,78 €/KG","img":"https://fd9-photos.leclercdrive.fr/image.ashx?id=2607584&use=l&cat=p&typeid=i","cat":293239},{"id":57783,"n":"Capsules café Plantation Espresso forte n°7 - x16 - 105g","p":2.99,"u":"28,48 €/KG","img":"https://fd9-photos.leclercdrive.fr/image.ashx?id=2294558&use=l&cat=p&typeid=i","cat":293239},{"id":57785,"n":"Capsules café Plantation Lungo n°6 - x16 - 99.2g","p":2.69,"u":"27,17 €/KG","img":"https://fd9-photos.leclercdrive.fr/image.ashx?id=2294561&use=l&cat=p&typeid=i","cat":293239},{"id":57786,"n":"Capsules café Plantation Gigante n°5 - x16 - 112g","p":2.99,"u":"26,70 €/KG","img":"https://fd9-photos.leclercdrive.fr/image.ashx?id=2310455&use=l&cat=p&typeid=i","cat":293239},{"id":57796,"n":"Bonbons KINDER Schoko-Bons Chocolat au lait - 300G","p":5.0,"u":"16,67 €/KG","img":"https://fd9-photos.leclercdrive.fr/image.ashx?id=2439692&use=l&cat=p&typeid=i","cat":304238},{"id":57804,"n":"Tomato Ketchup Heinz - 570g","p":2.25,"u":"3,95 €/KG","img":"https://fd9-photos.leclercdrive.fr/image.ashx?id=2924944&use=l&cat=p&typeid=i","cat":284455},{"id":57812,"n":"Petits pots bébé P'TITE RECETTE Couscous 8M+ - 2x200g","p":1.74,"u":"4,35 €/KG","img":"https://fd9-photos.leclercdrive.fr/image.ashx?id=2525696&use=l&cat=p&typeid=i","cat":312236},{"id":57814,"n":"Petits pots bébé P'TITE RECETTE Hachis Parmentier 8M+ - 2x200g","p":1.86,"u":"4,65 €/KG","img":"https://fd9-photos.leclercdrive.fr/image.ashx?id=2629689&use=l&cat=p&typeid=i","cat":312236},{"id":57815,"n":"Petits pots bébé P'TITE RECETTE Spaghetti bolognaise 8m -2x200g","p":1.84,"u":"4,60 €/KG","img":"https://fd9-photos.leclercdrive.fr/image.ashx?id=2629683&use=l&cat=p&typeid=i","cat":312236},{"id":57821,"n":"Petits pots bébé PTIT SOUPER pâtes courgettes 6M+ - 2x200g","p":1.74,"u":"4,35 €/KG","img":"https://fd9-photos.leclercdrive.fr/image.ashx?id=2526523&use=l&cat=p&typeid=i","cat":312239},{"id":57823,"n":"Petits pots bébé P'TIT SOUPER Carottes semoule 6M+ - 2x200g","p":1.74,"u":"4,35 €/KG","img":"https://fd9-photos.leclercdrive.fr/image.ashx?id=2527109&use=l&cat=p&typeid=i","cat":312239},{"id":57824,"n":"Petits pots bébé P'TIT SOUPER Risotto carottes 12M+ - 2x200g","p":2.37,"u":"5,93 €/KG","img":"https://fd9-photos.leclercdrive.fr/image.ashx?id=2526526&use=l&cat=p&typeid=i","cat":312239},{"id":57883,"n":"Petits pots bébé P'TITE RECETTE  riz dinde 12M+ - 2x200g","p":1.84,"u":"4,60 €/KG","img":"https://fd9-photos.leclercdrive.fr/image.ashx?id=2629686&use=l&cat=p&typeid=i","cat":312237},{"id":57953,"n":"Papier cuisson Albal x16 feuilles","p":2.7,"img":"https://fd9-photos.leclercdrive.fr/image.ashx?id=2551447&use=l&cat=p&typeid=i","cat":334134},{"id":57956,"n":"Serviettes fuites urinaires  TENA Discreet - Mini - x20","p":3.45,"u":"0,17 €/P","img":"https://fd9-photos.leclercdrive.fr/image.ashx?id=2597241&use=l&cat=p&typeid=i","cat":284628},{"id":57957,"n":"Serviette Tena Lady Discreet - Normal - x12","p":3.68,"u":"0,31 €/P","img":"https://fd9-photos.leclercdrive.fr/image.ashx?id=2597235&use=l&cat=p&typeid=i","cat":284628},{"id":57983,"n":"Râpe Électrique Velvet Smooth Exfoliante et Contour des Pieds","p":21.97,"u":"Dont 0,17 € d'éco-part.","img":"https://fd9-photos.leclercdrive.fr/image.ashx?id=2465143&use=l&cat=p&typeid=i","cat":325354},{"id":57984,"n":"Râpe Électrique 2 en 1 Exfoliante et Lissante Pieds","p":22.0,"u":"Dont 0,17 € d'éco-part.","img":"https://fd9-photos.leclercdrive.fr/image.ashx?id=2457473&use=l&cat=p&typeid=i","cat":325354},{"id":58119,"n":"Madeleines longue pépites sucre Le Ster x20 - 250g","p":1.67,"u":"6,68 €/KG","img":"https://fd9-photos.leclercdrive.fr/image.ashx?id=2962566&use=l&cat=p&typeid=i","cat":284492},{"id":58141,"n":"Lentilles corail Bio Village Bio - 450g","p":1.97,"u":"4,38 €/KG","img":"https://fd9-photos.leclercdrive.fr/image.ashx?id=1108330&use=l&cat=p&typeid=i","cat":284430},{"id":58201,"n":"Désodorisant Bien Air  Senteur muguet - 300ml","p":1.09,"u":"3,63 €/L","img":"https://fd9-photos.leclercdrive.fr/image.ashx?id=2607942&use=l&cat=p&typeid=i","cat":311626},{"id":58202,"n":"Désodorisant Bien Air Floral - 300ml","p":1.09,"u":"3,63 €/L","img":"https://fd9-photos.leclercdrive.fr/image.ashx?id=1186956&use=l&cat=p&typeid=i","cat":311626},{"id":58203,"n":"Désodorisant Bien Air  Fruits rouges - 300ml","p":1.35,"u":"4,50 €/L","img":"https://fd9-photos.leclercdrive.fr/image.ashx?id=2613723&use=l&cat=p&typeid=i","cat":311626},{"id":58205,"n":"Désodorisant Bien Air Vanille - 300ml","p":1.09,"u":"3,63 €/L","img":"https://fd9-photos.leclercdrive.fr/image.ashx?id=2613726&use=l&cat=p&typeid=i","cat":311626},{"id":58214,"n":"Carré gourmand Garden Gourmet Tomates et mozzarella 160g","p":2.36,"u":"14,75 €/KG","img":"https://fd9-photos.leclercdrive.fr/image.ashx?id=3009107&use=l&cat=p&typeid=i","cat":316036},{"id":58218,"n":"Croissants Côté Table Jambon emmental - 2x170g","p":2.92,"u":"8,59 €/KG","img":"https://fd9-photos.leclercdrive.fr/image.ashx?id=2885128&use=l&cat=p&typeid=i","cat":333671},{"id":58232,"n":"Pâte feuilletée Tablier Blanc Rectangulaire - 230g","p":1.14,"u":"4,96 €/KG","img":"https://fd9-photos.leclercdrive.fr/image.ashx?id=2635931&use=l&cat=p&typeid=i","cat":333681},{"id":58365,"n":"Tartelettes Chocolat P'tit Déli Fourrées au lait - 225g","p":1.39,"u":"6,18 €/KG","img":"https://fd9-photos.leclercdrive.fr/image.ashx?id=2523715&use=l&cat=p&typeid=i","cat":284488},{"id":58428,"n":"Sachet fraicheur chat Sheba Boeuf poulet en sauce - 6x50g","p":2.6,"u":"8,67 €/KG","img":"https://fd9-photos.leclercdrive.fr/image.ashx?id=2895927&use=l&cat=p&typeid=i","cat":285286},{"id":58435,"n":"Bouillon Cube Maggi Poule au pot - 150g","p":1.54,"u":"10,27 €/KG","img":"https://fd9-photos.leclercdrive.fr/image.ashx?id=2737054&use=l&cat=p&typeid=i","cat":288379},{"id":58444,"n":"Cacahuètes Benenuts-Twinuts Nature format familial - 260g","p":1.92,"u":"7,38 €/KG","img":"https://fd9-photos.leclercdrive.fr/image.ashx?id=2967744&use=l&cat=p&typeid=i","cat":284448},{"id":58449,"n":"Tomates pelées entières D'aucy 238g","p":0.99,"u":"4,16 €/KG","img":"https://fd9-photos.leclercdrive.fr/image.ashx?id=2503425&use=l&cat=p&typeid=i","cat":312608},{"id":58450,"n":"Tomates pelées entières D'aucy 476g","p":1.6,"u":"3,36 €/KG","img":"https://fd9-photos.leclercdrive.fr/image.ashx?id=2751996&use=l&cat=p&typeid=i","cat":312608},{"id":58459,"n":"Croquettes chat Purina One Adulte - Boeuf/Céréales - 1.5Kg","p":6.77,"u":"4,51 €/KG","img":"https://fd9-photos.leclercdrive.fr/image.ashx?id=2433548&use=l&cat=p&typeid=i","cat":284680},{"id":58463,"n":"Gâche tranchée La Fournée Dorée 500g","p":2.05,"u":"4,10 €/KG","img":"https://fd9-photos.leclercdrive.fr/image.ashx?id=2277956&use=l&cat=p&typeid=i","cat":284478},{"id":58488,"n":"Boîte chat Whiskas Sauce carte du boucher - 4x400g","p":5.1,"u":"3,19 €/KG","img":"https://fd9-photos.leclercdrive.fr/image.ashx?id=2619986&use=l&cat=p&typeid=i","cat":285601},{"id":58490,"n":"Sauce Béchamel Maggi 350ml","p":1.53,"u":"4,37 €/L","img":"https://fd9-photos.leclercdrive.fr/image.ashx?id=2977726&use=l&cat=p&typeid=i","cat":288381},{"id":58505,"n":"Bière blonde Heineken Sans alcool - 6x25cl","p":4.32,"u":"2,88 €/L","img":"https://fd9-photos.leclercdrive.fr/image.ashx?id=2948528&use=l&cat=p&typeid=i","cat":334877},{"id":58508,"n":"Lait demi-écrémé Eco+ UHT Bouteille -  1L","p":0.96,"u":"0,96 €/L","img":"https://fd9-photos.leclercdrive.fr/image.ashx?id=2690901&use=l&cat=p&typeid=i","cat":284377},{"id":58510,"n":"Jambon cru fumé Eco+ 14 tranches - 200g","p":1.96,"u":"9,80 €/KG","img":"https://fd9-photos.leclercdrive.fr/image.ashx?id=2216954&use=l&cat=p&typeid=i","cat":316007},{"id":58511,"n":"Salami Danois fumé Eco+ 20 tranches - 200g","p":1.09,"u":"5,45 €/KG","img":"https://fd9-photos.leclercdrive.fr/image.ashx?id=2100760&use=l&cat=p&typeid=i","cat":316007},{"id":58518,"n":"Tortellini à la viande Eco+ 500g","p":1.74,"u":"3,48 €/KG","img":"https://fd9-photos.leclercdrive.fr/image.ashx?id=2606795&use=l&cat=p&typeid=i","cat":333682},{"id":58529,"n":"Pâte à tartiner L.Georgelin Cacao noisettes - 400g","p":4.56,"u":"11,40 €/KG","img":"https://fd9-photos.leclercdrive.fr/image.ashx?id=1557088&use=l&cat=p&typeid=i","cat":284481},{"id":58548,"n":"Sachets repas chats Purina One Sauce boeuf poulet x4 - 340g","p":1.89,"u":"5,56 €/KG","img":"https://fd9-photos.leclercdrive.fr/image.ashx?id=2468239&use=l&cat=p&typeid=i","cat":285286},{"id":58570,"n":"Friandises chien Pedigree  Récompense bœuf volaille - 155g","p":1.75,"u":"11,29 €/KG","img":"https://fd9-photos.leclercdrive.fr/image.ashx?id=2924779&use=l&cat=p&typeid=i","cat":294527},{"id":58578,"n":"Dessert bébé lacté Blédina 6m Fraise - 6x55g","p":2.27,"u":"6,88 €/KG","img":"https://fd9-photos.leclercdrive.fr/image.ashx?id=2952451&use=l&cat=p&typeid=i","cat":312392},{"id":58613,"n":"Haricots verts Gillet  Extra fins, bocal - 345g","p":3.58,"u":"10,38 €/KG","img":"https://fd9-photos.leclercdrive.fr/image.ashx?id=1867183&use=l&cat=p&typeid=i","cat":312606},{"id":58618,"n":"Tarte Côté Table Saumon Poireau - 400g","p":3.09,"u":"7,73 €/KG","img":"https://fd9-photos.leclercdrive.fr/image.ashx?id=2426776&use=l&cat=p&typeid=i","cat":284257},{"id":58625,"n":"Cœurs de palmiers Géant Vert - 220g","p":3.56,"u":"16,18 €/KG","img":"https://fd9-photos.leclercdrive.fr/image.ashx?id=2840560&use=l&cat=p&typeid=i","cat":312611},{"id":58628,"n":"Galettes riz bio bjorg  Complet  - 130g","p":1.33,"u":"10,23 €/KG","img":"https://fd9-photos.leclercdrive.fr/image.ashx?id=2978002&use=l&cat=p&typeid=i","cat":318651},{"id":58655,"n":"Poêlée fermière Notre Jardin 750g","p":2.89,"u":"3,85 €/KG","img":"https://fd9-photos.leclercdrive.fr/image.ashx?id=1985149&use=l&cat=p&typeid=i","cat":319823},{"id":58681,"n":"Légumes potage potiron carottes Notre jardin - 1 kg","p":1.91,"u":"1,91 €/KG","img":"https://fd9-photos.leclercdrive.fr/image.ashx?id=2900136&use=l&cat=p&typeid=i","cat":319805},{"id":58693,"n":"Galettes de pommes de terre NRT à l'Alsacienne - 670g","p":2.99,"u":"4,46 €/KG","img":"https://fd9-photos.leclercdrive.fr/image.ashx?id=2699822&use=l&cat=p&typeid=i","cat":319792},{"id":58704,"n":"Haché à cuisiner Charal Pur Bœuf 15%MG - 400g","p":6.38,"u":"15,95 €/KG","img":"https://fd9-photos.leclercdrive.fr/image.ashx?id=2741934&use=l&cat=p&typeid=i","cat":319779},{"id":58715,"n":"Mini croque monsieur Côté Table x20 - 240g","p":4.64,"u":"19,33 €/KG","img":"https://fd9-photos.leclercdrive.fr/image.ashx?id=2919622&use=l&cat=p&typeid=i","cat":319774},{"id":58826,"n":"Viande hachée 5% MG Férial 500g","p":8.09,"u":"16,18 €/KG","img":"https://fd9-photos.leclercdrive.fr/image.ashx?id=2903995&use=l&cat=p&typeid=i","cat":284332},{"id":58939,"n":"Yaourt à boire Actimel fraise - 12x100g","p":3.82,"u":"3,18 €/KG","img":"https://fd9-photos.leclercdrive.fr/image.ashx?id=2996458&use=l&cat=p&typeid=i","cat":284415},{"id":58944,"n":"Yaourts à boire Actimel Nature - 12x100g","p":3.9,"u":"3,25 €/KG","img":"https://fd9-photos.leclercdrive.fr/image.ashx?id=2996461&use=l&cat=p&typeid=i","cat":284415},{"id":58946,"n":"Yaourts à boire Actimel Multifruits - 8x100g","p":3.13,"u":"3,91 €/KG","img":"https://fd9-photos.leclercdrive.fr/image.ashx?id=2996464&use=l&cat=p&typeid=i","cat":284415},{"id":58950,"n":"Yaourts à boire Actimel nature 0%mg - 8x100g","p":3.41,"u":"4,26 €/KG","img":"https://fd9-photos.leclercdrive.fr/image.ashx?id=2996470&use=l&cat=p&typeid=i","cat":284415},{"id":59025,"n":"Pur beurre cacahuète Jardin Bio Bio - 350g","p":3.51,"u":"10,03 €/KG","img":"https://fd9-photos.leclercdrive.fr/image.ashx?id=3000312&use=l&cat=p&typeid=i","cat":284481},{"id":59027,"n":"Dessert fruitier bio Jardin Bio Pomme nature - 680g","p":2.83,"u":"4,16 €/KG","img":"https://fd9-photos.leclercdrive.fr/image.ashx?id=2999297&use=l&cat=p&typeid=i","cat":284508},{"id":59038,"n":"Café moulu L'Or Intense 100% Arabica - 2x250g","p":9.27,"u":"18,54 €/KG","img":"https://fd9-photos.leclercdrive.fr/image.ashx?id=2020062&use=l&cat=p&typeid=i","cat":284750},{"id":59043,"n":"Lait en poudre Régilait Entier - 300g","p":2.73,"u":"9,10 €/KG","img":"https://fd9-photos.leclercdrive.fr/image.ashx?id=2110074&use=l&cat=p&typeid=i","cat":293236},{"id":59213,"n":"Dosettes Café Carte Noire  Arabica Classique n5 x60 - 420g","p":9.16,"u":"21,81 €/KG","img":"https://fd9-photos.leclercdrive.fr/image.ashx?id=2922191&use=l&cat=p&typeid=i","cat":293238},{"id":59235,"n":"Café dosettes Tassimo L'Or Café Long Classique x24","p":6.68,"u":"42,82 €/KG","img":"https://fd9-photos.leclercdrive.fr/image.ashx?id=2100356&use=l&cat=p&typeid=i","cat":293240},{"id":59252,"n":"Café dosettes Tassimo Maxwell House - caramel x8","p":5.98,"u":"22,31 €/KG","img":"https://fd9-photos.leclercdrive.fr/image.ashx?id=2100254&use=l&cat=p&typeid=i","cat":293240},{"id":59253,"n":"Café dosettes Tassimo L'Or Petit Déjeuner Classique x24","p":7.74,"u":"38,89 €/KG","img":"https://fd9-photos.leclercdrive.fr/image.ashx?id=2100365&use=l&cat=p&typeid=i","cat":293240},{"id":59257,"n":"Café dosettes Tassimo Grand-mère - petit déjeuner x16","p":3.51,"u":"26,39 €/KG","img":"https://fd9-photos.leclercdrive.fr/image.ashx?id=2100359&use=l&cat=p&typeid=i","cat":293240},{"id":59284,"n":"Maoam Mixx Haribo Sachet bonbons - 250g","p":1.84,"u":"7,36 €/KG","img":"https://fd9-photos.leclercdrive.fr/image.ashx?id=2876956&use=l&cat=p&typeid=i","cat":304250},{"id":59287,"n":"Cornichons Rustica 6 épices - 360g","p":2.29,"u":"6,36 €/KG","img":"https://fd9-photos.leclercdrive.fr/image.ashx?id=2313109&use=l&cat=p&typeid=i","cat":284458},{"id":59288,"n":"IGP Gros sel - Le Guérandais Sachet - 800g","p":1.38,"u":"1,73 €/KG","img":"https://fd9-photos.leclercdrive.fr/image.ashx?id=2458622&use=l&cat=p&typeid=i","cat":284457},{"id":59291,"n":"Sauce bolognaise Bio Village  Bio - 350g","p":1.69,"u":"4,83 €/KG","img":"https://fd9-photos.leclercdrive.fr/image.ashx?id=1888443&use=l&cat=p&typeid=i","cat":287599},{"id":59293,"n":"Sauce provençale Bio Village  Bio - 350g","p":1.63,"u":"4,66 €/KG","img":"https://fd9-photos.leclercdrive.fr/image.ashx?id=1888446&use=l&cat=p&typeid=i","cat":287599},{"id":59296,"n":"Sauce tomate Bio Village  Basilic bio - 350g","p":1.63,"u":"4,66 €/KG","img":"https://fd9-photos.leclercdrive.fr/image.ashx?id=2696289&use=l&cat=p&typeid=i","cat":287599},{"id":59299,"n":"Bonbons KINDER Schoko-Bons Chocolat au lait - 225G","p":3.4,"u":"15,11 €/KG","img":"https://fd9-photos.leclercdrive.fr/image.ashx?id=2679633&use=l&cat=p&typeid=i","cat":304238},{"id":59307,"n":"Miami Pik Haribo Sachet bonbons acidulés - 200g","p":1.48,"u":"7,40 €/KG","img":"https://fd9-photos.leclercdrive.fr/image.ashx?id=2984895&use=l&cat=p&typeid=i","cat":304250},{"id":59314,"n":"Huile d'Olive Tramier  Vierge Extra Biologique 75cl","p":8.99,"u":"11,99 €/L","img":"https://fd9-photos.leclercdrive.fr/image.ashx?id=2803916&use=l&cat=p&typeid=i","cat":284453},{"id":59336,"n":"Barquette chien Cesar Terrine poulet - 300g","p":1.54,"u":"5,13 €/KG","img":"https://fd9-photos.leclercdrive.fr/image.ashx?id=2091323&use=l&cat=p&typeid=i","cat":284673},{"id":59339,"n":"Barquette chien sénior Cesar Terrine en gelée - 4x150g","p":3.87,"u":"6,45 €/KG","img":"https://fd9-photos.leclercdrive.fr/image.ashx?id=2091320&use=l&cat=p&typeid=i","cat":284673},{"id":59340,"n":"Barquette chien Cesar Terrine cœur légumes - 4x150g","p":3.96,"u":"6,60 €/KG","img":"https://fd9-photos.leclercdrive.fr/image.ashx?id=2091317&use=l&cat=p&typeid=i","cat":284673},{"id":59341,"n":"Barquette chien Cesar Terrine du jardin - 4x150g","p":3.64,"u":"6,07 €/KG","img":"https://fd9-photos.leclercdrive.fr/image.ashx?id=2091314&use=l&cat=p&typeid=i","cat":284673},{"id":59344,"n":"Barquette chien Cesar Terrine du jardin - 4x300g","p":6.39,"u":"5,33 €/KG","img":"https://fd9-photos.leclercdrive.fr/image.ashx?id=2091308&use=l&cat=p&typeid=i","cat":284673},{"id":59398,"n":"Café moulu L'Or Intense 100% Arabica - 3x250g","p":13.71,"u":"18,28 €/KG","img":"https://fd9-photos.leclercdrive.fr/image.ashx?id=2802377&use=l&cat=p&typeid=i","cat":284750},{"id":59563,"n":"Galette de maïs GERBLE Chocolat au lait - 124g","p":1.71,"u":"13,79 €/KG","img":"https://fd9-photos.leclercdrive.fr/image.ashx?id=2664034&use=l&cat=p&typeid=i","cat":318651},{"id":59565,"n":"Pâte à tartiner Nustikao 1kg","p":4.25,"u":"4,25 €/KG","img":"https://fd9-photos.leclercdrive.fr/image.ashx?id=3012860&use=l&cat=p&typeid=i","cat":284481},{"id":59601,"n":"Bière blonde 3 Monts 6x33cl","p":8.04,"u":"4,06 €/L","img":"https://fd9-photos.leclercdrive.fr/image.ashx?id=2548189&use=l&cat=p&typeid=i","cat":334852},{"id":59655,"n":"Dentifrice Email Diamant Rouge - 75ml","p":3.84,"u":"51,20 €/L","img":"https://fd9-photos.leclercdrive.fr/image.ashx?id=1781297&use=l&cat=p&typeid=i","cat":284612},{"id":59687,"n":"Sardines Connetable Olive/citron - 135g","p":2.33,"u":"17,26 €/KG","img":"https://fd9-photos.leclercdrive.fr/image.ashx?id=2618951&use=l&cat=p&typeid=i","cat":305146},{"id":59695,"n":"Yaourt à la grecque YAOS Vanille - 4x125g","p":2.71,"u":"5,42 €/KG","img":"https://fd9-photos.leclercdrive.fr/image.ashx?id=3007972&use=l&cat=p&typeid=i","cat":314999},{"id":59714,"n":"Cacahuètes Tokapi  Grillées à sec - 200g","p":0.78,"u":"3,90 €/KG","img":"https://fd9-photos.leclercdrive.fr/image.ashx?id=2799781&use=l&cat=p&typeid=i","cat":284448},{"id":59715,"n":"Double concentré de tomates Tube - 200g","p":1.35,"u":"6,75 €/KG","img":"https://fd9-photos.leclercdrive.fr/image.ashx?id=2072728&use=l&cat=p&typeid=i","cat":288384},{"id":59717,"n":"Saucisse grillée Purée pomme de terre La Cuisine d'Océane 300g","p":2.73,"u":"9,10 €/KG","img":"https://fd9-photos.leclercdrive.fr/image.ashx?id=2962338&use=l&cat=p&typeid=i","cat":284953},{"id":59718,"n":"Saumon tagliatelles D'Aucy Micro-ondes - 300g","p":2.73,"u":"9,10 €/KG","img":"https://fd9-photos.leclercdrive.fr/image.ashx?id=2117168&use=l&cat=p&typeid=i","cat":284953},{"id":59722,"n":"Crème légère semi-épaisse  Bridélice 18%mg - 3x20cl","p":2.5,"u":"4,17 €/L","img":"https://fd9-photos.leclercdrive.fr/image.ashx?id=2904733&use=l&cat=p&typeid=i","cat":284381},{"id":59774,"n":"Sérum physiologique Biolane 30x5ml","p":3.8,"u":"25,33 €/L","img":"https://fd9-photos.leclercdrive.fr/image.ashx?id=2733232&use=l&cat=p&typeid=i","cat":284741},{"id":59952,"n":"Cocotte ovale Pyrex  En verre - 5.8L","p":23.9,"img":"https://fd9-photos.leclercdrive.fr/image.ashx?id=2576910&use=l&cat=p&typeid=i","cat":298490},{"id":60029,"n":"Brioche Harrys Mini Tressée Nature au sucre perlé - 210g","p":2.01,"u":"9,57 €/KG","img":"https://fd9-photos.leclercdrive.fr/image.ashx?id=2667742&use=l&cat=p&typeid=i","cat":284478},{"id":60051,"n":"Gâteaux Lulu L'Ourson Fraise - 150g","p":1.44,"u":"9,60 €/KG","img":"https://fd9-photos.leclercdrive.fr/image.ashx?id=3008050&use=l&cat=p&typeid=i","cat":284495},{"id":60118,"n":"Ratatouille niçoise D'aucy  750g","p":2.11,"u":"2,81 €/KG","img":"https://fd9-photos.leclercdrive.fr/image.ashx?id=2665904&use=l&cat=p&typeid=i","cat":312612},{"id":60124,"n":"Compotes Pom'Potes Gourdes  Pomme Nature - 4x90g","p":1.71,"u":"4,75 €/KG","img":"https://fd9-photos.leclercdrive.fr/image.ashx?id=2983003&use=l&cat=p&typeid=i","cat":284508},{"id":60165,"n":"Boisson végétale Alpro noisette - 1l","p":2.21,"u":"2,21 €/L","img":"https://fd9-photos.leclercdrive.fr/image.ashx?id=2849602&use=l&cat=p&typeid=i","cat":316067},{"id":60168,"n":"fromage blanc jockey Nature 3%MG - 8x100g","p":2.56,"u":"3,20 €/KG","img":"https://fd9-photos.leclercdrive.fr/image.ashx?id=2230369&use=l&cat=p&typeid=i","cat":284409},{"id":60171,"n":"boisson végétale lait d'amande grillée alpro -1l","p":2.05,"u":"2,05 €/L","img":"https://fd9-photos.leclercdrive.fr/image.ashx?id=2988671&use=l&cat=p&typeid=i","cat":316067},{"id":60174,"n":"Madeleine Bonne Maman  Chocolat au lait x10 - 300g","p":3.22,"u":"10,73 €/KG","img":"https://fd9-photos.leclercdrive.fr/image.ashx?id=2949940&use=l&cat=p&typeid=i","cat":284492},{"id":60175,"n":"Madeleines St Michel  Oeuf en plein air - 1kg","p":3.72,"u":"3,72 €/KG","img":"https://fd9-photos.leclercdrive.fr/image.ashx?id=2936194&use=l&cat=p&typeid=i","cat":284492},{"id":60313,"n":"Fromage frais Délisse  Vanille de Madagascar - 500g","p":2.29,"u":"4,58 €/KG","img":"https://fd9-photos.leclercdrive.fr/image.ashx?id=3012851&use=l&cat=p&typeid=i","cat":284409},{"id":60537,"n":"Purée surgelé  Bonduelle 4 saveurs  - 780g","p":3.21,"u":"4,12 €/KG","img":"https://fd9-photos.leclercdrive.fr/image.ashx?id=2996518&use=l&cat=p&typeid=i","cat":319805},{"id":60539,"n":"Purée delice Bonduelle  Courgette Céleri Brocoli - 780g","p":3.29,"u":"4,22 €/KG","img":"https://fd9-photos.leclercdrive.fr/image.ashx?id=2910043&use=l&cat=p&typeid=i","cat":319805},{"id":60588,"n":"Emmental Président 250g","p":2.79,"u":"11,16 €/KG","img":"https://fd9-photos.leclercdrive.fr/image.ashx?id=2752942&use=l&cat=p&typeid=i","cat":314034},{"id":60774,"n":"Bière blonde Leffe 6,6% - 6x25cl","p":4.82,"u":"3,21 €/L","img":"https://fd9-photos.leclercdrive.fr/image.ashx?id=2995421&use=l&cat=p&typeid=i","cat":334852},{"id":60777,"n":"Brique de brebis Lou Pérac Fromage de brebis - 150g","p":2.75,"u":"18,33 €/KG","img":"https://fd9-photos.leclercdrive.fr/image.ashx?id=2785154&use=l&cat=p&typeid=i","cat":314031},{"id":60778,"n":"Tranche Salakis Fromage de brebis - 200g","p":2.6,"u":"13,00 €/KG","img":"https://fd9-photos.leclercdrive.fr/image.ashx?id=2729710&use=l&cat=p&typeid=i","cat":314026},{"id":60779,"n":"Lamelles d'encornets  800g","p":8.49,"u":"10,61 €/KG","img":"https://fd9-photos.leclercdrive.fr/image.ashx?id=2711020&use=l&cat=p&typeid=i","cat":319786},{"id":60780,"n":"Tubes d'encornets 700g","p":8.24,"u":"11,77 €/KG","img":"https://fd9-photos.leclercdrive.fr/image.ashx?id=2665415&use=l&cat=p&typeid=i","cat":319786},{"id":60886,"n":"Mozzarella Galbani 125g","p":1.09,"u":"8,72 €/KG","img":"https://fd9-photos.leclercdrive.fr/image.ashx?id=2765381&use=l&cat=p&typeid=i","cat":314026},{"id":60890,"n":"Chaussée aux moines 340g","p":2.89,"u":"8,50 €/KG","img":"https://fd9-photos.leclercdrive.fr/image.ashx?id=2830030&use=l&cat=p&typeid=i","cat":329184},{"id":60891,"n":"Camembert Président 250g","p":1.76,"u":"7,04 €/KG","img":"https://fd9-photos.leclercdrive.fr/image.ashx?id=2878873&use=l&cat=p&typeid=i","cat":314033},{"id":60892,"n":"Emmental râpé fondant Président 200g","p":2.04,"u":"10,20 €/KG","img":"https://fd9-photos.leclercdrive.fr/image.ashx?id=2488455&use=l&cat=p&typeid=i","cat":314035},{"id":60930,"n":"Thé Earl Grey Twinings x25 sachets - 50g","p":1.99,"u":"39,80 €/KG","img":"https://fd9-photos.leclercdrive.fr/image.ashx?id=2889817&use=l&cat=p&typeid=i","cat":293233},{"id":60931,"n":"Thé Ceylan Scotland Twinings x20 - 40g","p":2.45,"u":"61,25 €/KG","img":"https://fd9-photos.leclercdrive.fr/image.ashx?id=2893024&use=l&cat=p&typeid=i","cat":293233},{"id":60957,"n":"Boisson énergisante Red Bull Goût Myrtille, 250ml","p":1.16,"u":"4,64 €/L","img":"https://fd9-photos.leclercdrive.fr/image.ashx?id=2174528&use=l&cat=p&typeid=i","cat":284533},{"id":60974,"n":"Pur jus Tropicana Orange Pure Premium Sans pulpe - 1L","p":2.42,"u":"2,42 €/L","img":"https://fd9-photos.leclercdrive.fr/image.ashx?id=2586186&use=l&cat=p&typeid=i","cat":284521},{"id":60978,"n":"Roquefort AOP Société Fromage de brebis - 150g","p":2.87,"u":"19,13 €/KG","img":"https://fd9-photos.leclercdrive.fr/image.ashx?id=2729713&use=l&cat=p&typeid=i","cat":314032},{"id":61021,"n":"Risotto champignon poulet Marie 900g","p":4.57,"u":"5,08 €/KG","img":"https://fd9-photos.leclercdrive.fr/image.ashx?id=2996755&use=l&cat=p&typeid=i","cat":284254},{"id":61166,"n":"Mousse Maronsui's La Laitière Crème de marrons 8x68,8g","p":3.33,"u":"6,05 €/KG","img":"https://fd9-photos.leclercdrive.fr/image.ashx?id=3010969&use=l&cat=p&typeid=i","cat":284417},{"id":61167,"n":"Crème légère épaisse Bridélice 15%mg - 497g","p":1.85,"u":"3,72 €/KG","img":"https://fd9-photos.leclercdrive.fr/image.ashx?id=2996578&use=l&cat=p&typeid=i","cat":284381},{"id":61169,"n":"Petit suisse NESQUIK Chocolat 6x60g","p":1.52,"u":"4,22 €/KG","img":"https://fd9-photos.leclercdrive.fr/image.ashx?id=3007933&use=l&cat=p&typeid=i","cat":284414},{"id":61191,"n":"Mache-Mots Kids VS Parents Jeu de société - Dès 8 ans","p":19.9,"img":"https://fd9-photos.leclercdrive.fr/image.ashx?id=2362017&use=l&cat=p&typeid=i","cat":334378},{"id":61199,"n":"Docteur Maboul Jeu de société - Dès 6 ans","p":18.9,"img":"https://fd9-photos.leclercdrive.fr/image.ashx?id=2584232&use=l&cat=p&typeid=i","cat":334378},{"id":61255,"n":"Môts Mêlés (2 à 4 joueurs) Jeu de société - Dès 8 ans","p":21.8,"img":"https://fd9-photos.leclercdrive.fr/image.ashx?id=2740334&use=l&cat=p&typeid=i","cat":334378},{"id":61293,"n":"Boisson Jafaden Orange carotte citron - 1L","p":1.89,"u":"1,89 €/L","img":"https://fd9-photos.leclercdrive.fr/image.ashx?id=2956753&use=l&cat=p&typeid=i","cat":284917},{"id":61340,"n":"Mon coffret Premières lectures Nathan - Dès 2 ans","p":19.9,"u":"Dont 0,07 € d'éco-part.","img":"https://fd9-photos.leclercdrive.fr/image.ashx?id=1791320&use=l&cat=p&typeid=i","cat":334378},{"id":61594,"n":"Tomato Ketchup Heinz - 910g","p":2.92,"u":"3,21 €/KG","img":"https://fd9-photos.leclercdrive.fr/image.ashx?id=2923420&use=l&cat=p&typeid=i","cat":284455},{"id":61596,"n":"Sauce au poivre Rustica Pot - 245g","p":1.13,"u":"4,61 €/KG","img":"https://fd9-photos.leclercdrive.fr/image.ashx?id=2045124&use=l&cat=p&typeid=i","cat":318430},{"id":61597,"n":"Sauce bourguignonne Rustica Pot - 250g","p":1.0,"u":"4,00 €/KG","img":"https://fd9-photos.leclercdrive.fr/image.ashx?id=1961467&use=l&cat=p&typeid=i","cat":318430},{"id":61605,"n":"Sauce barbecue Rustica Flacon souple - 280g","p":1.39,"u":"4,96 €/KG","img":"https://fd9-photos.leclercdrive.fr/image.ashx?id=2559704&use=l&cat=p&typeid=i","cat":318431},{"id":61609,"n":"Sauce Aïoli Bénédicta - 260g","p":1.45,"u":"5,58 €/KG","img":"https://fd9-photos.leclercdrive.fr/image.ashx?id=2689934&use=l&cat=p&typeid=i","cat":318430},{"id":61626,"n":"Cocktail Douceur du Verger 4 fruits - Sirop léger - 250 g","p":1.5,"u":"6,00 €/KG","img":"https://fd9-photos.leclercdrive.fr/image.ashx?id=1466337&use=l&cat=p&typeid=i","cat":284507},{"id":61631,"n":"Cocktail Douceur du Verger 4 fruits - Sirop léger- 500g","p":1.99,"u":"3,98 €/KG","img":"https://fd9-photos.leclercdrive.fr/image.ashx?id=2531298&use=l&cat=p&typeid=i","cat":284507},{"id":61634,"n":"Poires Douceur du Verger Sirop léger - 455 g","p":1.95,"u":"4,29 €/KG","img":"https://fd9-photos.leclercdrive.fr/image.ashx?id=2531295&use=l&cat=p&typeid=i","cat":284507},{"id":61638,"n":"Lentilles Préparées Cassegrain Tendres et Fondantes 460g","p":2.32,"u":"5,04 €/KG","img":"https://fd9-photos.leclercdrive.fr/image.ashx?id=3011047&use=l&cat=p&typeid=i","cat":312609},{"id":61697,"n":"Eponges Spontex Multicolore - x3","p":1.57,"u":"0,52 €/P","img":"https://fd9-photos.leclercdrive.fr/image.ashx?id=2972847&use=l&cat=p&typeid=i","cat":284667},{"id":61874,"n":"Gel shampooing douche Fa Men Perfect wave flacon - 250ml","p":1.67,"u":"6,68 €/L","img":"https://fd9-photos.leclercdrive.fr/image.ashx?id=2995091&use=l&cat=p&typeid=i","cat":284619},{"id":61983,"n":"Sachet repas Gourmet  Terrine coffret - 4x85g","p":1.88,"u":"5,53 €/KG","img":"https://fd9-photos.leclercdrive.fr/image.ashx?id=2901118&use=l&cat=p&typeid=i","cat":285286},{"id":62001,"n":"Jus de citron jaune 1L","p":3.2,"u":"3,20 €/L","img":"https://fd9-photos.leclercdrive.fr/image.ashx?id=2656991&use=l&cat=p&typeid=i","cat":288383},{"id":62004,"n":"Cornichons Maille  Mini classique - 370g","p":3.95,"u":"10,68 €/KG","img":"https://fd9-photos.leclercdrive.fr/image.ashx?id=2916567&use=l&cat=p&typeid=i","cat":284458},{"id":62042,"n":"Haricots rouges D'aucy  500g","p":1.87,"u":"3,74 €/KG","img":"https://fd9-photos.leclercdrive.fr/image.ashx?id=2491190&use=l&cat=p&typeid=i","cat":312606},{"id":62043,"n":"Lentilles préparées D'aucy  265g","p":0.97,"u":"3,66 €/KG","img":"https://fd9-photos.leclercdrive.fr/image.ashx?id=2560600&use=l&cat=p&typeid=i","cat":312609},{"id":62045,"n":"Haricots verts Jardin Bio étic Bio sans sel - 345g","p":3.69,"u":"10,70 €/KG","img":"https://fd9-photos.leclercdrive.fr/image.ashx?id=2535010&use=l&cat=p&typeid=i","cat":312606},{"id":62050,"n":"Macédoine déjà égouttée D'aucy 265g","p":1.32,"u":"4,98 €/KG","img":"https://fd9-photos.leclercdrive.fr/image.ashx?id=2511601&use=l&cat=p&typeid=i","cat":312612},{"id":62054,"n":"Courgettes Cuisinées Cassegrain à la Provençale 185g","p":2.05,"u":"11,08 €/KG","img":"https://fd9-photos.leclercdrive.fr/image.ashx?id=2913022&use=l&cat=p&typeid=i","cat":312612},{"id":62057,"n":"Champignons Eco+ Entiers - 230g","p":1.11,"u":"4,83 €/KG","img":"https://fd9-photos.leclercdrive.fr/image.ashx?id=2028456&use=l&cat=p&typeid=i","cat":312610},{"id":62066,"n":"Lentilles cuisinées façon Sud-Ouest Cassegrain 410g","p":2.1,"u":"5,12 €/KG","img":"https://fd9-photos.leclercdrive.fr/image.ashx?id=2862131&use=l&cat=p&typeid=i","cat":312609},{"id":62067,"n":"Flageolets Préparés Cassegrain Extra Fins 130g","p":1.04,"u":"8,00 €/KG","img":"https://fd9-photos.leclercdrive.fr/image.ashx?id=2912980&use=l&cat=p&typeid=i","cat":312606},{"id":62083,"n":"Soda Schweppes Saveur Agrumes - 1L","p":1.51,"u":"1,51 €/L","img":"https://fd9-photos.leclercdrive.fr/image.ashx?id=2852414&use=l&cat=p&typeid=i","cat":284532},{"id":62094,"n":"Sauce fajitas Old El Paso à cuisiner doux - 395g","p":2.23,"u":"5,65 €/KG","img":"https://fd9-photos.leclercdrive.fr/image.ashx?id=2950852&use=l&cat=p&typeid=i","cat":288993},{"id":62095,"n":"Chips Tortilla Old El Paso Fajita - 185g","p":2.29,"u":"12,38 €/KG","img":"https://fd9-photos.leclercdrive.fr/image.ashx?id=2444522&use=l&cat=p&typeid=i","cat":288993},{"id":62101,"n":"Miel l'Apiculteur liquide   et savoureux - 500g","p":6.93,"u":"13,86 €/KG","img":"https://fd9-photos.leclercdrive.fr/image.ashx?id=3008077&use=l&cat=p&typeid=i","cat":287643},{"id":62112,"n":"Compotes Pom'Potes Gourdes  Pomme Nature - 12x90g","p":4.9,"u":"4,54 €/KG","img":"https://fd9-photos.leclercdrive.fr/image.ashx?id=3010927&use=l&cat=p&typeid=i","cat":284508},{"id":62120,"n":"Cookies Choco Sensation Milka Chocolat au lait - 312g","p":3.97,"u":"12,72 €/KG","img":"https://fd9-photos.leclercdrive.fr/image.ashx?id=3002279&use=l&cat=p&typeid=i","cat":325066},{"id":62128,"n":"Biscuits fourrés Prince Tout chocolat - 300g","p":1.45,"u":"4,83 €/KG","img":"https://fd9-photos.leclercdrive.fr/image.ashx?id=2528801&use=l&cat=p&typeid=i","cat":284488},{"id":62146,"n":"Brioche La Fournée Dorée Tranchée crème fraiche - 500g","p":2.15,"u":"4,30 €/KG","img":"https://fd9-photos.leclercdrive.fr/image.ashx?id=2415365&use=l&cat=p&typeid=i","cat":284478},{"id":62148,"n":"Brioch'burger La fournée Dorée x4 - 250g","p":1.49,"u":"5,96 €/KG","img":"https://fd9-photos.leclercdrive.fr/image.ashx?id=2765261&use=l&cat=p&typeid=i","cat":325067},{"id":62152,"n":"Graines de chia bio Happy Bio   250g","p":5.55,"u":"22,20 €/KG","img":"https://fd9-photos.leclercdrive.fr/image.ashx?id=2970990&use=l&cat=p&typeid=i","cat":318651},{"id":62162,"n":"Donuts Curly 100g","p":1.01,"u":"10,10 €/KG","img":"https://fd9-photos.leclercdrive.fr/image.ashx?id=2446836&use=l&cat=p&typeid=i","cat":284449},{"id":62226,"n":"Soda Coca-Cola Sans Sucres Bouteille - 1L","p":1.34,"u":"1,34 €/L","img":"https://fd9-photos.leclercdrive.fr/image.ashx?id=2194418&use=l&cat=p&typeid=i","cat":284530},{"id":62252,"n":"Soda 7UP Citron et citron vert - 1.5L","p":1.13,"u":"0,75 €/L","img":"https://fd9-photos.leclercdrive.fr/image.ashx?id=2748545&use=l&cat=p&typeid=i","cat":284531},{"id":62303,"n":"yaourt fruits bio les 2 vaches brassé framboise - 4x115g","p":2.01,"u":"4,37 €/KG","img":"https://fd9-photos.leclercdrive.fr/image.ashx?id=2571533&use=l&cat=p&typeid=i","cat":284410},{"id":62335,"n":"yaourt fruits bio les 2 vaches brassé myrtille - 4x115g","p":2.01,"u":"4,37 €/KG","img":"https://fd9-photos.leclercdrive.fr/image.ashx?id=2571530&use=l&cat=p&typeid=i","cat":284410},{"id":62497,"n":"Biscuit bébé Blédina 12 mois  Petit beurre pépites choco-133g","p":2.15,"u":"16,17 €/KG","img":"https://fd9-photos.leclercdrive.fr/image.ashx?id=2639344&use=l&cat=p&typeid=i","cat":312227},{"id":62555,"n":"Boissons aux fruits Fruit Shoot Tropical - 12x20cl","p":4.3,"u":"1,79 €/L","img":"https://fd9-photos.leclercdrive.fr/image.ashx?id=2915736&use=l&cat=p&typeid=i","cat":295018},{"id":62571,"n":"Soda à l'orange Orangina 1L","p":1.67,"u":"1,67 €/L","img":"https://fd9-photos.leclercdrive.fr/image.ashx?id=2668413&use=l&cat=p&typeid=i","cat":284532},{"id":62573,"n":"Tonic soda Sprink's Zero - 1.5L","p":0.89,"u":"0,59 €/L","img":"https://fd9-photos.leclercdrive.fr/image.ashx?id=2913745&use=l&cat=p&typeid=i","cat":284531},{"id":62574,"n":"Bière ambrée Grimbergen 6,5° - 6x25cl","p":5.8,"u":"3,87 €/L","img":"https://fd9-photos.leclercdrive.fr/image.ashx?id=2293483&use=l&cat=p&typeid=i","cat":334852},{"id":62575,"n":"Coton disque Inell Rond confort x70","p":0.61,"u":"0,01 €/P","img":"https://fd9-photos.leclercdrive.fr/image.ashx?id=2169171&use=l&cat=p&typeid=i","cat":285593},{"id":62576,"n":"Bière blanche Grimbergen 6° - 6x25cl","p":5.26,"u":"3,51 €/L","img":"https://fd9-photos.leclercdrive.fr/image.ashx?id=2294375&use=l&cat=p&typeid=i","cat":334878},{"id":62614,"n":"Pâte à tartiner Ovomaltine Crunchy - 360g","p":3.16,"u":"8,78 €/KG","img":"https://fd9-photos.leclercdrive.fr/image.ashx?id=2428645&use=l&cat=p&typeid=i","cat":284481},{"id":62619,"n":"Biscuits nappés Pépito Chocolat au lait - 2x192g","p":2.59,"u":"6,74 €/KG","img":"https://fd9-photos.leclercdrive.fr/image.ashx?id=2989444&use=l&cat=p&typeid=i","cat":284488},{"id":62635,"n":"Eponge Nicols Magique Magico - x3","p":1.58,"u":"0,53 €/P","img":"https://fd9-photos.leclercdrive.fr/image.ashx?id=2554424&use=l&cat=p&typeid=i","cat":284667},{"id":62674,"n":"Crème adhérence Polident Max orginal -70g","p":5.11,"u":"73,00 €/KG","img":"https://fd9-photos.leclercdrive.fr/image.ashx?id=2605464&use=l&cat=p&typeid=i","cat":285158},{"id":62675,"n":"Crème adhésive Polident  Hypoallergénique - 40g","p":4.74,"u":"118,50 €/KG","img":"https://fd9-photos.leclercdrive.fr/image.ashx?id=2303849&use=l&cat=p&typeid=i","cat":285158},{"id":62676,"n":"Gel douche bio So Bio Etic  Karité sans sulfate - 650ml","p":5.61,"u":"8,63 €/L","img":"https://fd9-photos.leclercdrive.fr/image.ashx?id=2850593&use=l&cat=p&typeid=i","cat":284594},{"id":62677,"n":"Gel douche bio So Bio Etic Aloe vera sans sulfate 650ml","p":5.44,"u":"8,37 €/L","img":"https://fd9-photos.leclercdrive.fr/image.ashx?id=2850596&use=l&cat=p&typeid=i","cat":284594},{"id":62682,"n":"Javel en gel Clair  Citron vert - 750ml","p":1.18,"u":"1,57 €/L","img":"https://fd9-photos.leclercdrive.fr/image.ashx?id=2389563&use=l&cat=p&typeid=i","cat":284661},{"id":62687,"n":"Spray nasal Primoplast 100% eau de mer - 150ml","p":4.45,"u":"29,67 €/L","img":"https://fd9-photos.leclercdrive.fr/image.ashx?id=2955758&use=l&cat=p&typeid=i","cat":284630},{"id":62697,"n":"Nappe damassée Homeside Blanche - 8m","p":1.63,"img":"https://fd9-photos.leclercdrive.fr/image.ashx?id=1659708&use=l&cat=p&typeid=i","cat":334134},{"id":62722,"n":"Biscuits fourrés Prince Chocolat lait - 300g","p":1.42,"u":"4,73 €/KG","img":"https://fd9-photos.leclercdrive.fr/image.ashx?id=2349070&use=l&cat=p&typeid=i","cat":284488},{"id":62723,"n":"Biscuits fourrés Prince Multi céréales - 293g","p":1.49,"u":"5,09 €/KG","img":"https://fd9-photos.leclercdrive.fr/image.ashx?id=2350993&use=l&cat=p&typeid=i","cat":284488},{"id":62724,"n":"Biscuits Double Crème Oreo Vanille - 157g","p":1.24,"u":"7,90 €/KG","img":"https://fd9-photos.leclercdrive.fr/image.ashx?id=2160198&use=l&cat=p&typeid=i","cat":284488},{"id":62726,"n":"Compote bio Bio Village Bocal pomme - 625g","p":2.09,"u":"3,34 €/KG","img":"https://fd9-photos.leclercdrive.fr/image.ashx?id=1948042&use=l&cat=p&typeid=i","cat":284508},{"id":62727,"n":"Compote bio Bio Village Bocal pomme poire - 625g","p":2.1,"u":"3,36 €/KG","img":"https://fd9-photos.leclercdrive.fr/image.ashx?id=1948039&use=l&cat=p&typeid=i","cat":284508},{"id":62733,"n":"Biscuits Choco Moo Milka Chocolat - 200g","p":1.72,"u":"8,60 €/KG","img":"https://fd9-photos.leclercdrive.fr/image.ashx?id=2990994&use=l&cat=p&typeid=i","cat":284488},{"id":62858,"n":"Biscuit Nature GERBLE  sans sucres ajoutés - 132g","p":2.07,"u":"15,68 €/KG","img":"https://fd9-photos.leclercdrive.fr/image.ashx?id=2662835&use=l&cat=p&typeid=i","cat":318653},{"id":63009,"n":"Sardine entière Pêche Océan Nature - 95g","p":1.37,"u":"14,42 €/KG","img":"https://fd9-photos.leclercdrive.fr/image.ashx?id=2692964&use=l&cat=p&typeid=i","cat":305146},{"id":63304,"n":"Pizza Crust Sodebo Classic Jambon Emmental - 600g","p":4.47,"u":"7,45 €/KG","img":"https://fd9-photos.leclercdrive.fr/image.ashx?id=3008254&use=l&cat=p&typeid=i","cat":333679},{"id":63520,"n":"Pizza crust Sodebo Cheesy 4 fromages - 580g","p":4.47,"u":"7,71 €/KG","img":"https://fd9-photos.leclercdrive.fr/image.ashx?id=2912098&use=l&cat=p&typeid=i","cat":333679},{"id":63521,"n":"Penne au saumon Marie Crème d'épinard - 280g","p":2.98,"u":"10,64 €/KG","img":"https://fd9-photos.leclercdrive.fr/image.ashx?id=2317519&use=l&cat=p&typeid=i","cat":333665},{"id":63541,"n":"Sauce barbecue Rustica 560g","p":1.78,"u":"3,18 €/KG","img":"https://fd9-photos.leclercdrive.fr/image.ashx?id=2092948&use=l&cat=p&typeid=i","cat":318431},{"id":63674,"n":"3 poivres Ducros Moulin - 34g","p":3.44,"u":"101,18 €/KG","img":"https://fd9-photos.leclercdrive.fr/image.ashx?id=2559460&use=l&cat=p&typeid=i","cat":284457},{"id":63676,"n":"Poivre blanc moulu Ducros 36g","p":2.71,"u":"75,28 €/KG","img":"https://fd9-photos.leclercdrive.fr/image.ashx?id=2203745&use=l&cat=p&typeid=i","cat":284457},{"id":63685,"n":"4 épices moulues Ducros 37g","p":1.67,"u":"45,14 €/KG","img":"https://fd9-photos.leclercdrive.fr/image.ashx?id=2983213&use=l&cat=p&typeid=i","cat":298297},{"id":63759,"n":"Pur Jus Jafaden Mutlifruits - 2L","p":2.8,"u":"1,40 €/L","img":"https://fd9-photos.leclercdrive.fr/image.ashx?id=2762955&use=l&cat=p&typeid=i","cat":284917},{"id":63762,"n":"Boisson aux fruits Oasis Tropical - 6x33cl","p":3.48,"u":"1,76 €/L","img":"https://fd9-photos.leclercdrive.fr/image.ashx?id=2900812&use=l&cat=p&typeid=i","cat":295018},{"id":63768,"n":"Boisson aux fruits Oasis Pomme Cassis Framboise - 6x33cl","p":4.01,"u":"2,03 €/L","img":"https://fd9-photos.leclercdrive.fr/image.ashx?id=3014449&use=l&cat=p&typeid=i","cat":295018},{"id":63794,"n":"Soda Schweppes Saveur Citron - 6x33cl","p":3.67,"u":"1,85 €/L","img":"https://fd9-photos.leclercdrive.fr/image.ashx?id=2852743&use=l&cat=p&typeid=i","cat":284532},{"id":63795,"n":"Soda Schweppes Indian Tonic - 6x33cl","p":3.58,"u":"1,81 €/L","img":"https://fd9-photos.leclercdrive.fr/image.ashx?id=2852423&use=l&cat=p&typeid=i","cat":284531},{"id":63797,"n":"Soda Schweppes Saveur Agrumes - 6x33cl","p":3.45,"u":"1,74 €/L","img":"https://fd9-photos.leclercdrive.fr/image.ashx?id=2852737&use=l&cat=p&typeid=i","cat":284532},{"id":63798,"n":"Soda Schweppes Saveur Agrumes Zero - 6x33cl","p":3.08,"u":"1,56 €/L","img":"https://fd9-photos.leclercdrive.fr/image.ashx?id=2852740&use=l&cat=p&typeid=i","cat":284532},{"id":63824,"n":"Soda Coca-Cola Zéro Sans caféine - 1.25L","p":1.49,"u":"1,19 €/L","img":"https://fd9-photos.leclercdrive.fr/image.ashx?id=3009059&use=l&cat=p&typeid=i","cat":284530},{"id":63837,"n":"Champignons Eco+ Pieds et morceaux - 230g","p":0.82,"u":"3,57 €/KG","img":"https://fd9-photos.leclercdrive.fr/image.ashx?id=2783002&use=l&cat=p&typeid=i","cat":312610},{"id":63971,"n":"Escalope cordon bleu Père dodu Poulet x4 - 400g - Familial","p":3.75,"u":"9,38 €/KG","img":"https://fd9-photos.leclercdrive.fr/image.ashx?id=2957173&use=l&cat=p&typeid=i","cat":333683},{"id":63973,"n":"Cordon Bleu Père Dodu  Poulet x8 - 800g - Maxi Format","p":6.43,"u":"8,04 €/KG","img":"https://fd9-photos.leclercdrive.fr/image.ashx?id=2957176&use=l&cat=p&typeid=i","cat":333683},{"id":64061,"n":"Petits feuilletés Atelier Blini Coffret de nos régions - 485g","p":5.47,"u":"11,28 €/KG","img":"https://fd9-photos.leclercdrive.fr/image.ashx?id=1596371&use=l&cat=p&typeid=i","cat":319774},{"id":64062,"n":"Petits feuilletés Atelier Blini Fromager - 420g","p":5.47,"u":"13,02 €/KG","img":"https://fd9-photos.leclercdrive.fr/image.ashx?id=1738057&use=l&cat=p&typeid=i","cat":319774},{"id":64069,"n":"Petits fours Atelier Blini  Coffret - 415g","p":5.47,"u":"13,18 €/KG","img":"https://fd9-photos.leclercdrive.fr/image.ashx?id=1560322&use=l&cat=p&typeid=i","cat":319774},{"id":64109,"n":"Fromage blanc Délisse 3.2%mg 12x100g","p":2.69,"u":"2,24 €/KG","img":"https://fd9-photos.leclercdrive.fr/image.ashx?id=3012848&use=l&cat=p&typeid=i","cat":284409},{"id":64132,"n":"Baume hydratant Cicabiafine 400 ml","p":16.98,"u":"42,45 €/L","img":"https://fd9-photos.leclercdrive.fr/image.ashx?id=2993418&use=l&cat=p&typeid=i","cat":290421},{"id":64135,"n":"Lait hydratant Cicabiafine 400 ml","p":14.14,"u":"35,35 €/L","img":"https://fd9-photos.leclercdrive.fr/image.ashx?id=2993424&use=l&cat=p&typeid=i","cat":290421},{"id":64139,"n":"Crème mains parfumée Neutrogena 2x50 ml","p":7.85,"u":"157,00 €/L","img":"https://fd9-photos.leclercdrive.fr/image.ashx?id=2928837&use=l&cat=p&typeid=i","cat":290424},{"id":64140,"n":"Crème mains Cicabiafine Réparation intense - 2x75 ml","p":8.99,"u":"59,93 €/L","img":"https://fd9-photos.leclercdrive.fr/image.ashx?id=2971128&use=l&cat=p&typeid=i","cat":290424},{"id":64141,"n":"Crème mains Neutrogena Absorption rapide - 2x75 ml","p":8.99,"u":"59,93 €/L","img":"https://fd9-photos.leclercdrive.fr/image.ashx?id=2023002&use=l&cat=p&typeid=i","cat":290424},{"id":64142,"n":"Crème mains Cicabiafine Réparation intense - 75 ml","p":5.5,"u":"73,33 €/L","img":"https://fd9-photos.leclercdrive.fr/image.ashx?id=2993421&use=l&cat=p&typeid=i","cat":290424},{"id":64143,"n":"Crème pieds Neutrogena Pieds secs et abimés - 150 ml","p":8.99,"u":"59,93 €/L","img":"https://fd9-photos.leclercdrive.fr/image.ashx?id=2750033&use=l&cat=p&typeid=i","cat":290424},{"id":64148,"n":"Pansements ampoules Compeed x5","p":6.67,"u":"1,33 €/P","img":"https://fd9-photos.leclercdrive.fr/image.ashx?id=2022996&use=l&cat=p&typeid=i","cat":291163},{"id":64149,"n":"Pansements ampoules Compeed Format moyen - x5","p":5.98,"u":"1,20 €/P","img":"https://fd9-photos.leclercdrive.fr/image.ashx?id=2432794&use=l&cat=p&typeid=i","cat":290424},{"id":64161,"n":"Nettoyant Lipikar Syndet AP  La Roche Posay - 400 ml","p":12.99,"u":"32,48 €/L","img":"https://fd9-photos.leclercdrive.fr/image.ashx?id=2404779&use=l&cat=p&typeid=i","cat":301591},{"id":64167,"n":"Déodorant Bille Vichy Contrôle extrême - 2x50ml","p":13.49,"u":"134,90 €/L","img":"https://fd9-photos.leclercdrive.fr/image.ashx?id=2087325&use=l&cat=p&typeid=i","cat":301593},{"id":64174,"n":"Déodorant Physio La Roche Posay Aérosol - 24H - 2x150 ml","p":14.99,"u":"49,97 €/L","img":"https://fd9-photos.leclercdrive.fr/image.ashx?id=2087331&use=l&cat=p&typeid=i","cat":301593},{"id":64176,"n":"Toleriane La Roche Posay Dermo nettoyant - 400 ml","p":12.69,"u":"31,73 €/L","img":"https://fd9-photos.leclercdrive.fr/image.ashx?id=2864531&use=l&cat=p&typeid=i","cat":301587},{"id":64177,"n":"Eau micellaire La Roche Posay 400 ml","p":10.98,"u":"27,45 €/L","img":"https://fd9-photos.leclercdrive.fr/image.ashx?id=2863154&use=l&cat=p&typeid=i","cat":301587},{"id":64178,"n":"Gel moussant La Roche-Posay Purifiant - 400ml","p":11.79,"u":"29,48 €/L","img":"https://fd9-photos.leclercdrive.fr/image.ashx?id=2850557&use=l&cat=p&typeid=i","cat":301587},{"id":64179,"n":"Démaquillant 3en1 Vichy Pureté thermale - 300 ml","p":8.98,"u":"29,93 €/L","img":"https://fd9-photos.leclercdrive.fr/image.ashx?id=1971455&use=l&cat=p&typeid=i","cat":301587},{"id":64181,"n":"Respectissime La Rose Posay Démaquillant yeux waterp. 125ml","p":13.86,"u":"110,88 €/L","img":"https://fd9-photos.leclercdrive.fr/image.ashx?id=2863160&use=l&cat=p&typeid=i","cat":301587},{"id":64187,"n":"Capital soleil lait SPF50 Vichy 300 ml","p":16.89,"u":"56,30 €/L","img":"https://fd9-photos.leclercdrive.fr/image.ashx?id=1975616&use=l&cat=p&typeid=i","cat":290396},{"id":64191,"n":"Tomates cerises allongées Panier du Primeur - 250g","p":1.59,"u":"6,36 €/KG","img":"https://fd9-photos.leclercdrive.fr/image.ashx?id=2988099&use=l&cat=p&typeid=i","cat":284352},{"id":64195,"n":"Eau thermale La Roche Posay Peaux sensibles - 300 ml","p":7.89,"u":"26,30 €/L","img":"https://fd9-photos.leclercdrive.fr/image.ashx?id=1971623&use=l&cat=p&typeid=i","cat":301247},{"id":64197,"n":"Détranspirant Etiaxil Peaux normales  -15 ml","p":7.47,"u":"498,00 €/L","img":"https://fd9-photos.leclercdrive.fr/image.ashx?id=2189522&use=l&cat=p&typeid=i","cat":301593},{"id":64200,"n":"Hydralin apaisa Soin intime 400 ml","p":8.81,"u":"22,03 €/L","img":"https://fd9-photos.leclercdrive.fr/image.ashx?id=2905730&use=l&cat=p&typeid=i","cat":301348},{"id":64205,"n":"Dentifrice pâte Parodontax Protection gencives - 2x75ml","p":7.64,"img":"https://fd9-photos.leclercdrive.fr/image.ashx?id=2537078&use=l&cat=p&typeid=i","cat":290419},{"id":64207,"n":"Dentifrice gel Parodontax 2x75 ml","p":7.68,"u":"25,60 €/L","img":"https://fd9-photos.leclercdrive.fr/image.ashx?id=2536960&use=l&cat=p&typeid=i","cat":290419},{"id":64213,"n":"Liniment Oleothermal Uriage Soin Bébé - 500 ml","p":5.49,"u":"10,98 €/L","img":"https://fd9-photos.leclercdrive.fr/image.ashx?id=2689961&use=l&cat=p&typeid=i","cat":290387},{"id":64218,"n":"Surgras liquide Uriage 1 L","p":8.98,"u":"8,98 €/L","img":"https://fd9-photos.leclercdrive.fr/image.ashx?id=1955894&use=l&cat=p&typeid=i","cat":301591},{"id":64232,"n":"Lait corps Topicrem Ultra hydratant - 2x500 ml","p":19.99,"u":"19,99 €/L","img":"https://fd9-photos.leclercdrive.fr/image.ashx?id=2687023&use=l&cat=p&typeid=i","cat":290421},{"id":64233,"n":"Gelules cheveux+ongles Forcapil 3 mois - 180 gel. + 60 offertes","p":22.49,"img":"https://fd9-photos.leclercdrive.fr/image.ashx?id=2881918&use=l&cat=p&typeid=i","cat":301266},{"id":64235,"n":"Tétine en silicone MAM x2 Débit X - Dès 6 mois","p":5.28,"u":"2,64 €/P","img":"https://fd9-photos.leclercdrive.fr/image.ashx?id=2025407&use=l&cat=p&typeid=i","cat":290386},{"id":64236,"n":"Tétine en silicone MAM x2 Débit 3 - dès 4 mois","p":5.28,"u":"2,64 €/P","img":"https://fd9-photos.leclercdrive.fr/image.ashx?id=2025404&use=l&cat=p&typeid=i","cat":290386},{"id":64237,"n":"Tétine en silicone MAM x2 Débit 2 - dès 2 mois","p":5.28,"u":"2,64 €/P","img":"https://fd9-photos.leclercdrive.fr/image.ashx?id=2025401&use=l&cat=p&typeid=i","cat":290386},{"id":64238,"n":"Tétine x2 silicone MAM Débit 1 - dès la naissance","p":5.28,"u":"2,64 €/P","img":"https://fd9-photos.leclercdrive.fr/image.ashx?id=2025398&use=l&cat=p&typeid=i","cat":290386},{"id":64248,"n":"Nettoyant doux Abcderm Bioderma 1 L","p":10.95,"u":"10,95 €/L","img":"https://fd9-photos.leclercdrive.fr/image.ashx?id=2956403&use=l&cat=p&typeid=i","cat":290425},{"id":64287,"n":"Shampooing Natessance A l'huile de ricin  - 500 ml","p":7.39,"u":"14,78 €/L","img":"https://fd9-photos.leclercdrive.fr/image.ashx?id=2761387&use=l&cat=p&typeid=i","cat":290400},{"id":64292,"n":"Rêve de miel visage corps Nuxe Gel lavant surgras - 400ml","p":9.99,"u":"24,98 €/L","img":"https://fd9-photos.leclercdrive.fr/image.ashx?id=2651453&use=l&cat=p&typeid=i","cat":301591},{"id":64300,"n":"Huile prodigieuse Nuxe  Visage, corps, cheveux - 100ml","p":22.3,"u":"223,00 €/L","img":"https://fd9-photos.leclercdrive.fr/image.ashx?id=2651483&use=l&cat=p&typeid=i","cat":290422},{"id":64301,"n":"Huile prodigieuse riche Nuxe  Visage, corps, cheveux - 100ml","p":22.79,"u":"227,90 €/L","img":"https://fd9-photos.leclercdrive.fr/image.ashx?id=2651495&use=l&cat=p&typeid=i","cat":290422},{"id":64304,"n":"Stick lèvres Rêve de Miel Nuxe 4g","p":3.5,"u":"875,00 €/KG","img":"https://fd9-photos.leclercdrive.fr/image.ashx?id=2651459&use=l&cat=p&typeid=i","cat":291172},{"id":64306,"n":"Crème solaire visage corps Nuxe  Lait délicieux SPF30 - 150ml","p":18.05,"u":"120,33 €/L","img":"https://fd9-photos.leclercdrive.fr/image.ashx?id=2651474&use=l&cat=p&typeid=i","cat":290396},{"id":64321,"n":"Serum physiologique Physiodose 40 x 5ml","p":2.14,"u":"10,70 €/L","img":"https://fd9-photos.leclercdrive.fr/image.ashx?id=2057197&use=l&cat=p&typeid=i","cat":290385},{"id":64333,"n":"Gel hydratant Puraloe 250 ml","p":10.99,"u":"43,96 €/L","img":"https://fd9-photos.leclercdrive.fr/image.ashx?id=2118324&use=l&cat=p&typeid=i","cat":291171},{"id":64341,"n":"Crème Bébé Klorane au Cold Cream - 125ml","p":9.46,"u":"75,68 €/L","img":"https://fd9-photos.leclercdrive.fr/image.ashx?id=2377307&use=l&cat=p&typeid=i","cat":290425},{"id":64362,"n":"Démaquillant yeux Avene 125 ml","p":11.58,"u":"92,64 €/L","img":"https://fd9-photos.leclercdrive.fr/image.ashx?id=2985141&use=l&cat=p&typeid=i","cat":301587},{"id":64382,"n":"Brosse à dents Inava Souple 20/100","p":4.37,"img":"https://fd9-photos.leclercdrive.fr/image.ashx?id=2857470&use=l&cat=p&typeid=i","cat":290417},{"id":64384,"n":"Brosse à dents Inava Sensibilité","p":4.29,"img":"https://fd9-photos.leclercdrive.fr/image.ashx?id=2446089&use=l&cat=p&typeid=i","cat":290417},{"id":64388,"n":"Brosse à dents junior Inava 7/12 ans","p":3.28,"img":"https://fd9-photos.leclercdrive.fr/image.ashx?id=2373576&use=l&cat=p&typeid=i","cat":290417},{"id":64401,"n":"Spray assainissant Puressentiel 41 huiles essentielles - 200 ml","p":12.95,"u":"64,75 €/L","img":"https://fd9-photos.leclercdrive.fr/image.ashx?id=2988517&use=l&cat=p&typeid=i","cat":298633},{"id":64414,"n":"Bain de bouche Botot 150 ml","p":8.89,"u":"59,27 €/L","img":"https://fd9-photos.leclercdrive.fr/image.ashx?id=2378570&use=l&cat=p&typeid=i","cat":290416},{"id":64419,"n":"Crème change Weleda Soin bébé - 75 ml","p":6.48,"u":"86,40 €/L","img":"https://fd9-photos.leclercdrive.fr/image.ashx?id=2446977&use=l&cat=p&typeid=i","cat":290387},{"id":64420,"n":"Crème au calendula Weleda visage + corps - 75 ml","p":6.39,"u":"85,20 €/L","img":"https://fd9-photos.leclercdrive.fr/image.ashx?id=2505633&use=l&cat=p&typeid=i","cat":290421},{"id":64423,"n":"Savon végétal Weleda Au calendula - 100g","p":3.98,"u":"39,80 €/KG","img":"https://fd9-photos.leclercdrive.fr/image.ashx?id=2944849&use=l&cat=p&typeid=i","cat":301591},{"id":64666,"n":"Gâteaux moelleux Kinder Délice Coeur lait enrobé Cacao - x10","p":3.19,"u":"8,18 €/KG","img":"https://fd9-photos.leclercdrive.fr/image.ashx?id=2832476&use=l&cat=p&typeid=i","cat":284495},{"id":64680,"n":"Soupe liquide Liebig Potiron Kiri Brique - 2x30cl","p":2.06,"u":"3,43 €/L","img":"https://fd9-photos.leclercdrive.fr/image.ashx?id=2892136&use=l&cat=p&typeid=i","cat":284462},{"id":64684,"n":"Soupe liquide brique Liebig  Légumes façon Poêlée - 2x30cl","p":2.07,"u":"3,45 €/L","img":"https://fd9-photos.leclercdrive.fr/image.ashx?id=2598073&use=l&cat=p&typeid=i","cat":284462},{"id":64685,"n":"Soupe liquide Liebig  Potiron - 2x30cl","p":1.97,"u":"3,28 €/L","img":"https://fd9-photos.leclercdrive.fr/image.ashx?id=2369915&use=l&cat=p&typeid=i","cat":284462},{"id":64686,"n":"Soupe liquide brique Liebig  Velouté légumes soleil - 2x30cl","p":1.89,"u":"3,15 €/L","img":"https://fd9-photos.leclercdrive.fr/image.ashx?id=2203382&use=l&cat=p&typeid=i","cat":284462},{"id":64692,"n":"Chocolat Pâtissier Nestlé Dessert - Noir corsé - 200g","p":2.97,"u":"14,85 €/KG","img":"https://fd9-photos.leclercdrive.fr/image.ashx?id=2889895&use=l&cat=p&typeid=i","cat":285562},{"id":64889,"n":"Végétal Nuggets Garden Gourmet Soja et Blé 200g","p":2.45,"u":"12,25 €/KG","img":"https://fd9-photos.leclercdrive.fr/image.ashx?id=2963967&use=l&cat=p&typeid=i","cat":316036},{"id":64897,"n":"Tortellini à poêler Lustucru Jambon emmental - 300g","p":2.17,"u":"7,23 €/KG","img":"https://fd9-photos.leclercdrive.fr/image.ashx?id=2792393&use=l&cat=p&typeid=i","cat":333682},{"id":64929,"n":"Collants Body Touch Dim Voile noir - Taille 1","p":6.95,"img":"https://fd9-photos.leclercdrive.fr/image.ashx?id=2862077&use=l&cat=p&typeid=i","cat":334130},{"id":64934,"n":"Collants Body Touch Dim Voile noir - Taille 2","p":6.95,"img":"https://fd9-photos.leclercdrive.fr/image.ashx?id=3008041&use=l&cat=p&typeid=i","cat":334130},{"id":64935,"n":"Collants Body Touch Dim Voile noir - Taille 3","p":6.95,"img":"https://fd9-photos.leclercdrive.fr/image.ashx?id=3008044&use=l&cat=p&typeid=i","cat":334130},{"id":64936,"n":"Collants Body Touch Dim Voile noir - Taille 4","p":6.95,"img":"https://fd9-photos.leclercdrive.fr/image.ashx?id=2876086&use=l&cat=p&typeid=i","cat":334130},{"id":64942,"n":"Colllants Sublim brillant Dim Gazelle - Taille 3","p":5.4,"img":"https://fd9-photos.leclercdrive.fr/image.ashx?id=2183443&use=l&cat=p&typeid=i","cat":334130},{"id":64943,"n":"Collants Sublim brillant Dim Gazelle - Taille 4","p":5.4,"img":"https://fd9-photos.leclercdrive.fr/image.ashx?id=2183446&use=l&cat=p&typeid=i","cat":334130},{"id":64947,"n":"Collants Diam's Dim Voile galbe Noir - Taille 2","p":6.2,"img":"https://fd9-photos.leclercdrive.fr/image.ashx?id=2497079&use=l&cat=p&typeid=i","cat":334130},{"id":64948,"n":"Collants Diam's Dim Voile galbe Noir - Taille 3","p":6.2,"img":"https://fd9-photos.leclercdrive.fr/image.ashx?id=2497082&use=l&cat=p&typeid=i","cat":334130},{"id":64949,"n":"Collants Diam's Dim Voile galbe Noir - Taille 4","p":6.2,"img":"https://fd9-photos.leclercdrive.fr/image.ashx?id=2534656&use=l&cat=p&typeid=i","cat":334130},{"id":64964,"n":"Eau minérale gazeuse Quezac 6x1.15L","p":2.72,"u":"0,39 €/L","img":"https://fd9-photos.leclercdrive.fr/image.ashx?id=2975341&use=l&cat=p&typeid=i","cat":284536},{"id":64984,"n":"Lasagne de Boeuf  Maison Tino - 900g","p":9.47,"u":"10,52 €/KG","img":"https://fd9-photos.leclercdrive.fr/image.ashx?id=2681829&use=l&cat=p&typeid=i","cat":333666},{"id":65013,"n":"AIRWICK Spray Désodorisant  Pure Rafraichissant - 250ml","p":3.47,"u":"13,88 €/L","img":"https://fd9-photos.leclercdrive.fr/image.ashx?id=2962011&use=l&cat=p&typeid=i","cat":311626},{"id":65033,"n":"Dosettes Café Carte Noire  Arabica Corsé n°7 - x60 - 420g","p":9.16,"u":"21,81 €/KG","img":"https://fd9-photos.leclercdrive.fr/image.ashx?id=2922176&use=l&cat=p&typeid=i","cat":293238},{"id":65044,"n":"Biscuits petit déjeuner Belvita Miel & pépites chocolat - 435g","p":2.71,"u":"6,23 €/KG","img":"https://fd9-photos.leclercdrive.fr/image.ashx?id=2989441&use=l&cat=p&typeid=i","cat":284491},{"id":65061,"n":"Eau aromatisée Volvic zest  citron vert citron - 1,5L","p":1.08,"u":"0,72 €/L","img":"https://fd9-photos.leclercdrive.fr/image.ashx?id=2730259&use=l&cat=p&typeid=i","cat":284537},{"id":65253,"n":"Collants Diam's Dim Ventre plat Noir - Taille 2","p":9.85,"img":"https://fd9-photos.leclercdrive.fr/image.ashx?id=2636799&use=l&cat=p&typeid=i","cat":334130},{"id":65255,"n":"Collants Diam's Dim Ventre plat Noir - Taille 3","p":9.85,"img":"https://fd9-photos.leclercdrive.fr/image.ashx?id=2636802&use=l&cat=p&typeid=i","cat":334130},{"id":65276,"n":"Mi-bas sublim Dim Voile brillant noir T35/41 x2","p":3.89,"img":"https://fd9-photos.leclercdrive.fr/image.ashx?id=2840856&use=l&cat=p&typeid=i","cat":334130},{"id":65281,"n":"Mi-bas sublim Dim Gazelle T35/41 x2","p":3.89,"img":"https://fd9-photos.leclercdrive.fr/image.ashx?id=2176647&use=l&cat=p&typeid=i","cat":334130},{"id":65292,"n":"Collants Well Elastivoile Affinant Ibiza T1","p":5.5,"img":"https://fd9-photos.leclercdrive.fr/image.ashx?id=2056455&use=l&cat=p&typeid=i","cat":334130},{"id":65294,"n":"Collants Well Elastivoile Affinant Ibiza T3","p":5.5,"img":"https://fd9-photos.leclercdrive.fr/image.ashx?id=2056461&use=l&cat=p&typeid=i","cat":334130},{"id":65295,"n":"Collants Well Elastivoile Affinant Ibiza T4","p":5.5,"img":"https://fd9-photos.leclercdrive.fr/image.ashx?id=2056464&use=l&cat=p&typeid=i","cat":334130},{"id":65297,"n":"Collant Well Morphologie  Regular Opaque noir / -1m65","p":5.8,"img":"https://fd9-photos.leclercdrive.fr/image.ashx?id=2254736&use=l&cat=p&typeid=i","cat":334130},{"id":65306,"n":"Collants Modacolors Le Bourget  Opaque noir T3/4","p":5.95,"img":"https://fd9-photos.leclercdrive.fr/image.ashx?id=2056569&use=l&cat=p&typeid=i","cat":334130},{"id":65336,"n":"Café dosettes Tassimo L'Or Espresso Splendente x16","p":4.73,"u":"42,23 €/KG","img":"https://fd9-photos.leclercdrive.fr/image.ashx?id=2853404&use=l&cat=p&typeid=i","cat":293240},{"id":65337,"n":"Epices pour fajitas Old El Paso doux - 30g","p":1.26,"u":"42,00 €/KG","img":"https://fd9-photos.leclercdrive.fr/image.ashx?id=2737702&use=l&cat=p&typeid=i","cat":288993},{"id":65341,"n":"Bonbons LUTTI Koala Guimauve Chocolat - 185g","p":1.55,"u":"8,38 €/KG","img":"https://fd9-photos.leclercdrive.fr/image.ashx?id=2806147&use=l&cat=p&typeid=i","cat":304250},{"id":65342,"n":"Bonbons LUTTI Surffizz Piquants Fruits - 200g","p":1.09,"u":"5,45 €/KG","img":"https://fd9-photos.leclercdrive.fr/image.ashx?id=2806144&use=l&cat=p&typeid=i","cat":304250},{"id":65366,"n":"Bière blonde Affligem Pack 6.7% vol. - 20x25cl","p":15.32,"u":"3,06 €/L","img":"https://fd9-photos.leclercdrive.fr/image.ashx?id=2774274&use=l&cat=p&typeid=i","cat":334852},{"id":65426,"n":"Olives dénoyautées Croc Frais Méditerranéenne - 500g","p":4.11,"u":"8,22 €/KG","img":"https://fd9-photos.leclercdrive.fr/image.ashx?id=2589416&use=l&cat=p&typeid=i","cat":316002},{"id":65822,"n":"Dentifrice Parodontax Fraicheur intense 2x75ml","p":8.19,"u":"54,60 €/L","img":"https://fd9-photos.leclercdrive.fr/image.ashx?id=2537237&use=l&cat=p&typeid=i","cat":290419},{"id":65856,"n":"Cica lèvres Uriage Bariéderm - 15ml","p":4.89,"u":"326,00 €/L","img":"https://fd9-photos.leclercdrive.fr/image.ashx?id=2735452&use=l&cat=p&typeid=i","cat":291172},{"id":65866,"n":"Eau micellaire La Roche Posay Peaux réactives - 400ml","p":9.93,"u":"24,83 €/L","img":"https://fd9-photos.leclercdrive.fr/image.ashx?id=2863157&use=l&cat=p&typeid=i","cat":301587},{"id":65873,"n":"Shampooing apaisant Bioderma 400ml","p":8.94,"u":"22,35 €/L","img":"https://fd9-photos.leclercdrive.fr/image.ashx?id=2956400&use=l&cat=p&typeid=i","cat":290400},{"id":65874,"n":"Shampooing TGel Neutrogena Anti démangeaisons - 250ml","p":13.77,"u":"55,08 €/L","img":"https://fd9-photos.leclercdrive.fr/image.ashx?id=2760976&use=l&cat=p&typeid=i","cat":290400},{"id":65876,"n":"Shampooing Nodé K Bioderma 150ml","p":11.39,"u":"75,93 €/L","img":"https://fd9-photos.leclercdrive.fr/image.ashx?id=2086066&use=l&cat=p&typeid=i","cat":290400},{"id":65904,"n":"Liniment Mots d'Enfants 500ml","p":3.9,"u":"7,80 €/L","img":"https://fd9-photos.leclercdrive.fr/image.ashx?id=2290721&use=l&cat=p&typeid=i","cat":284741},{"id":65926,"n":"Guacamole Extra l'Atelier Blini 175g","p":3.51,"u":"20,06 €/KG","img":"https://fd9-photos.leclercdrive.fr/image.ashx?id=2852504&use=l&cat=p&typeid=i","cat":315999},{"id":65950,"n":"Gel toilette intime Doulys 200ml","p":2.47,"u":"12,35 €/L","img":"https://fd9-photos.leclercdrive.fr/image.ashx?id=1703245&use=l&cat=p&typeid=i","cat":284627},{"id":65970,"n":"Crème légère fluide Bridélice 12%MG - 3x20cl","p":2.41,"u":"4,02 €/L","img":"https://fd9-photos.leclercdrive.fr/image.ashx?id=2904736&use=l&cat=p&typeid=i","cat":284381},{"id":65972,"n":"Poires Douceur du Verger Sirop léger - 225 g","p":1.29,"u":"5,73 €/KG","img":"https://fd9-photos.leclercdrive.fr/image.ashx?id=2228007&use=l&cat=p&typeid=i","cat":284507},{"id":66019,"n":"Crème mains Neutrogena  Parfumée - 50ml","p":4.13,"u":"82,60 €/L","img":"https://fd9-photos.leclercdrive.fr/image.ashx?id=2929074&use=l&cat=p&typeid=i","cat":290424},{"id":66021,"n":"Soin lavant Saforelle Doux - 500ml","p":9.98,"u":"19,96 €/L","img":"https://fd9-photos.leclercdrive.fr/image.ashx?id=2022057&use=l&cat=p&typeid=i","cat":301348},{"id":66024,"n":"Dermoliquide émulsion Saugella 500ml","p":8.22,"u":"16,44 €/L","img":"https://fd9-photos.leclercdrive.fr/image.ashx?id=2086135&use=l&cat=p&typeid=i","cat":301348},{"id":66029,"n":"Déodorant bille La Roche Posay Physiologique - 50ml","p":7.97,"u":"159,40 €/L","img":"https://fd9-photos.leclercdrive.fr/image.ashx?id=2128878&use=l&cat=p&typeid=i","cat":301593},{"id":66033,"n":"Déodorant Bille Vichy Homme - 50ml","p":7.06,"u":"141,20 €/L","img":"https://fd9-photos.leclercdrive.fr/image.ashx?id=2405563&use=l&cat=p&typeid=i","cat":301593},{"id":66034,"n":"Déodorant aérosol Vichy Anti-transpirant - 125 ml","p":7.05,"u":"56,40 €/L","img":"https://fd9-photos.leclercdrive.fr/image.ashx?id=1971446&use=l&cat=p&typeid=i","cat":301593},{"id":66218,"n":"Lait Lipikar La Roche Posay 400ml","p":13.71,"u":"34,28 €/L","img":"https://fd9-photos.leclercdrive.fr/image.ashx?id=2741484&use=l&cat=p&typeid=i","cat":290421},{"id":66284,"n":"Saucisson sec Saint-Azay 30 tranches - 100g","p":1.43,"u":"14,30 €/KG","img":"https://fd9-photos.leclercdrive.fr/image.ashx?id=2753478&use=l&cat=p&typeid=i","cat":316007},{"id":66289,"n":"Barre Chocolat Noisettes Nuts x6 barres - 252g","p":3.32,"u":"13,17 €/KG","img":"https://fd9-photos.leclercdrive.fr/image.ashx?id=2991006&use=l&cat=p&typeid=i","cat":284498},{"id":66293,"n":"Eau aromatisée Volvic juicy jus de fraise - 6x50cl","p":3.97,"u":"1,32 €/L","img":"https://fd9-photos.leclercdrive.fr/image.ashx?id=2961996&use=l&cat=p&typeid=i","cat":284537},{"id":66356,"n":"Café Soluble Nescafé  Cappuccino Classique - 280g","p":4.44,"u":"15,86 €/KG","img":"https://fd9-photos.leclercdrive.fr/image.ashx?id=2918044&use=l&cat=p&typeid=i","cat":284843},{"id":66359,"n":"Café moulu Jacques Vabre Colombie 100% Arabica - 250g","p":4.4,"u":"17,60 €/KG","img":"https://fd9-photos.leclercdrive.fr/image.ashx?id=2570754&use=l&cat=p&typeid=i","cat":284750},{"id":66366,"n":"Déodorant compressé Sanex  Zéro % Extra control - 100ml","p":3.52,"u":"35,20 €/L","img":"https://fd9-photos.leclercdrive.fr/image.ashx?id=2664274&use=l&cat=p&typeid=i","cat":284618},{"id":66368,"n":"Déodorant sanex zéro % spray  compressé peau sensible - 100ml","p":3.68,"u":"36,80 €/L","img":"https://fd9-photos.leclercdrive.fr/image.ashx?id=2692851&use=l&cat=p&typeid=i","cat":284618},{"id":66369,"n":"Déodorant Nivea Fresh natural - 150ml","p":2.05,"u":"13,67 €/L","img":"https://fd9-photos.leclercdrive.fr/image.ashx?id=3005221&use=l&cat=p&typeid=i","cat":284618},{"id":66555,"n":"Café moulu Bio Village Bio Ethiopie - 250g","p":4.35,"u":"17,40 €/KG","img":"https://fd9-photos.leclercdrive.fr/image.ashx?id=2468876&use=l&cat=p&typeid=i","cat":284750},{"id":66557,"n":"Boisson amande Bio Bjorg 2x1L + 1L offert","p":4.47,"u":"1,49 €/L","img":"https://fd9-photos.leclercdrive.fr/image.ashx?id=2148008&use=l&cat=p&typeid=i","cat":316067},{"id":66651,"n":"Doonuts nappés St Michel 180g","p":1.76,"u":"9,78 €/KG","img":"https://fd9-photos.leclercdrive.fr/image.ashx?id=2928495&use=l&cat=p&typeid=i","cat":284495},{"id":66652,"n":"Doonuts marbrés St Michel 180g","p":1.82,"u":"10,11 €/KG","img":"https://fd9-photos.leclercdrive.fr/image.ashx?id=2962299&use=l&cat=p&typeid=i","cat":284495},{"id":66745,"n":"Lait velouté hydratant Uriage 500ml","p":13.53,"u":"27,06 €/L","img":"https://fd9-photos.leclercdrive.fr/image.ashx?id=2773751&use=l&cat=p&typeid=i","cat":290421},{"id":66746,"n":"Tomme de brebis Lou Pérac Fromage de brebis - 200g","p":4.15,"u":"20,75 €/KG","img":"https://fd9-photos.leclercdrive.fr/image.ashx?id=2758840&use=l&cat=p&typeid=i","cat":329184},{"id":66747,"n":"Ma Crème anglaise Bridélice UHT - 50cl","p":1.75,"u":"3,50 €/L","img":"https://fd9-photos.leclercdrive.fr/image.ashx?id=2643086&use=l&cat=p&typeid=i","cat":284382},{"id":66794,"n":"Biscuits Nat&Vie Soja/orange - 200g","p":0.96,"u":"4,80 €/KG","img":"https://fd9-photos.leclercdrive.fr/image.ashx?id=2460613&use=l&cat=p&typeid=i","cat":318651},{"id":66803,"n":"Biscuits Nutella B-ready Cacao noisettes - 330g","p":3.88,"u":"11,76 €/KG","img":"https://fd9-photos.leclercdrive.fr/image.ashx?id=2770599&use=l&cat=p&typeid=i","cat":284488},{"id":66804,"n":"Biscuits Nutella B-ready Cacao Noisettes - 220g","p":2.81,"u":"12,77 €/KG","img":"https://fd9-photos.leclercdrive.fr/image.ashx?id=2630784&use=l&cat=p&typeid=i","cat":284488},{"id":66838,"n":"Gel coiffant Vitanove  Fixation béton - 250ml","p":1.61,"u":"6,44 €/L","img":"https://fd9-photos.leclercdrive.fr/image.ashx?id=2823087&use=l&cat=p&typeid=i","cat":284609},{"id":66843,"n":"Bandes de cire froide Siliss Visage - x32","p":2.19,"u":"0,07 €/P","img":"https://fd9-photos.leclercdrive.fr/image.ashx?id=2510741&use=l&cat=p&typeid=i","cat":325351},{"id":66965,"n":"Matière grasse Primevere Oméga 3 - 55% - 500g","p":2.82,"u":"5,64 €/KG","img":"https://fd9-photos.leclercdrive.fr/image.ashx?id=2939328&use=l&cat=p&typeid=i","cat":315229},{"id":66968,"n":"Beurre tendre Président Doux - 82% MG - 250g","p":3.13,"u":"12,52 €/KG","img":"https://fd9-photos.leclercdrive.fr/image.ashx?id=2811944&use=l&cat=p&typeid=i","cat":284379},{"id":66974,"n":"Quart de jambon sec Saint Azay 18 tranches - 220g","p":2.84,"u":"12,91 €/KG","img":"https://fd9-photos.leclercdrive.fr/image.ashx?id=2503278&use=l&cat=p&typeid=i","cat":316007},{"id":66982,"n":"Truite eau douce Ronde des Mers x4 tranches - 100g","p":3.24,"u":"32,40 €/KG","img":"https://fd9-photos.leclercdrive.fr/image.ashx?id=2839924&use=l&cat=p&typeid=i","cat":285188},{"id":66989,"n":"Yaourt bifidus Activia céréales noix - 4x120g","p":2.08,"u":"4,33 €/KG","img":"https://fd9-photos.leclercdrive.fr/image.ashx?id=2901623&use=l&cat=p&typeid=i","cat":315000},{"id":66990,"n":"Yaourt bifidus Activia céréales muesli - 4x120g","p":1.89,"u":"3,94 €/KG","img":"https://fd9-photos.leclercdrive.fr/image.ashx?id=2901620&use=l&cat=p&typeid=i","cat":315000},{"id":67010,"n":"Protège-slip Nana Voile Si Discret x32 2+1 offert","p":2.62,"u":"0,08 €/P","img":"https://fd9-photos.leclercdrive.fr/image.ashx?id=1645581&use=l&cat=p&typeid=i","cat":284625},{"id":67143,"n":"Quatro de graines Daco Bello Grillées - Non salées - 175g","p":4.24,"u":"24,23 €/KG","img":"https://fd9-photos.leclercdrive.fr/image.ashx?id=2298544&use=l&cat=p&typeid=i","cat":284357},{"id":67151,"n":"Croustilles Belin Cacahuète - 4x138g","p":5.2,"u":"9,42 €/KG","img":"https://fd9-photos.leclercdrive.fr/image.ashx?id=2940477&use=l&cat=p&typeid=i","cat":284449},{"id":67168,"n":"Yaourt à boire Actimel fruits pêche gelée royale - 12x100g","p":4.96,"u":"4,13 €/KG","img":"https://fd9-photos.leclercdrive.fr/image.ashx?id=2996473&use=l&cat=p&typeid=i","cat":284415},{"id":67378,"n":"Sirop Eco+ Grenadine - 1L","p":1.72,"u":"1,72 €/L","img":"https://fd9-photos.leclercdrive.fr/image.ashx?id=2647868&use=l&cat=p&typeid=i","cat":295020},{"id":67393,"n":"Beurre gastronomique Président Doux - 82% MG - 250g","p":2.74,"u":"10,96 €/KG","img":"https://fd9-photos.leclercdrive.fr/image.ashx?id=3011104&use=l&cat=p&typeid=i","cat":284379},{"id":67459,"n":"Haricots blancs Eco+ 530g","p":0.95,"u":"1,79 €/KG","img":"https://fd9-photos.leclercdrive.fr/image.ashx?id=2482866&use=l&cat=p&typeid=i","cat":312606},{"id":67460,"n":"Champignons Pieds morceaux - 460g","p":1.43,"u":"3,11 €/KG","img":"https://fd9-photos.leclercdrive.fr/image.ashx?id=1959981&use=l&cat=p&typeid=i","cat":312610},{"id":67568,"n":"Curry moulu Rustica 42g","p":0.55,"u":"13,10 €/KG","img":"https://fd9-photos.leclercdrive.fr/image.ashx?id=2426100&use=l&cat=p&typeid=i","cat":298297},{"id":67569,"n":"Oignon semoule Rustica Déshydraté - 30g","p":1.02,"u":"34,00 €/KG","img":"https://fd9-photos.leclercdrive.fr/image.ashx?id=1209767&use=l&cat=p&typeid=i","cat":298297},{"id":67571,"n":"Poivre noir Rustica Moulin - 28g","p":1.22,"u":"43,57 €/KG","img":"https://fd9-photos.leclercdrive.fr/image.ashx?id=1691339&use=l&cat=p&typeid=i","cat":284457},{"id":67572,"n":"Ciboulette Rustica 4g","p":0.43,"u":"107,50 €/KG","img":"https://fd9-photos.leclercdrive.fr/image.ashx?id=1209323&use=l&cat=p&typeid=i","cat":298297},{"id":67573,"n":"Cumin moulu Rustica 32g","p":0.59,"u":"18,44 €/KG","img":"https://fd9-photos.leclercdrive.fr/image.ashx?id=1209758&use=l&cat=p&typeid=i","cat":298297},{"id":67620,"n":"Persil Rustica 5g","p":0.39,"u":"78,00 €/KG","img":"https://fd9-photos.leclercdrive.fr/image.ashx?id=1209464&use=l&cat=p&typeid=i","cat":298297},{"id":67621,"n":"Paprika doux moulu Rustica  40g","p":0.49,"u":"12,25 €/KG","img":"https://fd9-photos.leclercdrive.fr/image.ashx?id=1210086&use=l&cat=p&typeid=i","cat":298297},{"id":67622,"n":"Thym Rustica 14g","p":0.4,"u":"28,57 €/KG","img":"https://fd9-photos.leclercdrive.fr/image.ashx?id=1209755&use=l&cat=p&typeid=i","cat":298297},{"id":67652,"n":"Poivre gris moulu Flacon - 36g","p":1.11,"u":"30,83 €/KG","img":"https://fd9-photos.leclercdrive.fr/image.ashx?id=1209749&use=l&cat=p&typeid=i","cat":284457},{"id":67653,"n":"Gingembre moulu Rustica 27g","p":1.19,"u":"44,07 €/KG","img":"https://fd9-photos.leclercdrive.fr/image.ashx?id=1209770&use=l&cat=p&typeid=i","cat":298297},{"id":67667,"n":"Purée de tomate Panzani Tomacouli nature - 500g","p":0.88,"u":"1,76 €/KG","img":"https://fd9-photos.leclercdrive.fr/image.ashx?id=2979623&use=l&cat=p&typeid=i","cat":288384},{"id":67678,"n":"Curcuma moulu Rustica 37g","p":0.66,"u":"17,84 €/KG","img":"https://fd9-photos.leclercdrive.fr/image.ashx?id=1210213&use=l&cat=p&typeid=i","cat":298297},{"id":67680,"n":"Herbes de provence Rustica 120g","p":2.6,"u":"21,67 €/KG","img":"https://fd9-photos.leclercdrive.fr/image.ashx?id=1210392&use=l&cat=p&typeid=i","cat":298297},{"id":67681,"n":"Herbes de Provence Rustica 18g","p":0.41,"u":"22,78 €/KG","img":"https://fd9-photos.leclercdrive.fr/image.ashx?id=1210398&use=l&cat=p&typeid=i","cat":298297},{"id":67682,"n":"Noix de Muscade Rustica Moulue - 32g","p":1.35,"u":"42,19 €/KG","img":"https://fd9-photos.leclercdrive.fr/image.ashx?id=1210407&use=l&cat=p&typeid=i","cat":298297},{"id":67683,"n":"Persillade Rustica 95g","p":1.74,"u":"18,32 €/KG","img":"https://fd9-photos.leclercdrive.fr/image.ashx?id=2420397&use=l&cat=p&typeid=i","cat":298297},{"id":67693,"n":"Piment de Cayenne Rustica 38g","p":1.09,"u":"28,68 €/KG","img":"https://fd9-photos.leclercdrive.fr/image.ashx?id=1210404&use=l&cat=p&typeid=i","cat":298297},{"id":67712,"n":"Yaourts nature Délisse Au lait chèvre - 4x125g","p":1.84,"u":"3,68 €/KG","img":"https://fd9-photos.leclercdrive.fr/image.ashx?id=1231988&use=l&cat=p&typeid=i","cat":314998},{"id":67807,"n":"Nettoyant spray Clair Javel - Cuisine - 750ml","p":1.73,"u":"2,31 €/L","img":"https://fd9-photos.leclercdrive.fr/image.ashx?id=1935847&use=l&cat=p&typeid=i","cat":325357},{"id":67885,"n":"Crème fraîche épaisse Président Entière 30%mg - 45cl","p":2.2,"u":"4,89 €/L","img":"https://fd9-photos.leclercdrive.fr/image.ashx?id=2971948&use=l&cat=p&typeid=i","cat":284381},{"id":67890,"n":"Mélange de fruits de mer Costa - 360g","p":7.42,"u":"20,61 €/KG","img":"https://fd9-photos.leclercdrive.fr/image.ashx?id=2741132&use=l&cat=p&typeid=i","cat":319787},{"id":67915,"n":"Baby carottes Florette 250g","p":2.16,"u":"8,64 €/KG","img":"https://fd9-photos.leclercdrive.fr/image.ashx?id=2786492&use=l&cat=p&typeid=i","cat":284352},{"id":68012,"n":"Crème dessert Bio Les 2 vaches Chocolat - 4x95g","p":1.68,"u":"4,42 €/KG","img":"https://fd9-photos.leclercdrive.fr/image.ashx?id=2774100&use=l&cat=p&typeid=i","cat":285041},{"id":68087,"n":"Ananas Douceur du Verger Tranches brisées -  340g","p":1.59,"u":"4,68 €/KG","img":"https://fd9-photos.leclercdrive.fr/image.ashx?id=2485086&use=l&cat=p&typeid=i","cat":284507},{"id":68088,"n":"Cannelle Rustica 39g","p":0.88,"u":"22,56 €/KG","img":"https://fd9-photos.leclercdrive.fr/image.ashx?id=2772960&use=l&cat=p&typeid=i","cat":298297},{"id":68090,"n":"Champignons Bio Village Bio Emincés - 170g","p":2.25,"u":"13,24 €/KG","img":"https://fd9-photos.leclercdrive.fr/image.ashx?id=2401201&use=l&cat=p&typeid=i","cat":312610},{"id":68093,"n":"Champignons Paris Notre Jardin Entiers - 2x115g","p":1.85,"u":"8,04 €/KG","img":"https://fd9-photos.leclercdrive.fr/image.ashx?id=2991139&use=l&cat=p&typeid=i","cat":312610},{"id":68095,"n":"Yaourt à la grecque YAOS Nature lit de fraises 4x125g","p":2.34,"u":"4,68 €/KG","img":"https://fd9-photos.leclercdrive.fr/image.ashx?id=2729734&use=l&cat=p&typeid=i","cat":314999},{"id":68145,"n":"Courge Spaghetti  La pièce","p":2.75,"img":"https://fd9-photos.leclercdrive.fr/image.ashx?id=1631269&use=l&cat=p&typeid=i","cat":284352},{"id":68214,"n":"Biscuits Petits Cœurs LU Chocolat - 125g","p":1.11,"u":"8,88 €/KG","img":"https://fd9-photos.leclercdrive.fr/image.ashx?id=3002021&use=l&cat=p&typeid=i","cat":284488},{"id":68217,"n":"Biscuits Croc Sablé Pépito  Chocolat - 294g","p":1.18,"u":"4,01 €/KG","img":"https://fd9-photos.leclercdrive.fr/image.ashx?id=2347254&use=l&cat=p&typeid=i","cat":284488},{"id":68278,"n":"Recharge gel lavant Manava Hypoallergénique - 250ml","p":0.66,"u":"2,64 €/L","img":"https://fd9-photos.leclercdrive.fr/image.ashx?id=2333802&use=l&cat=p&typeid=i","cat":284597},{"id":68445,"n":"Recharge crème lavante Manava Framboise pivoine - 250ml","p":0.57,"u":"2,28 €/L","img":"https://fd9-photos.leclercdrive.fr/image.ashx?id=1217946&use=l&cat=p&typeid=i","cat":284597},{"id":68452,"n":"Lingettes hygiène intime Doulys Individuelles - x16","p":1.59,"u":"0,10 €/P","img":"https://fd9-photos.leclercdrive.fr/image.ashx?id=2671825&use=l&cat=p&typeid=i","cat":284627},{"id":68453,"n":"Gel lavant Manava Hypoallergénique - 300ml","p":1.05,"u":"3,50 €/L","img":"https://fd9-photos.leclercdrive.fr/image.ashx?id=2935528&use=l&cat=p&typeid=i","cat":284597},{"id":68475,"n":"Culotte Chorys Médium nuit - x12","p":8.56,"u":"0,71 €/P","img":"https://fd9-photos.leclercdrive.fr/image.ashx?id=2158233&use=l&cat=p&typeid=i","cat":284628},{"id":68476,"n":"Culotte Chorys Absorption plus large nuit x10","p":7.14,"u":"0,71 €/P","img":"https://fd9-photos.leclercdrive.fr/image.ashx?id=2704490&use=l&cat=p&typeid=i","cat":284628},{"id":68479,"n":"Couches de bain Mots d'Enfants Baby Swim - Taille S - x12","p":6.1,"img":"https://fd9-photos.leclercdrive.fr/image.ashx?id=2533202&use=l&cat=p&typeid=i","cat":290634},{"id":68482,"n":"Couches de bain Mots d'Enfants Baby Swim - Taille M - x11","p":5.7,"u":"0,52 €/P","img":"https://fd9-photos.leclercdrive.fr/image.ashx?id=2533205&use=l&cat=p&typeid=i","cat":290634},{"id":68486,"n":"Tampon Nett  Digital normal boite - x24","p":2.24,"u":"0,09 €/P","img":"https://fd9-photos.leclercdrive.fr/image.ashx?id=2359657&use=l&cat=p&typeid=i","cat":284626},{"id":68504,"n":"AOC Jurançon  Domaine Laguilhon - 75cl","p":7.95,"u":"10,60 €/L","img":"https://fd9-photos.leclercdrive.fr/image.ashx?id=2855223&use=l&cat=p&typeid=i","cat":289557},{"id":68735,"n":"Thé vert Bio Clipper Détox - 20 sachets - 40g","p":2.28,"u":"57,00 €/KG","img":"https://fd9-photos.leclercdrive.fr/image.ashx?id=2922098&use=l&cat=p&typeid=i","cat":293233},{"id":68737,"n":"Crème de coco légère Bio Bjorg  20cl","p":1.37,"u":"6,85 €/L","img":"https://fd9-photos.leclercdrive.fr/image.ashx?id=2936386&use=l&cat=p&typeid=i","cat":288992},{"id":68824,"n":"Coton maxi carré Inell Aloé Vera - x50","p":1.72,"u":"0,03 €/P","img":"https://fd9-photos.leclercdrive.fr/image.ashx?id=1959190&use=l&cat=p&typeid=i","cat":284636},{"id":68839,"n":"Ananas Douceur du Verger Tranches entières - 340g","p":1.87,"u":"5,50 €/KG","img":"https://fd9-photos.leclercdrive.fr/image.ashx?id=2119148&use=l&cat=p&typeid=i","cat":284507},{"id":68862,"n":"Pâte à tartiner Nustikao 600g","p":2.73,"u":"4,55 €/KG","img":"https://fd9-photos.leclercdrive.fr/image.ashx?id=2834311&use=l&cat=p&typeid=i","cat":284481},{"id":68863,"n":"Compote Douceur du Verger Gourdes Pomme - 12x90g","p":2.95,"u":"2,73 €/KG","img":"https://fd9-photos.leclercdrive.fr/image.ashx?id=2317276&use=l&cat=p&typeid=i","cat":284508},{"id":68864,"n":"Compote Douceur du Verger Bocal pomme poire - 710g","p":1.75,"u":"2,46 €/KG","img":"https://fd9-photos.leclercdrive.fr/image.ashx?id=2263224&use=l&cat=p&typeid=i","cat":284508},{"id":68865,"n":"Compote Douceur du Verger Bocal pomme vanille - 710g","p":1.57,"u":"2,21 €/KG","img":"https://fd9-photos.leclercdrive.fr/image.ashx?id=2663542&use=l&cat=p&typeid=i","cat":284508},{"id":68866,"n":"Compote Douceur du Verger Bocal pomme - 710g","p":1.27,"u":"1,79 €/KG","img":"https://fd9-photos.leclercdrive.fr/image.ashx?id=1929343&use=l&cat=p&typeid=i","cat":284508},{"id":68868,"n":"Riz long Bio Village Bio semi complet - 500g","p":2.25,"u":"4,50 €/KG","img":"https://fd9-photos.leclercdrive.fr/image.ashx?id=2441513&use=l&cat=p&typeid=i","cat":284428},{"id":68881,"n":"Litchis Douceur du Verger Sirop léger - 250g","p":2.74,"u":"10,96 €/KG","img":"https://fd9-photos.leclercdrive.fr/image.ashx?id=2485089&use=l&cat=p&typeid=i","cat":284507},{"id":68882,"n":"Compote bio Bio Village Coupelle pomme - 8x100g","p":2.89,"u":"3,61 €/KG","img":"https://fd9-photos.leclercdrive.fr/image.ashx?id=1947749&use=l&cat=p&typeid=i","cat":284508},{"id":68914,"n":"Riz Basmati Comptoir du grain Variété Traditionelle - 1kg","p":3.56,"u":"3,56 €/KG","img":"https://fd9-photos.leclercdrive.fr/image.ashx?id=2583271&use=l&cat=p&typeid=i","cat":284428},{"id":68935,"n":"Soupe Régal Soupe Poule pot vermicelles - 1L","p":2.02,"u":"2,02 €/L","img":"https://fd9-photos.leclercdrive.fr/image.ashx?id=1648063&use=l&cat=p&typeid=i","cat":284462},{"id":68951,"n":"Crème dessert La Laitière  Velours de crème caramel 4x85g","p":1.99,"u":"5,85 €/KG","img":"https://fd9-photos.leclercdrive.fr/image.ashx?id=3007930&use=l&cat=p&typeid=i","cat":285041},{"id":68952,"n":"Crème dessert La Laitière Velours de crème chocolat 4x85g","p":2.19,"u":"6,44 €/KG","img":"https://fd9-photos.leclercdrive.fr/image.ashx?id=2633824&use=l&cat=p&typeid=i","cat":285041},{"id":68953,"n":"Crème dessert La Laitière Chocolat Caramel - 4x85g","p":2.19,"u":"6,44 €/KG","img":"https://fd9-photos.leclercdrive.fr/image.ashx?id=2633827&use=l&cat=p&typeid=i","cat":285041},{"id":68986,"n":"Lait d'amande Bio Village Sans sucre bio - 1L","p":1.41,"u":"1,41 €/L","img":"https://fd9-photos.leclercdrive.fr/image.ashx?id=2358099&use=l&cat=p&typeid=i","cat":316067},{"id":68996,"n":"Crackers bio Bio Village Emmental courge - 200g","p":2.69,"u":"13,45 €/KG","img":"https://fd9-photos.leclercdrive.fr/image.ashx?id=2310507&use=l&cat=p&typeid=i","cat":297000},{"id":69006,"n":"Tomates séchées Rustica Bocal - 280g","p":2.5,"u":"8,93 €/KG","img":"https://fd9-photos.leclercdrive.fr/image.ashx?id=1222392&use=l&cat=p&typeid=i","cat":284458},{"id":69014,"n":"Mayonnaise Rustica Moutarde de dijon - 710g","p":2.49,"u":"3,51 €/KG","img":"https://fd9-photos.leclercdrive.fr/image.ashx?id=2420391&use=l&cat=p&typeid=i","cat":298295},{"id":69061,"n":"Yaourt nature Danone 4x125g","p":0.9,"u":"1,80 €/KG","img":"https://fd9-photos.leclercdrive.fr/image.ashx?id=2911184&use=l&cat=p&typeid=i","cat":284409},{"id":69062,"n":"Yaourt nature Danone 12x125g","p":2.75,"u":"1,83 €/KG","img":"https://fd9-photos.leclercdrive.fr/image.ashx?id=2915688&use=l&cat=p&typeid=i","cat":284409},{"id":69069,"n":"Yaourts brassés velouté Danone Nature - 12x125g","p":3.61,"u":"2,41 €/KG","img":"https://fd9-photos.leclercdrive.fr/image.ashx?id=2865581&use=l&cat=p&typeid=i","cat":284409},{"id":69108,"n":"Muesli duo pépites de chocolats  bio Terres et Céréales -1kg","p":5.48,"u":"5,48 €/KG","img":"https://fd9-photos.leclercdrive.fr/image.ashx?id=2802452&use=l&cat=p&typeid=i","cat":309512},{"id":69128,"n":"Chocolat Excellence Abtey Chardons Ball - 220g","p":5.95,"u":"27,05 €/KG","img":"https://fd9-photos.leclercdrive.fr/image.ashx?id=2367178&use=l&cat=p&typeid=i","cat":327595},{"id":69141,"n":"Papier cuisson Elembal Rouleau 8m","p":1.07,"u":"0,13 €/MT","img":"https://fd9-photos.leclercdrive.fr/image.ashx?id=2169168&use=l&cat=p&typeid=i","cat":334134},{"id":69145,"n":"Crème lavante Manava Framboise pivoine - 300ml","p":1.28,"u":"4,27 €/L","img":"https://fd9-photos.leclercdrive.fr/image.ashx?id=2337399&use=l&cat=p&typeid=i","cat":284597},{"id":69147,"n":"Café dosettes Tassimo L'Or Café Long Classique x16","p":4.64,"u":"44,62 €/KG","img":"https://fd9-photos.leclercdrive.fr/image.ashx?id=2160312&use=l&cat=p&typeid=i","cat":293240},{"id":69148,"n":"Café dosettes Tassimo L'Or Café Long Intense x16","p":4.75,"u":"37,11 €/KG","img":"https://fd9-photos.leclercdrive.fr/image.ashx?id=2290599&use=l&cat=p&typeid=i","cat":293240},{"id":69150,"n":"Nettoyant multi surfaces Clair Citron - 1.5L","p":1.7,"u":"1,13 €/L","img":"https://fd9-photos.leclercdrive.fr/image.ashx?id=2534211&use=l&cat=p&typeid=i","cat":284907},{"id":69151,"n":"Nettoyant multi surfaces Clair Pins - 1.5L","p":1.7,"u":"1,13 €/L","img":"https://fd9-photos.leclercdrive.fr/image.ashx?id=2369164&use=l&cat=p&typeid=i","cat":284907},{"id":69152,"n":"Nettoyant multi surfaces Clair Fleurs - 1.5L","p":1.7,"u":"1,13 €/L","img":"https://fd9-photos.leclercdrive.fr/image.ashx?id=2381556&use=l&cat=p&typeid=i","cat":284907},{"id":69154,"n":"Nettoyant multi surfaces Clair Savon de Marseille - 1.5L","p":1.7,"u":"1,13 €/L","img":"https://fd9-photos.leclercdrive.fr/image.ashx?id=2081708&use=l&cat=p&typeid=i","cat":284907},{"id":69155,"n":"Nettoyant multi surfaces Clair Savon noir - 1.5L","p":1.7,"u":"1,13 €/L","img":"https://fd9-photos.leclercdrive.fr/image.ashx?id=2074656&use=l&cat=p&typeid=i","cat":284907},{"id":69213,"n":"Frites à peau McCain Côté Resto - 650g","p":2.73,"u":"4,20 €/KG","img":"https://fd9-photos.leclercdrive.fr/image.ashx?id=2927047&use=l&cat=p&typeid=i","cat":319791},{"id":69215,"n":"Pains wrap Epi d'Or Nature x6 - 383g","p":1.95,"u":"5,09 €/KG","img":"https://fd9-photos.leclercdrive.fr/image.ashx?id=2425488&use=l&cat=p&typeid=i","cat":284985},{"id":69233,"n":"Capsules café L'Or Espresso Ristretto N°11 x10","p":3.09,"u":"59,42 €/KG","img":"https://fd9-photos.leclercdrive.fr/image.ashx?id=2260869&use=l&cat=p&typeid=i","cat":284749},{"id":69268,"n":"Liquide vaisselle Rainett Citron écologique - 750ml","p":1.72,"u":"2,29 €/L","img":"https://fd9-photos.leclercdrive.fr/image.ashx?id=2297129&use=l&cat=p&typeid=i","cat":284655},{"id":69280,"n":"Couches bébé Mots d'enfants Midi T3 4/9kg - x50 changes","p":6.35,"u":"0,13 €/P","img":"https://fd9-photos.leclercdrive.fr/image.ashx?id=2579375&use=l&cat=p&typeid=i","cat":284737},{"id":69281,"n":"Couches bébé Mots d'enfants Ultra confort T4 7/18kg - x44","p":6.35,"u":"0,14 €/P","img":"https://fd9-photos.leclercdrive.fr/image.ashx?id=2301620&use=l&cat=p&typeid=i","cat":284737},{"id":69282,"n":"Couches bébé Mots d'enfants Ultra confort T4+  9/20kg - x41","p":6.35,"u":"0,15 €/P","img":"https://fd9-photos.leclercdrive.fr/image.ashx?id=2699723&use=l&cat=p&typeid=i","cat":284737},{"id":69283,"n":"Couches bébé Mots d'enfants Ultra confort T5 11/25kg - x39","p":6.35,"u":"0,16 €/P","img":"https://fd9-photos.leclercdrive.fr/image.ashx?id=2301529&use=l&cat=p&typeid=i","cat":284737},{"id":69284,"n":"Couches bébé Mots d'enfants Ultra confort T6  16/23kg - x33","p":6.35,"u":"0,19 €/P","img":"https://fd9-photos.leclercdrive.fr/image.ashx?id=2699729&use=l&cat=p&typeid=i","cat":284737},{"id":69285,"n":"Couches bébé Mots d'enfants T4 Ultra confort 7/18kg - x144","p":19.85,"u":"0,14 €/P","img":"https://fd9-photos.leclercdrive.fr/image.ashx?id=1986653&use=l&cat=p&typeid=i","cat":284737},{"id":69286,"n":"Couches bébé Mots d'enfants T5 Ultra confort 11/25kg - x136","p":19.85,"u":"0,15 €/P","img":"https://fd9-photos.leclercdrive.fr/image.ashx?id=2691833&use=l&cat=p&typeid=i","cat":284737},{"id":69317,"n":"Eau minérale naturelle Vittel 6x1.5L","p":2.86,"u":"0,32 €/L","img":"https://fd9-photos.leclercdrive.fr/image.ashx?id=3000441&use=l&cat=p&typeid=i","cat":284535},{"id":69385,"n":"Fromage à Raclette RichesMonts  Duo Classique 3 Poivres - 420G","p":5.87,"u":"13,98 €/KG","img":"https://fd9-photos.leclercdrive.fr/image.ashx?id=2953818&use=l&cat=p&typeid=i","cat":314037},{"id":69396,"n":"Fromage à Raclette RichesMonts  Sans croûte 18 Tranches - 420g","p":5.37,"u":"12,79 €/KG","img":"https://fd9-photos.leclercdrive.fr/image.ashx?id=2960765&use=l&cat=p&typeid=i","cat":314037},{"id":69740,"n":"Mini-feuilletés Côté Table Apéritifs - x80 - 740g","p":6.83,"u":"9,23 €/KG","img":"https://fd9-photos.leclercdrive.fr/image.ashx?id=2238045&use=l&cat=p&typeid=i","cat":319774},{"id":69910,"n":"Origan Rustica 11g","p":0.6,"u":"54,55 €/KG","img":"https://fd9-photos.leclercdrive.fr/image.ashx?id=1232057&use=l&cat=p&typeid=i","cat":298297},{"id":69973,"n":"Baguette 250g","p":0.26,"u":"1,04 €/KG","img":"https://fd9-photos.leclercdrive.fr/image.ashx?id=2063008&use=l&cat=p&typeid=i","cat":284359},{"id":70114,"n":"Biscuits p'tit dèj BN Extra céréales complètes - 200g","p":1.71,"u":"8,55 €/KG","img":"https://fd9-photos.leclercdrive.fr/image.ashx?id=2603471&use=l&cat=p&typeid=i","cat":284491},{"id":70117,"n":"Biscuits Mc Vitie's Original - 400g","p":1.61,"u":"4,03 €/KG","img":"https://fd9-photos.leclercdrive.fr/image.ashx?id=2310182&use=l&cat=p&typeid=i","cat":284487},{"id":70123,"n":"Fromage blanc Danone Nature 3%MG - 8x100g","p":3.0,"u":"3,75 €/KG","img":"https://fd9-photos.leclercdrive.fr/image.ashx?id=2792075&use=l&cat=p&typeid=i","cat":284409},{"id":70126,"n":"Fromage blanc Danone Nature 3%MG - 4x100g","p":1.8,"u":"4,50 €/KG","img":"https://fd9-photos.leclercdrive.fr/image.ashx?id=2833225&use=l&cat=p&typeid=i","cat":284409},{"id":70389,"n":"Café dosettes Tassimo L'Or Cappuccino x8","p":4.78,"u":"17,90 €/KG","img":"https://fd9-photos.leclercdrive.fr/image.ashx?id=2100305&use=l&cat=p&typeid=i","cat":293240},{"id":70480,"n":"Chocolats Ferrero Collection Assortiments x24 - 269g","p":9.98,"u":"37,10 €/KG","img":"https://fd9-photos.leclercdrive.fr/image.ashx?id=2871181&use=l&cat=p&typeid=i","cat":327595},{"id":70579,"n":"Fromage Caprice des Dieux  200g","p":2.88,"u":"14,40 €/KG","img":"https://fd9-photos.leclercdrive.fr/image.ashx?id=2762438&use=l&cat=p&typeid=i","cat":314033},{"id":70914,"n":"Poivre noir grains Rustica 90g","p":2.32,"u":"25,78 €/KG","img":"https://fd9-photos.leclercdrive.fr/image.ashx?id=1236848&use=l&cat=p&typeid=i","cat":284457},{"id":70993,"n":"Coulommiers Président  350g","p":2.76,"u":"7,89 €/KG","img":"https://fd9-photos.leclercdrive.fr/image.ashx?id=2029862&use=l&cat=p&typeid=i","cat":314033},{"id":71009,"n":"Sucre vanillé des Isles Alsa x8 sachets - 60g","p":2.72,"u":"45,33 €/KG","img":"https://fd9-photos.leclercdrive.fr/image.ashx?id=2775053&use=l&cat=p&typeid=i","cat":294686},{"id":71037,"n":"Collant Caprice Le Bourget Dessous chics - 20D Noir - T2","p":11.5,"img":"https://fd9-photos.leclercdrive.fr/image.ashx?id=2561667&use=l&cat=p&typeid=i","cat":334130},{"id":71038,"n":"Collant Caprice Le Bourget Dessous chics - 20D Noir - T3","p":11.5,"img":"https://fd9-photos.leclercdrive.fr/image.ashx?id=2561670&use=l&cat=p&typeid=i","cat":334130},{"id":71039,"n":"Collant Caprice Le Bourget Dessous chics - 20D Noir - T4","p":11.5,"img":"https://fd9-photos.leclercdrive.fr/image.ashx?id=2561673&use=l&cat=p&typeid=i","cat":334130},{"id":71060,"n":"Basilic Rustica 11g","p":0.39,"u":"35,45 €/KG","img":"https://fd9-photos.leclercdrive.fr/image.ashx?id=1238478&use=l&cat=p&typeid=i","cat":298297},{"id":71075,"n":"Vinaigrette biphase Rustica Tomate/ Balsamique - 50cl","p":2.72,"u":"5,44 €/L","img":"https://fd9-photos.leclercdrive.fr/image.ashx?id=1972937&use=l&cat=p&typeid=i","cat":284456},{"id":71077,"n":"Vinaigrette biphase Rustica Ciboulette/Echalote - 50cl","p":2.79,"u":"5,58 €/L","img":"https://fd9-photos.leclercdrive.fr/image.ashx?id=1943241&use=l&cat=p&typeid=i","cat":284456},{"id":71090,"n":"Boisson énergisante Red bull 6x250ml","p":6.71,"u":"4,47 €/L","img":"https://fd9-photos.leclercdrive.fr/image.ashx?id=3011989&use=l&cat=p&typeid=i","cat":284533},{"id":71099,"n":"IGP Pays d'Oc Merlot vin rouge Vieux Carion 12% vol - BIB 3L","p":7.99,"u":"2,66 €/L","img":"https://fd9-photos.leclercdrive.fr/image.ashx?id=2905231&use=l&cat=p&typeid=i","cat":289560},{"id":71102,"n":"Bière Desperados 65cl","p":2.46,"u":"3,78 €/L","img":"https://fd9-photos.leclercdrive.fr/image.ashx?id=2977960&use=l&cat=p&typeid=i","cat":334878},{"id":71106,"n":"Ail semoule Rustica 110g","p":1.39,"u":"12,64 €/KG","img":"https://fd9-photos.leclercdrive.fr/image.ashx?id=2870038&use=l&cat=p&typeid=i","cat":298297},{"id":71107,"n":"Bouquet garni entier Rustica 17g","p":1.68,"u":"98,82 €/KG","img":"https://fd9-photos.leclercdrive.fr/image.ashx?id=1710608&use=l&cat=p&typeid=i","cat":298297},{"id":71154,"n":"Arôme vanille Tablier Blanc 200ml","p":2.31,"u":"11,55 €/L","img":"https://fd9-photos.leclercdrive.fr/image.ashx?id=2487476&use=l&cat=p&typeid=i","cat":284504},{"id":71155,"n":"Ail semoule Rustica Flacon - 60g","p":0.99,"u":"16,50 €/KG","img":"https://fd9-photos.leclercdrive.fr/image.ashx?id=2797790&use=l&cat=p&typeid=i","cat":298297},{"id":71157,"n":"Herbe de provence haché Rustica 40g","p":0.89,"u":"22,25 €/KG","img":"https://fd9-photos.leclercdrive.fr/image.ashx?id=2935226&use=l&cat=p&typeid=i","cat":298297},{"id":71158,"n":"Poivre gris moulu Rustica Boite - 90g","p":2.29,"u":"25,44 €/KG","img":"https://fd9-photos.leclercdrive.fr/image.ashx?id=1239440&use=l&cat=p&typeid=i","cat":284457},{"id":71164,"n":"Gel lavant Bionaïa Abricot bio - 300ml","p":1.79,"u":"5,97 €/L","img":"https://fd9-photos.leclercdrive.fr/image.ashx?id=1880926&use=l&cat=p&typeid=i","cat":284597},{"id":71192,"n":"Bisque de homard Liebig 2x300g","p":4.38,"u":"7,30 €/KG","img":"https://fd9-photos.leclercdrive.fr/image.ashx?id=2185846&use=l&cat=p&typeid=i","cat":305147},{"id":71351,"n":"Cocktail Pêche Océan Fruits de mer - 500g","p":4.94,"u":"9,88 €/KG","img":"https://fd9-photos.leclercdrive.fr/image.ashx?id=2498047&use=l&cat=p&typeid=i","cat":319787},{"id":71417,"n":"Petits pois très fins Eco  560g","p":1.15,"u":"2,05 €/KG","img":"https://fd9-photos.leclercdrive.fr/image.ashx?id=3003711&use=l&cat=p&typeid=i","cat":312607},{"id":71419,"n":"Petits pois carottes Eco  530g","p":1.12,"u":"2,11 €/KG","img":"https://fd9-photos.leclercdrive.fr/image.ashx?id=2440697&use=l&cat=p&typeid=i","cat":312607},{"id":71422,"n":"Macedoine de legumes Eco  530g","p":1.11,"u":"2,09 €/KG","img":"https://fd9-photos.leclercdrive.fr/image.ashx?id=2449229&use=l&cat=p&typeid=i","cat":312612},{"id":71423,"n":"Flageolets verts fins Eco  530g","p":1.19,"u":"2,25 €/KG","img":"https://fd9-photos.leclercdrive.fr/image.ashx?id=2398755&use=l&cat=p&typeid=i","cat":312606},{"id":71426,"n":"Lentilles Eco+ 530g","p":1.02,"u":"1,92 €/KG","img":"https://fd9-photos.leclercdrive.fr/image.ashx?id=2448956&use=l&cat=p&typeid=i","cat":312609},{"id":71429,"n":"Haricots verts extra fins Eco  440g","p":1.04,"u":"2,36 €/KG","img":"https://fd9-photos.leclercdrive.fr/image.ashx?id=3003726&use=l&cat=p&typeid=i","cat":312606},{"id":71431,"n":"Tomates entières pelées Eco+ - 480g","p":1.1,"u":"2,29 €/KG","img":"https://fd9-photos.leclercdrive.fr/image.ashx?id=3003729&use=l&cat=p&typeid=i","cat":312608},{"id":71433,"n":"Choux-fleurs Eco+ 1kg","p":1.31,"u":"1,31 €/KG","img":"https://fd9-photos.leclercdrive.fr/image.ashx?id=2729254&use=l&cat=p&typeid=i","cat":319805},{"id":71439,"n":"Filets de colin d'Alaska Eco+ 10x100g","p":5.32,"u":"5,32 €/KG","img":"https://fd9-photos.leclercdrive.fr/image.ashx?id=1668300&use=l&cat=p&typeid=i","cat":319786},{"id":71442,"n":"Cassoulet Eco+ 840g","p":1.97,"u":"2,35 €/KG","img":"https://fd9-photos.leclercdrive.fr/image.ashx?id=2518529&use=l&cat=p&typeid=i","cat":284440},{"id":71444,"n":"Galettes au beurre Eco+ x16 - 125g","p":0.64,"u":"5,12 €/KG","img":"https://fd9-photos.leclercdrive.fr/image.ashx?id=2371533&use=l&cat=p&typeid=i","cat":284487},{"id":71446,"n":"Biscuits aux oeufs Eco+ x60 - 400g","p":1.63,"u":"4,08 €/KG","img":"https://fd9-photos.leclercdrive.fr/image.ashx?id=2523664&use=l&cat=p&typeid=i","cat":284487},{"id":71448,"n":"Raviolis à la sauce tomate Eco+ 800g","p":1.71,"u":"2,14 €/KG","img":"https://fd9-photos.leclercdrive.fr/image.ashx?id=2571923&use=l&cat=p&typeid=i","cat":284442},{"id":71451,"n":"Serviettes maxi nuit Eco+ x10","p":0.64,"u":"0,06 €/P","img":"https://fd9-photos.leclercdrive.fr/image.ashx?id=2177511&use=l&cat=p&typeid=i","cat":284624},{"id":71469,"n":"DOC Prosecco extra-dry blanc 7% vol - 75cl","p":4.99,"u":"6,65 €/L","img":"https://fd9-photos.leclercdrive.fr/image.ashx?id=1911804&use=l&cat=p&typeid=i","cat":289461},{"id":71489,"n":"Croissants Epi d'Or x8 - 320g","p":1.7,"u":"5,31 €/KG","img":"https://fd9-photos.leclercdrive.fr/image.ashx?id=2860766&use=l&cat=p&typeid=i","cat":296366},{"id":71491,"n":"Croissants Epi d'Or x14 - 560g","p":2.79,"u":"4,98 €/KG","img":"https://fd9-photos.leclercdrive.fr/image.ashx?id=2860769&use=l&cat=p&typeid=i","cat":296366},{"id":71498,"n":"Lait concentré Délisse Non sucré x10  - 75g","p":0.44,"u":"5,87 €/KG","img":"https://fd9-photos.leclercdrive.fr/image.ashx?id=1974848&use=l&cat=p&typeid=i","cat":299162},{"id":71524,"n":"Goûter rectangle P'tit Déli Fourré chocolat - 125g","p":1.19,"u":"9,52 €/KG","img":"https://fd9-photos.leclercdrive.fr/image.ashx?id=2619725&use=l&cat=p&typeid=i","cat":284488},{"id":71535,"n":"Pommes de terre NRT à l'échirlète - 600g","p":3.55,"u":"5,92 €/KG","img":"https://fd9-photos.leclercdrive.fr/image.ashx?id=2699855&use=l&cat=p&typeid=i","cat":319792},{"id":71553,"n":"Déodorant Manava Freesia Orchidée - 200ml","p":1.34,"u":"6,70 €/L","img":"https://fd9-photos.leclercdrive.fr/image.ashx?id=1952919&use=l&cat=p&typeid=i","cat":284595},{"id":71563,"n":"Mayonnaise Rustica A la moutarde de Dijon - 720g","p":2.45,"u":"3,40 €/KG","img":"https://fd9-photos.leclercdrive.fr/image.ashx?id=2367027&use=l&cat=p&typeid=i","cat":298295},{"id":71565,"n":"Pêches Douceur du Verger Sirop léger - 465g","p":1.62,"u":"3,48 €/KG","img":"https://fd9-photos.leclercdrive.fr/image.ashx?id=2313190&use=l&cat=p&typeid=i","cat":284507},{"id":71566,"n":"Sauce Soja Tables Du Monde 125ml","p":1.29,"u":"10,32 €/L","img":"https://fd9-photos.leclercdrive.fr/image.ashx?id=2679765&use=l&cat=p&typeid=i","cat":288992},{"id":71568,"n":"Sauce soja sucrée Table du monde - 125ml","p":0.83,"u":"6,64 €/L","img":"https://fd9-photos.leclercdrive.fr/image.ashx?id=2679762&use=l&cat=p&typeid=i","cat":288992},{"id":71575,"n":"Test de grossesse Primoplast x1","p":0.73,"img":"https://fd9-photos.leclercdrive.fr/image.ashx?id=1949260&use=l&cat=p&typeid=i","cat":324482},{"id":71578,"n":"Crème lavante Manava Surgras - 300ml","p":1.12,"u":"3,73 €/L","img":"https://fd9-photos.leclercdrive.fr/image.ashx?id=2935513&use=l&cat=p&typeid=i","cat":284597},{"id":71579,"n":"Recharge crème lavante Manava Surgras - 250ml","p":0.66,"u":"2,64 €/L","img":"https://fd9-photos.leclercdrive.fr/image.ashx?id=2935516&use=l&cat=p&typeid=i","cat":284597},{"id":71599,"n":"Bicarbonate de soude Clair 500g","p":1.5,"u":"3,00 €/KG","img":"https://fd9-photos.leclercdrive.fr/image.ashx?id=1874021&use=l&cat=p&typeid=i","cat":325365},{"id":71600,"n":"Champignons Notre Jardin Emincés, épais - 230g","p":1.43,"u":"6,22 €/KG","img":"https://fd9-photos.leclercdrive.fr/image.ashx?id=2049076&use=l&cat=p&typeid=i","cat":312610},{"id":71602,"n":"Change bébé Mots d'Enfants Nouveau né - T1 - 2/5kg - x23","p":2.36,"u":"0,10 €/P","img":"https://fd9-photos.leclercdrive.fr/image.ashx?id=2487165&use=l&cat=p&typeid=i","cat":284737},{"id":71629,"n":"Boisson végétale Bio Village Lait amande intense bio - 1l","p":2.39,"u":"2,39 €/L","img":"https://fd9-photos.leclercdrive.fr/image.ashx?id=2386185&use=l&cat=p&typeid=i","cat":316067},{"id":71698,"n":"Nappe damassée Homeside Jaune - 7m","p":2.96,"u":"0,42 €/MT","img":"https://fd9-photos.leclercdrive.fr/image.ashx?id=1419626&use=l&cat=p&typeid=i","cat":334134},{"id":72032,"n":"Bière blonde Affligem 6.7% vol -  Fût 5L","p":20.33,"u":"4,07 €/L","img":"https://fd9-photos.leclercdrive.fr/image.ashx?id=2672722&use=l&cat=p&typeid=i","cat":334879},{"id":72164,"n":"Soda au cola Pepsi Zéro sucres Le lot de 4x1.5L","p":4.52,"u":"0,75 €/L","img":"https://fd9-photos.leclercdrive.fr/image.ashx?id=2692560&use=l&cat=p&typeid=i","cat":284530},{"id":72448,"n":"Gateaux Ourson Lu Fraise - 3x150g","p":3.72,"u":"8,27 €/KG","img":"https://fd9-photos.leclercdrive.fr/image.ashx?id=3004777&use=l&cat=p&typeid=i","cat":284495},{"id":72734,"n":"Pain de mie Schär - Céréales Sans gluten - 300g","p":3.49,"u":"11,63 €/KG","img":"https://fd9-photos.leclercdrive.fr/image.ashx?id=2659421&use=l&cat=p&typeid=i","cat":318654},{"id":72786,"n":"Bière blonde Pelforth Fût pression - 5L","p":15.94,"u":"3,19 €/L","img":"https://fd9-photos.leclercdrive.fr/image.ashx?id=2767249&use=l&cat=p&typeid=i","cat":334879},{"id":72789,"n":"Bière blonde Desperados Fût 5L","p":19.89,"u":"3,98 €/L","img":"https://fd9-photos.leclercdrive.fr/image.ashx?id=2983513&use=l&cat=p&typeid=i","cat":334879},{"id":72791,"n":"Bière Desperados 3x33cl","p":4.35,"u":"4,39 €/L","img":"https://fd9-photos.leclercdrive.fr/image.ashx?id=2983120&use=l&cat=p&typeid=i","cat":334878},{"id":72815,"n":"Saumon fumé Labeyrie Norvège 12 tranches - 450g","p":13.97,"u":"31,04 €/KG","img":"https://fd9-photos.leclercdrive.fr/image.ashx?id=2916770&use=l&cat=p&typeid=i","cat":285188},{"id":72934,"n":"Sauce nuoc mam Tables du monde 125ml","p":0.91,"u":"7,28 €/L","img":"https://fd9-photos.leclercdrive.fr/image.ashx?id=2679771&use=l&cat=p&typeid=i","cat":288992},{"id":72988,"n":"Eau Micellaire Biphase Garnier Maquillage Waterproof - 400ml","p":4.24,"u":"10,60 €/L","img":"https://fd9-photos.leclercdrive.fr/image.ashx?id=2286299&use=l&cat=p&typeid=i","cat":284603},{"id":73006,"n":"Sauce pour nems Tables du monde 125ml","p":0.99,"u":"7,92 €/L","img":"https://fd9-photos.leclercdrive.fr/image.ashx?id=2526306&use=l&cat=p&typeid=i","cat":288992},{"id":73084,"n":"Crème Hydratante Visage Mixa Peaux Sensibles - 100ml","p":2.76,"u":"27,60 €/L","img":"https://fd9-photos.leclercdrive.fr/image.ashx?id=2300749&use=l&cat=p&typeid=i","cat":325345},{"id":73314,"n":"Protège matelas Tissaia Microrespirant -140x190cm","p":18.95,"img":"https://fd9-photos.leclercdrive.fr/image.ashx?id=1220895&use=l&cat=p&typeid=i","cat":288835},{"id":73315,"n":"Protège matelas Tissaia Microrespirant - 90x190cm","p":15.95,"img":"https://fd9-photos.leclercdrive.fr/image.ashx?id=1220898&use=l&cat=p&typeid=i","cat":288835},{"id":73316,"n":"Protège matelas Tissaia Microrespirant -160x200cm","p":22.95,"img":"https://fd9-photos.leclercdrive.fr/image.ashx?id=1220892&use=l&cat=p&typeid=i","cat":288835},{"id":73336,"n":"Oreiller Tissaïa Mémoire de forme 45x70cm - x1","p":18.95,"u":"Dont 0,20 € d'éco-part.","img":"https://fd9-photos.leclercdrive.fr/image.ashx?id=2648478&use=l&cat=p&typeid=i","cat":288835},{"id":73697,"n":"Compote Allégée en sucres Eco+ Bocal pomme - 720g","p":0.85,"u":"1,18 €/KG","img":"https://fd9-photos.leclercdrive.fr/image.ashx?id=2459569&use=l&cat=p&typeid=i","cat":284508},{"id":73706,"n":"Riz basmati Eco+ 1kg","p":2.01,"u":"2,01 €/KG","img":"https://fd9-photos.leclercdrive.fr/image.ashx?id=2141651&use=l&cat=p&typeid=i","cat":284428},{"id":73708,"n":"Purée de tomate Eco+ Brique - 500g","p":0.52,"u":"1,04 €/KG","img":"https://fd9-photos.leclercdrive.fr/image.ashx?id=1454520&use=l&cat=p&typeid=i","cat":288384},{"id":73717,"n":"Pommes de terre Eco+ 530g","p":1.17,"u":"2,21 €/KG","img":"https://fd9-photos.leclercdrive.fr/image.ashx?id=2473186&use=l&cat=p&typeid=i","cat":312612},{"id":73727,"n":"Bouchées pour chats  Eco+ Boeuf poulet légumes - 410g","p":0.79,"u":"1,93 €/KG","img":"https://fd9-photos.leclercdrive.fr/image.ashx?id=1292464&use=l&cat=p&typeid=i","cat":285601},{"id":73729,"n":"Tartelettes à la fraise Eco+ x12 - 200g","p":0.8,"u":"4,00 €/KG","img":"https://fd9-photos.leclercdrive.fr/image.ashx?id=2320728&use=l&cat=p&typeid=i","cat":284489},{"id":73732,"n":"Gel WC javel Eco+ 750ml","p":0.57,"u":"0,76 €/L","img":"https://fd9-photos.leclercdrive.fr/image.ashx?id=2768074&use=l&cat=p&typeid=i","cat":284662},{"id":73781,"n":"Maïs doux Eco+ 285g","p":0.79,"u":"2,77 €/KG","img":"https://fd9-photos.leclercdrive.fr/image.ashx?id=1993137&use=l&cat=p&typeid=i","cat":312611},{"id":73783,"n":"Cocktail 4 fruits Eco+ Sirop léger - 500 g","p":1.66,"u":"3,32 €/KG","img":"https://fd9-photos.leclercdrive.fr/image.ashx?id=2183107&use=l&cat=p&typeid=i","cat":284507},{"id":73785,"n":"Gateaux fourrage chocolat Eco+ x14 - 420g","p":1.98,"u":"4,71 €/KG","img":"https://fd9-photos.leclercdrive.fr/image.ashx?id=2970438&use=l&cat=p&typeid=i","cat":284369},{"id":73793,"n":"Goûters ronds Eco+ Fourrés chocolat - 500g","p":1.35,"u":"2,70 €/KG","img":"https://fd9-photos.leclercdrive.fr/image.ashx?id=1938825&use=l&cat=p&typeid=i","cat":284488},{"id":73797,"n":"Pâtes Eco+ Macaroni - 1kg","p":1.01,"u":"1,01 €/KG","img":"https://fd9-photos.leclercdrive.fr/image.ashx?id=2540924&use=l&cat=p&typeid=i","cat":284427},{"id":73798,"n":"Pâtes Eco+ Coquillettes - 1kg","p":1.03,"u":"1,03 €/KG","img":"https://fd9-photos.leclercdrive.fr/image.ashx?id=2517181&use=l&cat=p&typeid=i","cat":284427},{"id":73799,"n":"Pâtes Eco+ Torsades - 1kg","p":1.0,"u":"1,00 €/KG","img":"https://fd9-photos.leclercdrive.fr/image.ashx?id=2517184&use=l&cat=p&typeid=i","cat":284427},{"id":73800,"n":"Dosettes café Eco+ 100% arabica - x48 - 336g","p":4.32,"u":"12,86 €/KG","img":"https://fd9-photos.leclercdrive.fr/image.ashx?id=2190665&use=l&cat=p&typeid=i","cat":293238},{"id":73801,"n":"Dosettes café Eco+ 100% Robusta - x48 - 336g","p":4.09,"u":"12,17 €/KG","img":"https://fd9-photos.leclercdrive.fr/image.ashx?id=2229326&use=l&cat=p&typeid=i","cat":293238},{"id":73803,"n":"Shampooing aux oeufs Eco+ 750ml","p":0.53,"u":"0,71 €/L","img":"https://fd9-photos.leclercdrive.fr/image.ashx?id=2779178&use=l&cat=p&typeid=i","cat":284606},{"id":73804,"n":"Lingettes démaquillantes Eco+ x25","p":0.67,"u":"0,03 €/P","img":"https://fd9-photos.leclercdrive.fr/image.ashx?id=2282156&use=l&cat=p&typeid=i","cat":284603},{"id":73805,"n":"Biscuit fourré cacao Eco+ x12 - 225g","p":0.93,"u":"4,13 €/KG","img":"https://fd9-photos.leclercdrive.fr/image.ashx?id=2597615&use=l&cat=p&typeid=i","cat":284488},{"id":73806,"n":"Eau de javel Eco+ 3x250ml","p":0.46,"u":"0,61 €/L","img":"https://fd9-photos.leclercdrive.fr/image.ashx?id=2949164&use=l&cat=p&typeid=i","cat":284661},{"id":73807,"n":"Carré coton bébé Eco+ x60","p":1.01,"u":"0,02 €/P","img":"https://fd9-photos.leclercdrive.fr/image.ashx?id=1962762&use=l&cat=p&typeid=i","cat":284739},{"id":74047,"n":"Parmentier de porc Eco+ 1kg","p":2.6,"u":"2,60 €/KG","img":"https://fd9-photos.leclercdrive.fr/image.ashx?id=2774885&use=l&cat=p&typeid=i","cat":284254},{"id":74048,"n":"Lasagnes à la bolognaise Eco + 1kg","p":2.54,"u":"2,54 €/KG","img":"https://fd9-photos.leclercdrive.fr/image.ashx?id=2191379&use=l&cat=p&typeid=i","cat":284254},{"id":74089,"n":"Batonnets Poissons panés Eco+ x15 - 450g","p":1.62,"u":"3,60 €/KG","img":"https://fd9-photos.leclercdrive.fr/image.ashx?id=2843565&use=l&cat=p&typeid=i","cat":319788},{"id":74090,"n":"Nectar Multifruits Eco+ Brique - 2L","p":1.38,"u":"0,69 €/L","img":"https://fd9-photos.leclercdrive.fr/image.ashx?id=2751853&use=l&cat=p&typeid=i","cat":284917},{"id":74091,"n":"Mozzarella Eco+ 18%mg - 125g","p":0.76,"u":"6,08 €/KG","img":"https://fd9-photos.leclercdrive.fr/image.ashx?id=2161272&use=l&cat=p&typeid=i","cat":314026},{"id":74094,"n":"Paella Eco+ Sachet - 1kg","p":3.59,"u":"3,59 €/KG","img":"https://fd9-photos.leclercdrive.fr/image.ashx?id=2801771&use=l&cat=p&typeid=i","cat":284254},{"id":74105,"n":"Pur jus d'orange Eco  1.5L","p":2.46,"u":"1,64 €/L","img":"https://fd9-photos.leclercdrive.fr/image.ashx?id=2720136&use=l&cat=p&typeid=i","cat":284521},{"id":74110,"n":"Chorizo doux Eco+ 250g","p":1.66,"u":"6,64 €/KG","img":"https://fd9-photos.leclercdrive.fr/image.ashx?id=2129987&use=l&cat=p&typeid=i","cat":316006},{"id":74112,"n":"Pommes frites Eco+ 1kg","p":1.68,"u":"1,68 €/KG","img":"https://fd9-photos.leclercdrive.fr/image.ashx?id=2666545&use=l&cat=p&typeid=i","cat":319791},{"id":74114,"n":"Eau de source Eco+ 12x50cl","p":1.61,"u":"0,27 €/L","img":"https://fd9-photos.leclercdrive.fr/image.ashx?id=2991416&use=l&cat=p&typeid=i","cat":284535},{"id":74115,"n":"Petit Brie Eco+ 32%mg - 500g","p":3.39,"u":"6,78 €/KG","img":"https://fd9-photos.leclercdrive.fr/image.ashx?id=2463152&use=l&cat=p&typeid=i","cat":314033},{"id":74116,"n":"Bière blonde de luxe 4% - 50cl","p":0.57,"u":"1,14 €/L","img":"https://fd9-photos.leclercdrive.fr/image.ashx?id=2955629&use=l&cat=p&typeid=i","cat":334853},{"id":74123,"n":"Citron jaune Rustica 200ml","p":0.79,"u":"3,95 €/L","img":"https://fd9-photos.leclercdrive.fr/image.ashx?id=2627652&use=l&cat=p&typeid=i","cat":288383},{"id":74133,"n":"Bâtonnets de Surimi Pêche Océan MSC - x18 bâtonnets - 300g","p":2.05,"u":"6,83 €/KG","img":"https://fd9-photos.leclercdrive.fr/image.ashx?id=2981894&use=l&cat=p&typeid=i","cat":285189},{"id":74381,"n":"Mousse de canard Madrange Au porto - 180g","p":1.5,"u":"8,33 €/KG","img":"https://fd9-photos.leclercdrive.fr/image.ashx?id=2865704&use=l&cat=p&typeid=i","cat":316008},{"id":74949,"n":"Crème Cold cream Avène 100 ml","p":13.38,"u":"133,80 €/L","img":"https://fd9-photos.leclercdrive.fr/image.ashx?id=2377286&use=l&cat=p&typeid=i","cat":290421},{"id":74999,"n":"Filet mignon de porc Ecrasé de pommes de terre 300g","p":2.95,"u":"9,83 €/KG","img":"https://fd9-photos.leclercdrive.fr/image.ashx?id=2962335&use=l&cat=p&typeid=i","cat":284953},{"id":75337,"n":"Café en grains Méo L'original Bio - 500g","p":8.55,"u":"17,10 €/KG","img":"https://fd9-photos.leclercdrive.fr/image.ashx?id=2798533&use=l&cat=p&typeid=i","cat":293237},{"id":75357,"n":"Jus multifruits Jafaden Matin Fruité - 1L","p":2.09,"u":"2,09 €/L","img":"https://fd9-photos.leclercdrive.fr/image.ashx?id=2394881&use=l&cat=p&typeid=i","cat":285435},{"id":75587,"n":"Oignon jaune bio Bio village 1kg","p":2.79,"u":"2,79 €/KG","img":"https://fd9-photos.leclercdrive.fr/image.ashx?id=2922451&use=l&cat=p&typeid=i","cat":284352},{"id":75593,"n":"Ail blanc bio Bio Village 250g","p":3.79,"u":"15,16 €/KG","img":"https://fd9-photos.leclercdrive.fr/image.ashx?id=2922457&use=l&cat=p&typeid=i","cat":284352},{"id":75595,"n":"Courge butternut bio Bio Village - x1","p":2.59,"img":"https://fd9-photos.leclercdrive.fr/image.ashx?id=2645759&use=l&cat=p&typeid=i","cat":284352},{"id":75604,"n":"Effilés viandes Plénima  Chat adulte - 4x85g","p":1.56,"u":"4,59 €/KG","img":"https://fd9-photos.leclercdrive.fr/image.ashx?id=2361122&use=l&cat=p&typeid=i","cat":285286},{"id":75605,"n":"Effilés chat adulte Plénima Viandes, Poissons - 12x85g","p":4.84,"u":"4,75 €/KG","img":"https://fd9-photos.leclercdrive.fr/image.ashx?id=2361125&use=l&cat=p&typeid=i","cat":285286},{"id":75671,"n":"Soin apaisant Avène Contour des Yeux - 10 ml","p":13.64,"img":"https://fd9-photos.leclercdrive.fr/image.ashx?id=2373549&use=l&cat=p&typeid=i","cat":291172},{"id":75679,"n":"Gel douche douceur Body Avène Pompe - 500ml","p":7.78,"u":"15,56 €/L","img":"https://fd9-photos.leclercdrive.fr/image.ashx?id=2377103&use=l&cat=p&typeid=i","cat":301591},{"id":75690,"n":"Baume après-rasage Men Avène 75ml","p":14.99,"u":"199,87 €/L","img":"https://fd9-photos.leclercdrive.fr/image.ashx?id=2857326&use=l&cat=p&typeid=i","cat":291167},{"id":75703,"n":"Crème hydratante Avène Hydrance Riche - 40ml","p":14.47,"u":"361,75 €/L","img":"https://fd9-photos.leclercdrive.fr/image.ashx?id=2973688&use=l&cat=p&typeid=i","cat":291171},{"id":75860,"n":"Crème dépilatoire Klorane Zones Sensibles - 75ml","p":8.78,"u":"117,07 €/L","img":"https://fd9-photos.leclercdrive.fr/image.ashx?id=2513772&use=l&cat=p&typeid=i","cat":291160},{"id":75889,"n":"Crème émolliente Ducray Ictyane HD - 50ml","p":15.2,"u":"304,00 €/L","img":"https://fd9-photos.leclercdrive.fr/image.ashx?id=2335385&use=l&cat=p&typeid=i","cat":291171},{"id":75902,"n":"Sérum Keracnyl Ducray - 30ml","p":14.48,"u":"48,27 €/L","img":"https://fd9-photos.leclercdrive.fr/image.ashx?id=2335310&use=l&cat=p&typeid=i","cat":291166},{"id":75916,"n":"Huile lavante apaisant Sensinol Ducray visage et corps - 400ml","p":14.48,"u":"36,20 €/L","img":"https://fd9-photos.leclercdrive.fr/image.ashx?id=2338934&use=l&cat=p&typeid=i","cat":301591},{"id":75976,"n":"Potimarron bio Bio Village 1p","p":2.69,"img":"https://fd9-photos.leclercdrive.fr/image.ashx?id=2645765&use=l&cat=p&typeid=i","cat":284352},{"id":75981,"n":"Lait Corps hydratant A-Derma Pompe - 400ml","p":13.48,"u":"33,70 €/L","img":"https://fd9-photos.leclercdrive.fr/image.ashx?id=2296509&use=l&cat=p&typeid=i","cat":290421},{"id":76008,"n":"Chocolat au lait Lindt Création La Crème brûlée - 150g","p":3.01,"u":"20,07 €/KG","img":"https://fd9-photos.leclercdrive.fr/image.ashx?id=2685802&use=l&cat=p&typeid=i","cat":284497},{"id":76011,"n":"Chocolat noir Lindt Création Le Rocher noir - 150g","p":3.01,"u":"20,07 €/KG","img":"https://fd9-photos.leclercdrive.fr/image.ashx?id=2685808&use=l&cat=p&typeid=i","cat":284956},{"id":76015,"n":"Biscuit Speculoos Lotus Biscoff Original - 250g (2x125g)","p":1.47,"u":"5,88 €/KG","img":"https://fd9-photos.leclercdrive.fr/image.ashx?id=2854735&use=l&cat=p&typeid=i","cat":284487},{"id":76025,"n":"Cookies chocolat Eco+ Pépites de chocolat - 200g","p":0.97,"u":"4,85 €/KG","img":"https://fd9-photos.leclercdrive.fr/image.ashx?id=2119943&use=l&cat=p&typeid=i","cat":325066},{"id":76026,"n":"Biscuit tablette Eco+ Chocolat noir - 150g","p":1.07,"u":"7,13 €/KG","img":"https://fd9-photos.leclercdrive.fr/image.ashx?id=2698135&use=l&cat=p&typeid=i","cat":284488},{"id":76029,"n":"Gateaux fourrage Eco+ Fraise - x14 - 420g","p":2.57,"u":"6,12 €/KG","img":"https://fd9-photos.leclercdrive.fr/image.ashx?id=2970435&use=l&cat=p&typeid=i","cat":284495},{"id":76119,"n":"Secret de mousse La Laitière Chocolat au lait - 4x59g","p":1.47,"u":"6,23 €/KG","img":"https://fd9-photos.leclercdrive.fr/image.ashx?id=2729740&use=l&cat=p&typeid=i","cat":284417},{"id":76172,"n":"Crème mains Cicalfate Avène Réparatrice - 100ml","p":7.98,"u":"79,80 €/L","img":"https://fd9-photos.leclercdrive.fr/image.ashx?id=2962788&use=l&cat=p&typeid=i","cat":290424},{"id":76173,"n":"Lotion Cicalfate Avène 40ml","p":9.17,"u":"22,93 €/L","img":"https://fd9-photos.leclercdrive.fr/image.ashx?id=2377295&use=l&cat=p&typeid=i","cat":290421},{"id":76181,"n":"Compact teinté Avène SPF50+ Doré - 10g","p":14.99,"img":"https://fd9-photos.leclercdrive.fr/image.ashx?id=2374156&use=l&cat=p&typeid=i","cat":290396},{"id":76194,"n":"Brosse à dent Elgydium Inter active médium","p":2.98,"img":"https://fd9-photos.leclercdrive.fr/image.ashx?id=2449046&use=l&cat=p&typeid=i","cat":290417},{"id":76195,"n":"Brosse à dent Elgydium Inter active souple","p":2.98,"img":"https://fd9-photos.leclercdrive.fr/image.ashx?id=2377718&use=l&cat=p&typeid=i","cat":290417},{"id":76199,"n":"Brosse à dents Inava Brossage/soins 25/100 mi-dure","p":4.37,"img":"https://fd9-photos.leclercdrive.fr/image.ashx?id=2857473&use=l&cat=p&typeid=i","cat":290417},{"id":76211,"n":"L'ours d'or Haribo Sachet bonbons - 300g","p":1.81,"u":"6,03 €/KG","img":"https://fd9-photos.leclercdrive.fr/image.ashx?id=2805201&use=l&cat=p&typeid=i","cat":304250},{"id":76212,"n":"Tutti Candi Haribo Sachet bonbons - 250g","p":1.77,"u":"7,08 €/KG","img":"https://fd9-photos.leclercdrive.fr/image.ashx?id=2984910&use=l&cat=p&typeid=i","cat":304250},{"id":76214,"n":"Chamallows Choco Haribo Sachet bonbons guimauve - 160g","p":2.01,"u":"12,56 €/KG","img":"https://fd9-photos.leclercdrive.fr/image.ashx?id=2984919&use=l&cat=p&typeid=i","cat":304250},{"id":76219,"n":"Cannelloni Côté Table 800g","p":2.99,"u":"3,74 €/KG","img":"https://fd9-photos.leclercdrive.fr/image.ashx?id=3015105&use=l&cat=p&typeid=i","cat":284442},{"id":76221,"n":"Pur jus Bio Village Bio Citron Sicile - 25cl","p":1.29,"u":"5,16 €/L","img":"https://fd9-photos.leclercdrive.fr/image.ashx?id=3010446&use=l&cat=p&typeid=i","cat":288383},{"id":76224,"n":"Maoam Stripes Haribo Sachet bonbons - 250g","p":2.06,"u":"8,24 €/KG","img":"https://fd9-photos.leclercdrive.fr/image.ashx?id=2953561&use=l&cat=p&typeid=i","cat":304250},{"id":76272,"n":"Lasagnes bolognaises Côté Table Viande de boeuf français - 600g","p":2.99,"u":"4,98 €/KG","img":"https://fd9-photos.leclercdrive.fr/image.ashx?id=2133807&use=l&cat=p&typeid=i","cat":284254},{"id":76360,"n":"Soda Schweppes Indian Tonic - 1L","p":1.59,"u":"1,59 €/L","img":"https://fd9-photos.leclercdrive.fr/image.ashx?id=2852399&use=l&cat=p&typeid=i","cat":284531},{"id":76501,"n":"Chips Tortilla Old El Paso Nachips - 185g","p":2.12,"u":"11,46 €/KG","img":"https://fd9-photos.leclercdrive.fr/image.ashx?id=2444519&use=l&cat=p&typeid=i","cat":288993},{"id":76515,"n":"AOP Petit-Chablis blanc Union Vignerons - 75 cl","p":9.99,"u":"13,32 €/L","img":"https://fd9-photos.leclercdrive.fr/image.ashx?id=2417884&use=l&cat=p&typeid=i","cat":289557},{"id":76647,"n":"Sauce vinaigrette Tête Noire  Aux tomates séchées - 55cl","p":3.16,"u":"5,75 €/L","img":"https://fd9-photos.leclercdrive.fr/image.ashx?id=2851713&use=l&cat=p&typeid=i","cat":284456},{"id":76723,"n":"Serviette papier Ardence Bleu nuit - 40cm - x20","p":1.39,"u":"0,07 €/P","img":"https://fd9-photos.leclercdrive.fr/image.ashx?id=2751940&use=l&cat=p&typeid=i","cat":334134},{"id":76728,"n":"Serviette papier Homeside Bleu ciel 40x40cm - x20","p":1.39,"u":"0,07 €/P","img":"https://fd9-photos.leclercdrive.fr/image.ashx?id=2738985&use=l&cat=p&typeid=i","cat":334134},{"id":76802,"n":"Biscuits cacao Kinder Cards Au lait et au cacao x5 - 128g","p":1.86,"u":"14,53 €/KG","img":"https://fd9-photos.leclercdrive.fr/image.ashx?id=2673328&use=l&cat=p&typeid=i","cat":284488},{"id":76859,"n":"Pâté de boeuf pour chat Eco+ Barquette - 100g","p":0.24,"u":"2,40 €/KG","img":"https://fd9-photos.leclercdrive.fr/image.ashx?id=2968613&use=l&cat=p&typeid=i","cat":285286},{"id":76861,"n":"Pâté au poisson pour chat Eco+ Barquette - 100g","p":0.24,"u":"2,40 €/KG","img":"https://fd9-photos.leclercdrive.fr/image.ashx?id=2052742&use=l&cat=p&typeid=i","cat":285286},{"id":76864,"n":"Gelée Bonne Maman Mûres - 370g","p":2.74,"u":"7,41 €/KG","img":"https://fd9-photos.leclercdrive.fr/image.ashx?id=2476305&use=l&cat=p&typeid=i","cat":284480},{"id":76875,"n":"Confiture Bonne Maman Fraise intense - 335g","p":1.95,"u":"5,82 €/KG","img":"https://fd9-photos.leclercdrive.fr/image.ashx?id=2341008&use=l&cat=p&typeid=i","cat":284480},{"id":76876,"n":"Confiture Bonne Maman Abricot intense - 335g","p":2.04,"u":"6,09 €/KG","img":"https://fd9-photos.leclercdrive.fr/image.ashx?id=2341011&use=l&cat=p&typeid=i","cat":284480},{"id":76877,"n":"Confiture Bonne Maman Framboise intense - 335g","p":2.61,"u":"7,79 €/KG","img":"https://fd9-photos.leclercdrive.fr/image.ashx?id=2341017&use=l&cat=p&typeid=i","cat":284480},{"id":76880,"n":"Confiture Bonne Maman Myrtille intense - 335g","p":2.48,"u":"7,40 €/KG","img":"https://fd9-photos.leclercdrive.fr/image.ashx?id=2341020&use=l&cat=p&typeid=i","cat":284480},{"id":76887,"n":"Friandises chien Pedigree  Récompense poulet canard - 130g","p":1.7,"u":"13,08 €/KG","img":"https://fd9-photos.leclercdrive.fr/image.ashx?id=2985555&use=l&cat=p&typeid=i","cat":294527},{"id":76888,"n":"Compotes Pom'Potes Gourdes  Multivariétés - 12x90g","p":4.97,"u":"4,60 €/KG","img":"https://fd9-photos.leclercdrive.fr/image.ashx?id=2986143&use=l&cat=p&typeid=i","cat":284508},{"id":76889,"n":"Compotes Pom'Potes Gourdes  Pomme Nature - 20x90g","p":7.47,"u":"4,15 €/KG","img":"https://fd9-photos.leclercdrive.fr/image.ashx?id=2889220&use=l&cat=p&typeid=i","cat":284508},{"id":76919,"n":"Gambas royales 8/12p Rouges 300g","p":7.39,"u":"24,63 €/KG","img":"https://fd9-photos.leclercdrive.fr/image.ashx?id=2875441&use=l&cat=p&typeid=i","cat":319787},{"id":76923,"n":"Crème légère Ictyane Ducray Visage peau normale/sèche -40ml","p":12.98,"u":"324,50 €/L","img":"https://fd9-photos.leclercdrive.fr/image.ashx?id=2335322&use=l&cat=p&typeid=i","cat":291171},{"id":76975,"n":"Huile de massage Weleda Au calendula - 100ml","p":11.89,"u":"118,90 €/L","img":"https://fd9-photos.leclercdrive.fr/image.ashx?id=1955786&use=l&cat=p&typeid=i","cat":290422},{"id":77008,"n":"Petits pains grillés Epi d'Or Briochés - 225g","p":1.45,"u":"6,44 €/KG","img":"https://fd9-photos.leclercdrive.fr/image.ashx?id=2496416&use=l&cat=p&typeid=i","cat":284479},{"id":77010,"n":"Lait concentré sucré Nestlé 8% MG - 397g","p":1.63,"u":"4,11 €/KG","img":"https://fd9-photos.leclercdrive.fr/image.ashx?id=2906832&use=l&cat=p&typeid=i","cat":299162},{"id":77017,"n":"Vinaigrette Maille Huile sésame/soja - 36cl","p":2.91,"u":"8,08 €/L","img":"https://fd9-photos.leclercdrive.fr/image.ashx?id=2985657&use=l&cat=p&typeid=i","cat":284456},{"id":77289,"n":"Friandises chats  Félix Poulet, foie, dinde  - 200g","p":2.38,"u":"11,90 €/KG","img":"https://fd9-photos.leclercdrive.fr/image.ashx?id=2740859&use=l&cat=p&typeid=i","cat":285285},{"id":77290,"n":"Friandises chats Félix Saveur ocean Saumon,truite 200g","p":2.38,"u":"11,90 €/KG","img":"https://fd9-photos.leclercdrive.fr/image.ashx?id=2940465&use=l&cat=p&typeid=i","cat":285285},{"id":77359,"n":"Ravioli pur boeuf Côté Table Sauce italienne - 800g","p":2.19,"u":"2,74 €/KG","img":"https://fd9-photos.leclercdrive.fr/image.ashx?id=3015102&use=l&cat=p&typeid=i","cat":284442},{"id":77360,"n":"Ravioli bolognaise Côté Table 800g","p":2.89,"u":"3,61 €/KG","img":"https://fd9-photos.leclercdrive.fr/image.ashx?id=3014266&use=l&cat=p&typeid=i","cat":284442},{"id":77382,"n":"Filets maqueraux Pêche Océan Vin blanc citron romarin - 176g","p":1.86,"u":"10,57 €/KG","img":"https://fd9-photos.leclercdrive.fr/image.ashx?id=2436681&use=l&cat=p&typeid=i","cat":303868},{"id":77504,"n":"Kit pour Fajitas Old El Paso Original - 500g","p":4.87,"u":"9,74 €/KG","img":"https://fd9-photos.leclercdrive.fr/image.ashx?id=2759709&use=l&cat=p&typeid=i","cat":288993},{"id":77506,"n":"Kit pour Fajitas Old El Paso Sans piment - 478g","p":4.21,"u":"8,81 €/KG","img":"https://fd9-photos.leclercdrive.fr/image.ashx?id=2759712&use=l&cat=p&typeid=i","cat":288993},{"id":77636,"n":"Purée de fruits Charles & Alice Pomme - 4x100g + 2 offerts","p":1.28,"u":"2,13 €/KG","img":"https://fd9-photos.leclercdrive.fr/image.ashx?id=2187502&use=l&cat=p&typeid=i","cat":284416},{"id":77683,"n":"Gousses vanille Vahiné x2","p":6.91,"u":"3,46 €/P","img":"https://fd9-photos.leclercdrive.fr/image.ashx?id=2524317&use=l&cat=p&typeid=i","cat":284504},{"id":77694,"n":"Yaourt 0% nature Soignon Au lait de chèvre - 4x125g","p":2.29,"u":"4,58 €/KG","img":"https://fd9-photos.leclercdrive.fr/image.ashx?id=2547203&use=l&cat=p&typeid=i","cat":314998},{"id":77739,"n":"Crème sans rinçage Elsève Cheveu Abimé, Cassant - 200ml","p":4.85,"u":"24,25 €/L","img":"https://fd9-photos.leclercdrive.fr/image.ashx?id=2948980&use=l&cat=p&typeid=i","cat":284608},{"id":77755,"n":"Vinaigrette Légère MAILLE Vin Rouge & Echalotes - 36cl","p":2.45,"u":"6,81 €/L","img":"https://fd9-photos.leclercdrive.fr/image.ashx?id=2788154&use=l&cat=p&typeid=i","cat":284456},{"id":77976,"n":"Beurre Grand Fermage Doux - 82% MG - 250g","p":2.67,"u":"10,68 €/KG","img":"https://fd9-photos.leclercdrive.fr/image.ashx?id=2985207&use=l&cat=p&typeid=i","cat":284379},{"id":78005,"n":"Feta AOP Casa Azzurra Portion - 150g","p":3.2,"u":"21,33 €/KG","img":"https://fd9-photos.leclercdrive.fr/image.ashx?id=1620610&use=l&cat=p&typeid=i","cat":314026},{"id":78075,"n":"Café moulu L'Or Intense 100% Arabica - 250g","p":4.57,"u":"18,28 €/KG","img":"https://fd9-photos.leclercdrive.fr/image.ashx?id=2289927&use=l&cat=p&typeid=i","cat":284750},{"id":78098,"n":"Sauce Épicée TABASCO Piment Rouge - 60ml","p":2.28,"u":"38,00 €/L","img":"https://fd9-photos.leclercdrive.fr/image.ashx?id=2961317&use=l&cat=p&typeid=i","cat":298298},{"id":78105,"n":"Capsules café L'Or Espresso Splendente N°7 x10","p":3.09,"u":"59,42 €/KG","img":"https://fd9-photos.leclercdrive.fr/image.ashx?id=3000465&use=l&cat=p&typeid=i","cat":284749},{"id":78107,"n":"Capsules café L'Or Espresso Decaffeinato N°6 x10","p":3.11,"u":"59,81 €/KG","img":"https://fd9-photos.leclercdrive.fr/image.ashx?id=2100275&use=l&cat=p&typeid=i","cat":284749},{"id":78108,"n":"Capsules café L'Or Espresso Or Absolu N°9 x10","p":3.22,"u":"61,92 €/KG","img":"https://fd9-photos.leclercdrive.fr/image.ashx?id=2100287&use=l&cat=p&typeid=i","cat":284749},{"id":78109,"n":"Dosettes café Senseo Extra Long Classique x20","p":5.01,"u":"20,04 €/KG","img":"https://fd9-photos.leclercdrive.fr/image.ashx?id=2288122&use=l&cat=p&typeid=i","cat":293238},{"id":78131,"n":"Penne Chaque Jour  Sans gluten - 400g","p":1.62,"u":"4,05 €/KG","img":"https://fd9-photos.leclercdrive.fr/image.ashx?id=2866247&use=l&cat=p&typeid=i","cat":284427},{"id":78137,"n":"Coquillettes Chaque Jour  Sans gluten - 400g","p":1.57,"u":"3,93 €/KG","img":"https://fd9-photos.leclercdrive.fr/image.ashx?id=2872715&use=l&cat=p&typeid=i","cat":284427},{"id":78138,"n":"Sablé de Retz Saint Michel Oter Bahlsen - 2x120g","p":1.64,"u":"6,83 €/KG","img":"https://fd9-photos.leclercdrive.fr/image.ashx?id=2935684&use=l&cat=p&typeid=i","cat":284487},{"id":78154,"n":"Fusilli Chaque Jour  Sans gluten - 400g","p":1.75,"u":"4,38 €/KG","img":"https://fd9-photos.leclercdrive.fr/image.ashx?id=2885774&use=l&cat=p&typeid=i","cat":284427},{"id":78160,"n":"Petits cookies Bonne Maman Pépites de chocolat - 250g","p":2.44,"u":"9,76 €/KG","img":"https://fd9-photos.leclercdrive.fr/image.ashx?id=2936170&use=l&cat=p&typeid=i","cat":325066},{"id":78204,"n":"Biscuits Palmito LU 100g","p":0.79,"u":"7,90 €/KG","img":"https://fd9-photos.leclercdrive.fr/image.ashx?id=3001949&use=l&cat=p&typeid=i","cat":284487},{"id":78210,"n":"Biscuits Nutella B-ready 6x22g","p":1.82,"u":"13,79 €/KG","img":"https://fd9-photos.leclercdrive.fr/image.ashx?id=2770602&use=l&cat=p&typeid=i","cat":284488},{"id":78214,"n":"Cookies mini Granola Pépites de chocolat - 160g","p":1.7,"u":"10,63 €/KG","img":"https://fd9-photos.leclercdrive.fr/image.ashx?id=3002252&use=l&cat=p&typeid=i","cat":325066},{"id":78279,"n":"Pommes de terre Pom Bistro Paysannes au Beurre - 500 g","p":3.55,"u":"7,10 €/KG","img":"https://fd9-photos.leclercdrive.fr/image.ashx?id=2866427&use=l&cat=p&typeid=i","cat":319792},{"id":78430,"n":"Coquilles St Jacques  à la bretonne - 2x110g","p":5.63,"u":"25,59 €/KG","img":"https://fd9-photos.leclercdrive.fr/image.ashx?id=2604620&use=l&cat=p&typeid=i","cat":319775},{"id":78448,"n":"Dosettes Café Carte Noire  Arabica Classique n5 x48 - 336g","p":7.68,"u":"22,86 €/KG","img":"https://fd9-photos.leclercdrive.fr/image.ashx?id=2919919&use=l&cat=p&typeid=i","cat":293238},{"id":78454,"n":"Biscuits petit déjeuner Belvita Chocolat - 600g","p":3.78,"u":"6,30 €/KG","img":"https://fd9-photos.leclercdrive.fr/image.ashx?id=2345484&use=l&cat=p&typeid=i","cat":284491},{"id":78544,"n":"Ravioli pur boeuf Côté Table  400g","p":1.35,"u":"3,38 €/KG","img":"https://fd9-photos.leclercdrive.fr/image.ashx?id=3014281&use=l&cat=p&typeid=i","cat":284442},{"id":78546,"n":"Ravioli bolognaise Côté Table 400g","p":1.99,"u":"4,98 €/KG","img":"https://fd9-photos.leclercdrive.fr/image.ashx?id=3014275&use=l&cat=p&typeid=i","cat":284442},{"id":78577,"n":"Gaufrettes Brun  Chocolat - 146g","p":0.9,"u":"6,16 €/KG","img":"https://fd9-photos.leclercdrive.fr/image.ashx?id=2842543&use=l&cat=p&typeid=i","cat":284487},{"id":78580,"n":"Gaufrettes Brun  Vanille - 146g","p":0.9,"u":"6,16 €/KG","img":"https://fd9-photos.leclercdrive.fr/image.ashx?id=2354320&use=l&cat=p&typeid=i","cat":284487},{"id":78594,"n":"Biscuits croquants Délichoc Chocolat noir - 150g","p":1.8,"u":"12,00 €/KG","img":"https://fd9-photos.leclercdrive.fr/image.ashx?id=2956307&use=l&cat=p&typeid=i","cat":284488},{"id":78618,"n":"Assiettes en carton Eco+ x100","p":3.93,"img":"https://fd9-photos.leclercdrive.fr/image.ashx?id=1307672&use=l&cat=p&typeid=i","cat":334134},{"id":78628,"n":"Serviettes blanches Homeside x30 - 38cmx38cm - 2 plis","p":1.31,"u":"0,04 €/P","img":"https://fd9-photos.leclercdrive.fr/image.ashx?id=1659693&use=l&cat=p&typeid=i","cat":334134},{"id":78646,"n":"Ensemble de douche Eco+ 1 jet + flex + B","p":8.8,"img":"https://fd9-photos.leclercdrive.fr/image.ashx?id=2162135&use=l&cat=p&typeid=i","cat":300576},{"id":78676,"n":"Champagne Rosé Tsarine 75cl","p":28.91,"u":"38,55 €/L","img":"https://fd9-photos.leclercdrive.fr/image.ashx?id=2748479&use=l&cat=p&typeid=i","cat":284542},{"id":78714,"n":"Mayonnaise Eco+ Flacon souple - 450g","p":1.27,"u":"2,82 €/KG","img":"https://fd9-photos.leclercdrive.fr/image.ashx?id=1954347&use=l&cat=p&typeid=i","cat":298295},{"id":78715,"n":"Gaufrettes vanille Eco+ 190g","p":0.69,"u":"3,63 €/KG","img":"https://fd9-photos.leclercdrive.fr/image.ashx?id=2760786&use=l&cat=p&typeid=i","cat":284487},{"id":78716,"n":"Gaufrettes chocolat Eco+ 190g","p":0.69,"u":"3,63 €/KG","img":"https://fd9-photos.leclercdrive.fr/image.ashx?id=2843036&use=l&cat=p&typeid=i","cat":284487},{"id":78717,"n":"Brioche tranchée Eco+ Nature - 500g","p":1.19,"u":"2,38 €/KG","img":"https://fd9-photos.leclercdrive.fr/image.ashx?id=2605086&use=l&cat=p&typeid=i","cat":284478},{"id":78719,"n":"Goûter fourré rond Eco+ Vanille - 500g","p":1.43,"u":"2,86 €/KG","img":"https://fd9-photos.leclercdrive.fr/image.ashx?id=3014341&use=l&cat=p&typeid=i","cat":284489},{"id":78722,"n":"Tartelettes à l'abricot Eco+ x12 - 200g","p":0.8,"u":"4,00 €/KG","img":"https://fd9-photos.leclercdrive.fr/image.ashx?id=2320725&use=l&cat=p&typeid=i","cat":284489},{"id":78723,"n":"Petits beurre Eco+ x24 - 175g","p":0.58,"u":"3,31 €/KG","img":"https://fd9-photos.leclercdrive.fr/image.ashx?id=1959561&use=l&cat=p&typeid=i","cat":284487},{"id":78725,"n":"Génoises fourrées orange Eco+ 300g","p":1.5,"u":"5,00 €/KG","img":"https://fd9-photos.leclercdrive.fr/image.ashx?id=1937462&use=l&cat=p&typeid=i","cat":284489},{"id":78726,"n":"Biscuits petit déjeuner Eco+ x25 - 350g","p":0.73,"u":"2,09 €/KG","img":"https://fd9-photos.leclercdrive.fr/image.ashx?id=2390401&use=l&cat=p&typeid=i","cat":284491},{"id":78728,"n":"Goûter fourré Eco+ Chocolat - 300g","p":1.07,"u":"3,57 €/KG","img":"https://fd9-photos.leclercdrive.fr/image.ashx?id=2070024&use=l&cat=p&typeid=i","cat":284488},{"id":78729,"n":"Biscuits sablés Sprits Eco+ 400g","p":1.18,"u":"2,95 €/KG","img":"https://fd9-photos.leclercdrive.fr/image.ashx?id=2196367&use=l&cat=p&typeid=i","cat":284487},{"id":78732,"n":"Guacamole Old El Paso Doux - 320g","p":2.31,"u":"7,22 €/KG","img":"https://fd9-photos.leclercdrive.fr/image.ashx?id=2737612&use=l&cat=p&typeid=i","cat":288993},{"id":78734,"n":"Boisson gourmande PAGO Red ACE Orange sang carotte ctrn - 75cl","p":1.7,"u":"2,27 €/L","img":"https://fd9-photos.leclercdrive.fr/image.ashx?id=2861234&use=l&cat=p&typeid=i","cat":284915},{"id":78742,"n":"Pain campagnard Schar Aux graines sans gluten - 250g","p":3.54,"u":"14,16 €/KG","img":"https://fd9-photos.leclercdrive.fr/image.ashx?id=2139874&use=l&cat=p&typeid=i","cat":325069},{"id":78744,"n":"Pain de mie Schär - Classic Sans gluten - 300g","p":3.35,"u":"11,17 €/KG","img":"https://fd9-photos.leclercdrive.fr/image.ashx?id=2659418&use=l&cat=p&typeid=i","cat":318654},{"id":78837,"n":"Fromage blanc Danone Nature 3%MG - 825g","p":3.04,"u":"3,68 €/KG","img":"https://fd9-photos.leclercdrive.fr/image.ashx?id=2813878&use=l&cat=p&typeid=i","cat":284409},{"id":78937,"n":"Knacki végétal Herta x6 - 210g","p":2.32,"u":"11,05 €/KG","img":"https://fd9-photos.leclercdrive.fr/image.ashx?id=2992323&use=l&cat=p&typeid=i","cat":316036},{"id":78953,"n":"Savon solide Bionaïa Abricot bio - 100g","p":1.39,"u":"13,90 €/KG","img":"https://fd9-photos.leclercdrive.fr/image.ashx?id=2331324&use=l&cat=p&typeid=i","cat":284597},{"id":79068,"n":"IGP Côte des roses Rosé Languedoc Roussillon 13% - 75cl","p":7.3,"u":"9,73 €/L","img":"https://fd9-photos.leclercdrive.fr/image.ashx?id=2505528&use=l&cat=p&typeid=i","cat":289558},{"id":79092,"n":"Adoucissant peaux sensibles 40 lavages - 750 ml - UNI VERT","p":1.77,"u":"2,36 €/L","img":"https://fd9-photos.leclercdrive.fr/image.ashx?id=2602904&use=l&cat=p&typeid=i","cat":284650},{"id":79094,"n":"Purée de pommes C'est Qui Le Patron - 4x95g","p":1.27,"u":"3,34 €/KG","img":"https://fd9-photos.leclercdrive.fr/image.ashx?id=2097659&use=l&cat=p&typeid=i","cat":284508},{"id":79095,"n":"Purée de pommes C'est Qui Le Patron - 840g","p":2.67,"u":"3,18 €/KG","img":"https://fd9-photos.leclercdrive.fr/image.ashx?id=2097662&use=l&cat=p&typeid=i","cat":284508},{"id":79319,"n":"Shampooing Bio Sobio Etic Cheveux Doux - 250ml","p":3.84,"u":"15,36 €/L","img":"https://fd9-photos.leclercdrive.fr/image.ashx?id=2787068&use=l&cat=p&typeid=i","cat":284606},{"id":79323,"n":"Shampooing Bio Sobio Etic Cheveux nourris - 250ml","p":3.82,"u":"15,28 €/L","img":"https://fd9-photos.leclercdrive.fr/image.ashx?id=2792681&use=l&cat=p&typeid=i","cat":284606},{"id":79402,"n":"Chorizo espagnol fort x30 - 150g","p":2.19,"u":"14,60 €/KG","img":"https://fd9-photos.leclercdrive.fr/image.ashx?id=1873728&use=l&cat=p&typeid=i","cat":316007},{"id":79404,"n":"P'tit max Délisse Vanille - 6x180g","p":2.03,"u":"1,88 €/KG","img":"https://fd9-photos.leclercdrive.fr/image.ashx?id=1874024&use=l&cat=p&typeid=i","cat":284415},{"id":79517,"n":"Soupe velouté Knorr 9 légumes - 1L","p":1.74,"u":"1,74 €/L","img":"https://fd9-photos.leclercdrive.fr/image.ashx?id=2408273&use=l&cat=p&typeid=i","cat":284462},{"id":79519,"n":"Soupe mouliné Knorr Légumes variés - 1L","p":1.77,"u":"1,77 €/L","img":"https://fd9-photos.leclercdrive.fr/image.ashx?id=2408276&use=l&cat=p&typeid=i","cat":284462},{"id":79528,"n":"Nouilles Tables du Monde Asiatiques Boeuf cup - 61.5g","p":0.75,"u":"12,10 €/KG","img":"https://fd9-photos.leclercdrive.fr/image.ashx?id=2920199&use=l&cat=p&typeid=i","cat":288992},{"id":79529,"n":"Nouille Tables du Monde Asiatique Poulet cup - 61.5g","p":0.75,"u":"12,10 €/KG","img":"https://fd9-photos.leclercdrive.fr/image.ashx?id=2920202&use=l&cat=p&typeid=i","cat":288992},{"id":79532,"n":"Nouilles Table du Monde Asiatiques Curry cup - 61.5g","p":0.79,"u":"12,74 €/KG","img":"https://fd9-photos.leclercdrive.fr/image.ashx?id=2920205&use=l&cat=p&typeid=i","cat":288992},{"id":79534,"n":"Nouilles Tables du Monde Asiatiques crevette cup - 61.5g","p":0.75,"u":"12,10 €/KG","img":"https://fd9-photos.leclercdrive.fr/image.ashx?id=1948586&use=l&cat=p&typeid=i","cat":288992},{"id":79543,"n":"Pâtes De Cecco Linguine n°7 - 500g","p":1.71,"u":"3,42 €/KG","img":"https://fd9-photos.leclercdrive.fr/image.ashx?id=2997280&use=l&cat=p&typeid=i","cat":284427},{"id":79545,"n":"Pâtes Collezione Barilla Tortellini jambon fromage -250g","p":2.46,"u":"9,84 €/KG","img":"https://fd9-photos.leclercdrive.fr/image.ashx?id=2588624&use=l&cat=p&typeid=i","cat":284427},{"id":79623,"n":"Barre de céréales Nature Valley  Crunchy avoine miel X5-210g","p":2.25,"u":"10,71 €/KG","img":"https://fd9-photos.leclercdrive.fr/image.ashx?id=2844472&use=l&cat=p&typeid=i","cat":285869},{"id":79624,"n":"Barre de céréales Nature Valley Crunchy avoine chocolat x5-210g","p":2.62,"u":"12,48 €/KG","img":"https://fd9-photos.leclercdrive.fr/image.ashx?id=2844475&use=l&cat=p&typeid=i","cat":285869},{"id":79625,"n":"Barre de céréales Nature Valley  Sweet & Salty chocolat x5-150g","p":2.77,"u":"18,47 €/KG","img":"https://fd9-photos.leclercdrive.fr/image.ashx?id=2737714&use=l&cat=p&typeid=i","cat":285869},{"id":79870,"n":"Cahier Esquisse Jaune - 24x32cm - 96p","p":1.39,"img":"https://fd9-photos.leclercdrive.fr/image.ashx?id=1703710&use=l&cat=p&typeid=i","cat":284697},{"id":79961,"n":"Nectar Bio Pressade Multifruits - 1L","p":1.71,"u":"1,71 €/L","img":"https://fd9-photos.leclercdrive.fr/image.ashx?id=2732530&use=l&cat=p&typeid=i","cat":284917},{"id":79966,"n":"Joker Pur Jus Engagé Orange sans pulpe - 1,5L","p":3.6,"u":"2,40 €/L","img":"https://fd9-photos.leclercdrive.fr/image.ashx?id=3001290&use=l&cat=p&typeid=i","cat":284521},{"id":79972,"n":"Soda rouge Orangina Orange Sanguine - 1,5L","p":1.94,"u":"1,29 €/L","img":"https://fd9-photos.leclercdrive.fr/image.ashx?id=2539833&use=l&cat=p&typeid=i","cat":284532},{"id":79976,"n":"Classeur Esquisse Vert - pour fiches bristol","p":1.69,"img":"https://fd9-photos.leclercdrive.fr/image.ashx?id=1434536&use=l&cat=p&typeid=i","cat":284745},{"id":79977,"n":"Classeur Esquisse noir - pour fiches bristol","p":1.69,"img":"https://fd9-photos.leclercdrive.fr/image.ashx?id=1434539&use=l&cat=p&typeid=i","cat":284745},{"id":80128,"n":"Rosette de Lyon Saint-Azay 12 tranches - 100g","p":1.44,"u":"14,40 €/KG","img":"https://fd9-photos.leclercdrive.fr/image.ashx?id=2043032&use=l&cat=p&typeid=i","cat":316007},{"id":80230,"n":"Graines de sésame Bio Village Bio - 200g","p":1.99,"u":"9,95 €/KG","img":"https://fd9-photos.leclercdrive.fr/image.ashx?id=2699586&use=l&cat=p&typeid=i","cat":284357},{"id":80272,"n":"Joker Le Fruit Jus d'orange Sans pulpe - 1L","p":2.41,"u":"2,41 €/L","img":"https://fd9-photos.leclercdrive.fr/image.ashx?id=2846355&use=l&cat=p&typeid=i","cat":284521},{"id":80302,"n":"Eau minérale naturelle Volvic 6x1,5L","p":3.04,"u":"0,34 €/L","img":"https://fd9-photos.leclercdrive.fr/image.ashx?id=2730244&use=l&cat=p&typeid=i","cat":284535},{"id":80305,"n":"Boisson aux fruits Oasis Tropical - 12x33cl","p":6.96,"u":"1,76 €/L","img":"https://fd9-photos.leclercdrive.fr/image.ashx?id=2880706&use=l&cat=p&typeid=i","cat":295018},{"id":80306,"n":"Soda Schweppes Saveur Agrumes -12x33cl","p":7.04,"u":"1,78 €/L","img":"https://fd9-photos.leclercdrive.fr/image.ashx?id=2852426&use=l&cat=p&typeid=i","cat":284532},{"id":80308,"n":"Soda Pepsi Cola zéro - 5x1.5L + 1 offerte","p":5.65,"u":"0,63 €/L","img":"https://fd9-photos.leclercdrive.fr/image.ashx?id=2983327&use=l&cat=p&typeid=i","cat":284530},{"id":80346,"n":"yaourt aux fruits bifidus activia cerise - 4x125g","p":1.87,"u":"3,74 €/KG","img":"https://fd9-photos.leclercdrive.fr/image.ashx?id=2885327&use=l&cat=p&typeid=i","cat":315000},{"id":80352,"n":"Cannelloni Côté Table  - 400g","p":2.07,"u":"5,18 €/KG","img":"https://fd9-photos.leclercdrive.fr/image.ashx?id=2977900&use=l&cat=p&typeid=i","cat":284442},{"id":80380,"n":"Tablette De Chocolat Poulain Noir Extra - 200g","p":2.02,"u":"10,10 €/KG","img":"https://fd9-photos.leclercdrive.fr/image.ashx?id=2890262&use=l&cat=p&typeid=i","cat":284956},{"id":80382,"n":"Tablette De Chocolat Poulain Noir Extra - 2x100g","p":2.43,"u":"12,15 €/KG","img":"https://fd9-photos.leclercdrive.fr/image.ashx?id=2867566&use=l&cat=p&typeid=i","cat":284956},{"id":80383,"n":"Tablette KINDER Chocolat Chocolat au Lait x12 - 150g","p":2.84,"u":"18,93 €/KG","img":"https://fd9-photos.leclercdrive.fr/image.ashx?id=1904474&use=l&cat=p&typeid=i","cat":284498},{"id":80385,"n":"Barres Chocolatées KINDER BUENO  Chocolat au Lait x5 - 215g","p":3.67,"u":"17,07 €/KG","img":"https://fd9-photos.leclercdrive.fr/image.ashx?id=2679621&use=l&cat=p&typeid=i","cat":284498},{"id":80386,"n":"Barres KINDER BUENO White  Chocolat Blanc x6 - 234g","p":4.2,"u":"17,95 €/KG","img":"https://fd9-photos.leclercdrive.fr/image.ashx?id=2679639&use=l&cat=p&typeid=i","cat":284498},{"id":80398,"n":"Eau Micellaire visage Nivea Peaux sensibles - 400ml","p":3.13,"u":"7,83 €/L","img":"https://fd9-photos.leclercdrive.fr/image.ashx?id=2800965&use=l&cat=p&typeid=i","cat":284603},{"id":80553,"n":"Pack de 3 cartouches Brita Filtrantes classic","p":18.99,"u":"6,33 €/P","img":"https://fd9-photos.leclercdrive.fr/image.ashx?id=2433259&use=l&cat=p&typeid=i","cat":334135},{"id":80630,"n":"Purée de tomates Bio Village Bio  - 72cl","p":2.09,"u":"2,90 €/L","img":"https://fd9-photos.leclercdrive.fr/image.ashx?id=2077475&use=l&cat=p&typeid=i","cat":288384},{"id":80663,"n":"Soda Pepsi Cola - 5x1.5L + 1 offerte","p":6.9,"u":"0,77 €/L","img":"https://fd9-photos.leclercdrive.fr/image.ashx?id=2983324&use=l&cat=p&typeid=i","cat":284530},{"id":80840,"n":"Bouillon Cube Maggi Pot au feu - Dégraissé - 120g","p":1.48,"u":"12,33 €/KG","img":"https://fd9-photos.leclercdrive.fr/image.ashx?id=2212327&use=l&cat=p&typeid=i","cat":288379},{"id":80841,"n":"Bouillon Cube Maggi Volaille - Degraissé - 120g","p":1.48,"u":"12,33 €/KG","img":"https://fd9-photos.leclercdrive.fr/image.ashx?id=2737087&use=l&cat=p&typeid=i","cat":288379},{"id":80842,"n":"Bouillon Cube Maggi Dégraissé - 120g","p":1.47,"u":"12,25 €/KG","img":"https://fd9-photos.leclercdrive.fr/image.ashx?id=2737090&use=l&cat=p&typeid=i","cat":288379},{"id":80927,"n":"Fromage chèvre chaud Soignon Nature - 21% MG - 4x25g","p":1.94,"u":"19,40 €/KG","img":"https://fd9-photos.leclercdrive.fr/image.ashx?id=2844951&use=l&cat=p&typeid=i","cat":314027},{"id":81038,"n":"Rummikub Chiffres Dès 7 ans","p":28.9,"img":"https://fd9-photos.leclercdrive.fr/image.ashx?id=1726244&use=l&cat=p&typeid=i","cat":334378},{"id":81094,"n":"Trivial Pursuit Famille Jeu de société - Dès 8 ans","p":27.8,"img":"https://fd9-photos.leclercdrive.fr/image.ashx?id=2660925&use=l&cat=p&typeid=i","cat":334378},{"id":81188,"n":"Flan aromatisé vanille Flanby nappé de caramel - 12x100g","p":2.51,"u":"2,09 €/KG","img":"https://fd9-photos.leclercdrive.fr/image.ashx?id=2744584&use=l&cat=p&typeid=i","cat":284420},{"id":81196,"n":"Flan aromatisé vanille Flanby nappé de caramel - 6x100g","p":1.43,"u":"2,38 €/KG","img":"https://fd9-photos.leclercdrive.fr/image.ashx?id=2483786&use=l&cat=p&typeid=i","cat":284420},{"id":81199,"n":"Yaourt La Laitière  Vanille - 8x125g","p":3.11,"u":"3,11 €/KG","img":"https://fd9-photos.leclercdrive.fr/image.ashx?id=2613981&use=l&cat=p&typeid=i","cat":286006},{"id":81236,"n":"Fromage à tartiner Boursin Ail et fines herbes 10 portions","p":2.33,"u":"14,56 €/KG","img":"https://fd9-photos.leclercdrive.fr/image.ashx?id=2964682&use=l&cat=p&typeid=i","cat":314029},{"id":81246,"n":"Bière blonde Pelforth 12x25cl","p":7.24,"u":"2,41 €/L","img":"https://fd9-photos.leclercdrive.fr/image.ashx?id=2645146&use=l&cat=p&typeid=i","cat":334873},{"id":81250,"n":"Bière blonde Grimbergen 6,7° - 20x25cl","p":13.6,"u":"2,72 €/L","img":"https://fd9-photos.leclercdrive.fr/image.ashx?id=2294791&use=l&cat=p&typeid=i","cat":334852},{"id":81254,"n":"Bière blonde Grimbergen 6,7° - 12x25cl","p":8.64,"u":"2,88 €/L","img":"https://fd9-photos.leclercdrive.fr/image.ashx?id=2872865&use=l&cat=p&typeid=i","cat":334852},{"id":81268,"n":"Bière blonde Grimbergen 6,7° - 6x25cl","p":4.75,"u":"3,17 €/L","img":"https://fd9-photos.leclercdrive.fr/image.ashx?id=2294381&use=l&cat=p&typeid=i","cat":334852},{"id":81272,"n":"Vin mousseux brut blanc  Produit en Allemagne - 75cl","p":1.57,"u":"2,09 €/L","img":"https://fd9-photos.leclercdrive.fr/image.ashx?id=2720133&use=l&cat=p&typeid=i","cat":284544},{"id":81277,"n":"Vin mousseux demi-sec blanc  Produit en Allemagne - 75cl","p":1.59,"u":"2,12 €/L","img":"https://fd9-photos.leclercdrive.fr/image.ashx?id=2720130&use=l&cat=p&typeid=i","cat":284544},{"id":81280,"n":"Fromage La Vache qui rit Toastinette nature 10 tranches","p":1.72,"u":"8,60 €/KG","img":"https://fd9-photos.leclercdrive.fr/image.ashx?id=2342776&use=l&cat=p&typeid=i","cat":314028},{"id":81291,"n":"Bière sans alcool Tourtel Twist Citron Vert Menthe 0,0° -6x27cl","p":3.97,"u":"2,41 €/L","img":"https://fd9-photos.leclercdrive.fr/image.ashx?id=2896567&use=l&cat=p&typeid=i","cat":334877},{"id":81316,"n":"Tablette KINDER Chocolat Chocolat au Lait x24 - 300g","p":4.39,"u":"14,63 €/KG","img":"https://fd9-photos.leclercdrive.fr/image.ashx?id=2868167&use=l&cat=p&typeid=i","cat":284498},{"id":81318,"n":"Bonbons KINDER Schoko-Bons Chocolat au lait - 500G","p":7.83,"u":"15,66 €/KG","img":"https://fd9-photos.leclercdrive.fr/image.ashx?id=2402925&use=l&cat=p&typeid=i","cat":304238},{"id":81322,"n":"Huile de Tournesol Eco+ 3L","p":4.89,"u":"1,63 €/L","img":"https://fd9-photos.leclercdrive.fr/image.ashx?id=2486772&use=l&cat=p&typeid=i","cat":284453},{"id":81323,"n":"Huile d'olive Bio Carapelli Extra-vierge - 75cl","p":10.85,"u":"14,47 €/L","img":"https://fd9-photos.leclercdrive.fr/image.ashx?id=2737447&use=l&cat=p&typeid=i","cat":284453},{"id":81354,"n":"Confiture Eco+ Abricot - 1kg","p":2.17,"u":"2,17 €/KG","img":"https://fd9-photos.leclercdrive.fr/image.ashx?id=2953194&use=l&cat=p&typeid=i","cat":284480},{"id":81361,"n":"Spray Cytelium A-derma Assèche et Apaise - 100ml","p":9.52,"u":"95,20 €/L","img":"https://fd9-photos.leclercdrive.fr/image.ashx?id=2377091&use=l&cat=p&typeid=i","cat":290421},{"id":81371,"n":"Tartine de pain Pasquier Au blé complet - 240g","p":1.45,"u":"6,04 €/KG","img":"https://fd9-photos.leclercdrive.fr/image.ashx?id=2927339&use=l&cat=p&typeid=i","cat":284479},{"id":81380,"n":"Chorizo tranché César Moroni Doux 20 tranches - 100g","p":1.79,"u":"17,90 €/KG","img":"https://fd9-photos.leclercdrive.fr/image.ashx?id=2948836&use=l&cat=p&typeid=i","cat":316007},{"id":81383,"n":"Rillettes du Mans La Véritable Bordeau Chesnel - 220g","p":2.05,"u":"9,32 €/KG","img":"https://fd9-photos.leclercdrive.fr/image.ashx?id=2763100&use=l&cat=p&typeid=i","cat":316008},{"id":81462,"n":"Fromage Apéritif Apérivrais  Ail et Fines Herbes - 100g","p":2.08,"u":"20,80 €/KG","img":"https://fd9-photos.leclercdrive.fr/image.ashx?id=2854612&use=l&cat=p&typeid=i","cat":314027},{"id":81547,"n":"Capsules Nescafé Dolce Gusto  Cappuccino - x8 - 186g","p":4.53,"u":"24,35 €/KG","img":"https://fd9-photos.leclercdrive.fr/image.ashx?id=2838809&use=l&cat=p&typeid=i","cat":293239},{"id":81548,"n":"Pain de mie Harrys 100% mie Nature Sans croûte Maxi - 650g","p":2.09,"u":"3,22 €/KG","img":"https://fd9-photos.leclercdrive.fr/image.ashx?id=2517468&use=l&cat=p&typeid=i","cat":284477},{"id":81554,"n":"Riz au lait Bonne Maman Vanille Naturelle - 4x100g","p":2.29,"u":"5,73 €/KG","img":"https://fd9-photos.leclercdrive.fr/image.ashx?id=2619130&use=l&cat=p&typeid=i","cat":284418},{"id":81558,"n":"Pain de mie 100% Mie Harrys Nature petites tranches - 500g","p":1.68,"u":"3,36 €/KG","img":"https://fd9-photos.leclercdrive.fr/image.ashx?id=2517453&use=l&cat=p&typeid=i","cat":284477},{"id":81564,"n":"AOP Champagne Canard-Duchêne Brut - 75cl","p":24.02,"u":"32,03 €/L","img":"https://fd9-photos.leclercdrive.fr/image.ashx?id=2756909&use=l&cat=p&typeid=i","cat":284542},{"id":81768,"n":"Brioche tranchée La Boulangère Bio - 400g","p":2.21,"u":"5,53 €/KG","img":"https://fd9-photos.leclercdrive.fr/image.ashx?id=2912194&use=l&cat=p&typeid=i","cat":284478},{"id":81781,"n":"Thé noir Bio Ethiquable  Earl grey Darjeeling x20 - 36g","p":2.5,"u":"69,44 €/KG","img":"https://fd9-photos.leclercdrive.fr/image.ashx?id=2870836&use=l&cat=p&typeid=i","cat":293233},{"id":81991,"n":"Courgettes rondelle Bio Village Bio - 600g","p":2.69,"u":"4,48 €/KG","img":"https://fd9-photos.leclercdrive.fr/image.ashx?id=2898089&use=l&cat=p&typeid=i","cat":319805},{"id":82091,"n":"IGP Côtes de Gascogne Blanc Gros Manseng 11.5% 75cl","p":5.95,"u":"7,93 €/L","img":"https://fd9-photos.leclercdrive.fr/image.ashx?id=2602269&use=l&cat=p&typeid=i","cat":289557},{"id":82099,"n":"Steak haché Eco+ x10 - 1kg","p":8.84,"u":"8,84 €/KG","img":"https://fd9-photos.leclercdrive.fr/image.ashx?id=2452711&use=l&cat=p&typeid=i","cat":319778},{"id":82102,"n":"Lanières Trio de poivrons Bio Bio village - 600g","p":2.99,"u":"4,98 €/KG","img":"https://fd9-photos.leclercdrive.fr/image.ashx?id=2898092&use=l&cat=p&typeid=i","cat":319805},{"id":82145,"n":"Bière blonde La G de Goudale 7.9%vol - 75cl","p":3.99,"u":"5,32 €/L","img":"https://fd9-photos.leclercdrive.fr/image.ashx?id=2861566&use=l&cat=p&typeid=i","cat":334872},{"id":82148,"n":"Lardons fumés Supérieur Eco+ 2x100g","p":1.34,"u":"6,70 €/KG","img":"https://fd9-photos.leclercdrive.fr/image.ashx?id=2688252&use=l&cat=p&typeid=i","cat":316011},{"id":82149,"n":"lardons supérieurs ECO+ Nature - 2x100g","p":1.34,"u":"6,70 €/KG","img":"https://fd9-photos.leclercdrive.fr/image.ashx?id=2968655&use=l&cat=p&typeid=i","cat":316011},{"id":82152,"n":"Compote Andros Abricot Morceaux - 4x100g","p":2.13,"u":"5,33 €/KG","img":"https://fd9-photos.leclercdrive.fr/image.ashx?id=2853566&use=l&cat=p&typeid=i","cat":284416},{"id":82157,"n":"Dessert fruitier pêche Andros En morceaux - 4x100g","p":1.83,"u":"4,58 €/KG","img":"https://fd9-photos.leclercdrive.fr/image.ashx?id=2845470&use=l&cat=p&typeid=i","cat":284416},{"id":82159,"n":"Compotes Andros Pomme/chataigne - 4x100g","p":1.64,"u":"4,10 €/KG","img":"https://fd9-photos.leclercdrive.fr/image.ashx?id=2937361&use=l&cat=p&typeid=i","cat":284416},{"id":82179,"n":"Bière blonde 3 Monts 75cl","p":2.41,"u":"3,21 €/L","img":"https://fd9-photos.leclercdrive.fr/image.ashx?id=2550553&use=l&cat=p&typeid=i","cat":334852},{"id":82181,"n":"Bière Mort Subite Kriek A la cerise - 33cl","p":1.42,"u":"4,30 €/L","img":"https://fd9-photos.leclercdrive.fr/image.ashx?id=2796414&use=l&cat=p&typeid=i","cat":334872},{"id":82184,"n":"Barres KINDER BUENO White  Chocolat Blanc x12 - 468g","p":8.35,"u":"17,84 €/KG","img":"https://fd9-photos.leclercdrive.fr/image.ashx?id=2679642&use=l&cat=p&typeid=i","cat":284498},{"id":82218,"n":"Emmental fromage rapé Les Croisés - 750g","p":5.98,"u":"7,97 €/KG","img":"https://fd9-photos.leclercdrive.fr/image.ashx?id=1995830&use=l&cat=p&typeid=i","cat":314035},{"id":82234,"n":"Liniment Corine de Farme Bio - 500ml","p":4.28,"u":"8,56 €/L","img":"https://fd9-photos.leclercdrive.fr/image.ashx?id=2424449&use=l&cat=p&typeid=i","cat":284741},{"id":82251,"n":"Thon MSC Naturel Petit Navire Entier -  112g","p":2.92,"u":"26,07 €/KG","img":"https://fd9-photos.leclercdrive.fr/image.ashx?id=2928357&use=l&cat=p&typeid=i","cat":303867},{"id":82253,"n":"Biscuits Thé LU 350g","p":1.44,"u":"4,11 €/KG","img":"https://fd9-photos.leclercdrive.fr/image.ashx?id=2977738&use=l&cat=p&typeid=i","cat":284487},{"id":82257,"n":"Thon Albacore Connetable 100% filets - De bretagne -112g","p":2.73,"u":"24,38 €/KG","img":"https://fd9-photos.leclercdrive.fr/image.ashx?id=2654806&use=l&cat=p&typeid=i","cat":303867},{"id":82262,"n":"Sardine sans arêtes Connetable A l'huile d'olive - 140g","p":2.87,"u":"20,50 €/KG","img":"https://fd9-photos.leclercdrive.fr/image.ashx?id=2677336&use=l&cat=p&typeid=i","cat":305146},{"id":82265,"n":"Céréales Quaker Cruesli Chocolat - 450g","p":2.58,"u":"5,73 €/KG","img":"https://fd9-photos.leclercdrive.fr/image.ashx?id=2382791&use=l&cat=p&typeid=i","cat":309512},{"id":82267,"n":"Céréales Quaker Cruesli Chocolat au lait - 900g","p":5.05,"u":"5,61 €/KG","img":"https://fd9-photos.leclercdrive.fr/image.ashx?id=2212150&use=l&cat=p&typeid=i","cat":309512},{"id":82272,"n":"Sardine Parmentier Tomates - 135g","p":1.58,"u":"11,70 €/KG","img":"https://fd9-photos.leclercdrive.fr/image.ashx?id=3014416&use=l&cat=p&typeid=i","cat":305146},{"id":82276,"n":"Sardines Huile PARMENTIER Tournesol 135g","p":1.47,"u":"10,89 €/KG","img":"https://fd9-photos.leclercdrive.fr/image.ashx?id=2989057&use=l&cat=p&typeid=i","cat":305146},{"id":82280,"n":"Sardines Parmentier Piment - 135g","p":1.72,"u":"12,74 €/KG","img":"https://fd9-photos.leclercdrive.fr/image.ashx?id=2988312&use=l&cat=p&typeid=i","cat":305146},{"id":82281,"n":"Boulettes de boeuf Eco+ x30 - 900g","p":7.07,"u":"7,86 €/KG","img":"https://fd9-photos.leclercdrive.fr/image.ashx?id=1420048&use=l&cat=p&typeid=i","cat":319779},{"id":82350,"n":"Frites fines McCain Côté Comptoir - 650g","p":2.5,"u":"3,85 €/KG","img":"https://fd9-photos.leclercdrive.fr/image.ashx?id=2693887&use=l&cat=p&typeid=i","cat":319791},{"id":82351,"n":"Frites incurvées McCain Côté Brasserie - 650g","p":2.32,"u":"3,57 €/KG","img":"https://fd9-photos.leclercdrive.fr/image.ashx?id=2927044&use=l&cat=p&typeid=i","cat":319791},{"id":82433,"n":"Cordons Bleus Côté Croc Poulet x4 - 400g","p":3.14,"u":"7,85 €/KG","img":"https://fd9-photos.leclercdrive.fr/image.ashx?id=2801052&use=l&cat=p&typeid=i","cat":333683},{"id":82440,"n":"Boisson lactée Candy'UP Vanille - 6x20cl","p":2.65,"u":"2,21 €/L","img":"https://fd9-photos.leclercdrive.fr/image.ashx?id=2485632&use=l&cat=p&typeid=i","cat":295246},{"id":82452,"n":"Pruneaux d'Agen Maître Prunille IGP Dénoyautés - 500g","p":5.96,"u":"11,92 €/KG","img":"https://fd9-photos.leclercdrive.fr/image.ashx?id=2016023&use=l&cat=p&typeid=i","cat":284357},{"id":82520,"n":"Fromage Croque emmental Président - 12 tranches - 200g","p":1.7,"u":"8,50 €/KG","img":"https://fd9-photos.leclercdrive.fr/image.ashx?id=2446356&use=l&cat=p&typeid=i","cat":314028},{"id":82575,"n":"Bière ambrée La Goudale 7.2%vol - 6x25cl","p":5.28,"u":"3,52 €/L","img":"https://fd9-photos.leclercdrive.fr/image.ashx?id=2915521&use=l&cat=p&typeid=i","cat":334852},{"id":82647,"n":"Garniture :bouchées à la reine Petit Jean 2+1 offert - 3x400g","p":4.1,"u":"3,42 €/KG","img":"https://fd9-photos.leclercdrive.fr/image.ashx?id=2185286&use=l&cat=p&typeid=i","cat":284441},{"id":82667,"n":"Yaourt aux fruits bifidus Activia poire - 4x125g","p":1.83,"u":"3,66 €/KG","img":"https://fd9-photos.leclercdrive.fr/image.ashx?id=2885330&use=l&cat=p&typeid=i","cat":315000},{"id":82668,"n":"Yaourt aux fruits Activia bifidus - 8x125g","p":3.49,"u":"3,49 €/KG","img":"https://fd9-photos.leclercdrive.fr/image.ashx?id=3003146&use=l&cat=p&typeid=i","cat":315000},{"id":82669,"n":"Yaourt aux fruits bifidus Activia mangue - 4x125g","p":1.82,"u":"3,64 €/KG","img":"https://fd9-photos.leclercdrive.fr/image.ashx?id=2886642&use=l&cat=p&typeid=i","cat":315000},{"id":82670,"n":"Yaourt aux fruits bifidus Activia ananas - 4x125g","p":1.87,"u":"3,74 €/KG","img":"https://fd9-photos.leclercdrive.fr/image.ashx?id=2886639&use=l&cat=p&typeid=i","cat":315000},{"id":82672,"n":"Yaourt aux fruits bifidus Activia pruneau - 4x125g","p":1.73,"u":"3,46 €/KG","img":"https://fd9-photos.leclercdrive.fr/image.ashx?id=2886636&use=l&cat=p&typeid=i","cat":315000},{"id":82675,"n":"Yaourt aux fruits bifidus Activia mûre framboise - 4x125g","p":1.96,"u":"3,92 €/KG","img":"https://fd9-photos.leclercdrive.fr/image.ashx?id=2960651&use=l&cat=p&typeid=i","cat":315000},{"id":82677,"n":"yaourt aux fruits bifidus activia fraise - 4x125g","p":1.86,"u":"3,72 €/KG","img":"https://fd9-photos.leclercdrive.fr/image.ashx?id=2886627&use=l&cat=p&typeid=i","cat":315000},{"id":82739,"n":"Poisson pané Croustibat Findus Petit trésor MSC - x15 - 450g","p":3.16,"u":"7,02 €/KG","img":"https://fd9-photos.leclercdrive.fr/image.ashx?id=3008758&use=l&cat=p&typeid=i","cat":319788},{"id":82745,"n":"Couches Activ+ Mots d'enfants  Taille 5 : 11/25kg - x35","p":12.99,"u":"0,37 €/P","img":"https://fd9-photos.leclercdrive.fr/image.ashx?id=2699744&use=l&cat=p&typeid=i","cat":284737},{"id":82748,"n":"Couches Activ+ Mots d'enfants  Taille 4+ 9/20kg - x37 changes","p":12.99,"u":"0,35 €/P","img":"https://fd9-photos.leclercdrive.fr/image.ashx?id=2699747&use=l&cat=p&typeid=i","cat":284737},{"id":82757,"n":"Brume Solaire Mixa IP50+ - 200ml","p":11.78,"u":"58,90 €/L","img":"https://fd9-photos.leclercdrive.fr/image.ashx?id=2289084&use=l&cat=p&typeid=i","cat":325355},{"id":83132,"n":"Boisson lactée Tous mes amis pour chats - 3x200ml","p":2.13,"u":"3,55 €/L","img":"https://fd9-photos.leclercdrive.fr/image.ashx?id=1944634&use=l&cat=p&typeid=i","cat":285285},{"id":83194,"n":"Friand jambon emmental Vitacuire - 8x65g","p":3.42,"u":"6,58 €/KG","img":"https://fd9-photos.leclercdrive.fr/image.ashx?id=1745165&use=l&cat=p&typeid=i","cat":319776},{"id":83227,"n":"Nuggets de poulet Le Gaulois x10 - 200g","p":2.08,"u":"10,40 €/KG","img":"https://fd9-photos.leclercdrive.fr/image.ashx?id=2342818&use=l&cat=p&typeid=i","cat":333684},{"id":83303,"n":"Happy Cola Haribo Sachet bonbons - 300g","p":1.77,"u":"5,90 €/KG","img":"https://fd9-photos.leclercdrive.fr/image.ashx?id=2806087&use=l&cat=p&typeid=i","cat":304250},{"id":83382,"n":"Coeurs d'Artichauts Florelli A la paysanne - 280g","p":3.1,"u":"11,07 €/KG","img":"https://fd9-photos.leclercdrive.fr/image.ashx?id=2594533&use=l&cat=p&typeid=i","cat":289010},{"id":83696,"n":"Vin d'Espagne rosé François D'Aubigné - BIB 5L","p":6.19,"u":"1,24 €/L","img":"https://fd9-photos.leclercdrive.fr/image.ashx?id=2921402&use=l&cat=p&typeid=i","cat":289560},{"id":83698,"n":"IGP Pays d'Oc Grenache vin rosé Vieux Carion 12.5% vol - 75cl","p":2.25,"u":"3,00 €/L","img":"https://fd9-photos.leclercdrive.fr/image.ashx?id=1887193&use=l&cat=p&typeid=i","cat":289558},{"id":83707,"n":"Amandes Seeberger 200g","p":4.75,"u":"23,75 €/KG","img":"https://fd9-photos.leclercdrive.fr/image.ashx?id=2950594&use=l&cat=p&typeid=i","cat":284448},{"id":83710,"n":"Noix de cajou Seeberger Grillées - 150g","p":4.75,"u":"31,67 €/KG","img":"https://fd9-photos.leclercdrive.fr/image.ashx?id=2950609&use=l&cat=p&typeid=i","cat":316002},{"id":83944,"n":"Vin d'Espagne rouge Merlot Bernard Cordelier - 75cl","p":1.75,"u":"2,33 €/L","img":"https://fd9-photos.leclercdrive.fr/image.ashx?id=2756855&use=l&cat=p&typeid=i","cat":289556},{"id":83947,"n":"Vin d'Espagne vin rouge Bernard Cordelier - 75cl","p":1.75,"u":"2,33 €/L","img":"https://fd9-photos.leclercdrive.fr/image.ashx?id=2987136&use=l&cat=p&typeid=i","cat":289556},{"id":83953,"n":"Vin d'Union Européenne rosé François D'Aubigné - 75 cl","p":1.46,"u":"1,95 €/L","img":"https://fd9-photos.leclercdrive.fr/image.ashx?id=2667235&use=l&cat=p&typeid=i","cat":289558},{"id":83986,"n":"IGP Pays d'Oc rosé Merlot Grand Sud 12.5% vol - 1L","p":3.92,"u":"3,92 €/L","img":"https://fd9-photos.leclercdrive.fr/image.ashx?id=2941580&use=l&cat=p&typeid=i","cat":289558},{"id":84011,"n":"IGP  Pays d'Hérault vin rosé Bernard Cordelier - BIB 3L","p":5.99,"u":"2,00 €/L","img":"https://fd9-photos.leclercdrive.fr/image.ashx?id=2891911&use=l&cat=p&typeid=i","cat":289560},{"id":84020,"n":"IGP  Pays d'Hérault vin rouge Bernard Cordelier - 75cl","p":1.85,"u":"2,47 €/L","img":"https://fd9-photos.leclercdrive.fr/image.ashx?id=1957695&use=l&cat=p&typeid=i","cat":289556},{"id":84021,"n":"AOP Bordeaux rouge Mission Saint Vincent - 75cl","p":4.17,"u":"5,56 €/L","img":"https://fd9-photos.leclercdrive.fr/image.ashx?id=2734459&use=l&cat=p&typeid=i","cat":289556},{"id":84152,"n":"Pain pour Panini La Boulangère x4 - 300g","p":1.48,"u":"4,93 €/KG","img":"https://fd9-photos.leclercdrive.fr/image.ashx?id=2937457&use=l&cat=p&typeid=i","cat":284985},{"id":84154,"n":"Bonbons VICHY Menthe 230g","p":1.03,"u":"4,48 €/KG","img":"https://fd9-photos.leclercdrive.fr/image.ashx?id=2806342&use=l&cat=p&typeid=i","cat":304252},{"id":84159,"n":"Bonbons CARAMBAR Family Assortiment - 450g","p":2.64,"u":"5,87 €/KG","img":"https://fd9-photos.leclercdrive.fr/image.ashx?id=2903446&use=l&cat=p&typeid=i","cat":304250},{"id":84160,"n":"Bonbons CARAMBAR Caramel 320g","p":1.71,"u":"5,34 €/KG","img":"https://fd9-photos.leclercdrive.fr/image.ashx?id=2770124&use=l&cat=p&typeid=i","cat":304250},{"id":84161,"n":"Bonbons LA PIE QUI CHANTE Michoko Noir - 280g","p":2.38,"u":"8,50 €/KG","img":"https://fd9-photos.leclercdrive.fr/image.ashx?id=2817842&use=l&cat=p&typeid=i","cat":304250},{"id":84163,"n":"Break P'tit Déli 135g","p":1.33,"u":"9,85 €/KG","img":"https://fd9-photos.leclercdrive.fr/image.ashx?id=1419312&use=l&cat=p&typeid=i","cat":284488},{"id":84385,"n":"Croc'Choc Lucien Georgelin Noisette - 375g","p":3.64,"u":"9,71 €/KG","img":"https://fd9-photos.leclercdrive.fr/image.ashx?id=2561811&use=l&cat=p&typeid=i","cat":309513},{"id":84386,"n":"Croc'Tou Choc Lucien Georgelin 375g - Lucien Georgelin","p":3.17,"u":"8,45 €/KG","img":"https://fd9-photos.leclercdrive.fr/image.ashx?id=2561808&use=l&cat=p&typeid=i","cat":309513},{"id":84392,"n":"Sauce tomate de Marmande 300g - Lucien Georgelin","p":1.97,"u":"6,57 €/KG","img":"https://fd9-photos.leclercdrive.fr/image.ashx?id=2015660&use=l&cat=p&typeid=i","cat":288384},{"id":84583,"n":"Dosettes café Le Bonifieur Origine Brésil - x32 - 224g","p":5.18,"u":"23,13 €/KG","img":"https://fd9-photos.leclercdrive.fr/image.ashx?id=2252334&use=l&cat=p&typeid=i","cat":293238},{"id":84763,"n":"Chipolatas supérieures La Nouvelle Agriculture x6-330g","p":5.15,"u":"15,61 €/KG","img":"https://fd9-photos.leclercdrive.fr/image.ashx?id=2831939&use=l&cat=p&typeid=i","cat":284334},{"id":84784,"n":"Filet de poulet Le Gaulois x2 - 300g","p":4.57,"u":"15,23 €/KG","img":"https://fd9-photos.leclercdrive.fr/image.ashx?id=2732761&use=l&cat=p&typeid=i","cat":284336},{"id":84785,"n":"Haut de cuisse de poulet jaune Le Gaulois - 360g","p":2.66,"u":"7,39 €/KG","img":"https://fd9-photos.leclercdrive.fr/image.ashx?id=2732758&use=l&cat=p&typeid=i","cat":284336},{"id":84786,"n":"Pilons de poulet jaune Le Gaulois - 360g","p":2.92,"u":"8,11 €/KG","img":"https://fd9-photos.leclercdrive.fr/image.ashx?id=2732755&use=l&cat=p&typeid=i","cat":284336},{"id":84789,"n":"Filet de poulet blanc Le Gaulois x2 - 300g","p":4.0,"u":"13,33 €/KG","img":"https://fd9-photos.leclercdrive.fr/image.ashx?id=2633989&use=l&cat=p&typeid=i","cat":284336},{"id":84819,"n":"Cerneaux de noix Seeberger 150g","p":5.97,"u":"39,80 €/KG","img":"https://fd9-photos.leclercdrive.fr/image.ashx?id=2950615&use=l&cat=p&typeid=i","cat":284357},{"id":84834,"n":"Mi-chaussette Homme Dim 5 paires - Noir - 39/42","p":10.5,"u":"2,10 €/P","img":"https://fd9-photos.leclercdrive.fr/image.ashx?id=2305766&use=l&cat=p&typeid=i","cat":334130},{"id":84835,"n":"Mi-chaussette Homme Dim 5 paires - Noir - 43/46","p":10.5,"u":"2,10 €/P","img":"https://fd9-photos.leclercdrive.fr/image.ashx?id=2305763&use=l&cat=p&typeid=i","cat":334130},{"id":84838,"n":"3 paires de mi-chaussettes Dim Noir Taille 39/42","p":9.85,"u":"3,28 €/P","img":"https://fd9-photos.leclercdrive.fr/image.ashx?id=2180981&use=l&cat=p&typeid=i","cat":334130},{"id":84841,"n":"3 paires de chaussettes Dim Noir Taille 43/46","p":9.85,"u":"3,28 €/P","img":"https://fd9-photos.leclercdrive.fr/image.ashx?id=2180984&use=l&cat=p&typeid=i","cat":334130},{"id":84969,"n":"Olives Manzanilla Ederki Farcies à l'anchois - 130g","p":1.91,"u":"14,69 €/KG","img":"https://fd9-photos.leclercdrive.fr/image.ashx?id=2962704&use=l&cat=p&typeid=i","cat":284458},{"id":85069,"n":"Dentifrice Sensodyne Blancheur multiprotect - 75ml","p":4.19,"u":"55,87 €/L","img":"https://fd9-photos.leclercdrive.fr/image.ashx?id=2630730&use=l&cat=p&typeid=i","cat":284612},{"id":85073,"n":"Croûtons pour salade Tipiak Ail&Fine Herbes - 100g","p":1.39,"u":"13,90 €/KG","img":"https://fd9-photos.leclercdrive.fr/image.ashx?id=2276723&use=l&cat=p&typeid=i","cat":284464},{"id":85106,"n":"Mayonnaise American Style Heinz  - 395g","p":2.43,"u":"6,15 €/KG","img":"https://fd9-photos.leclercdrive.fr/image.ashx?id=2927059&use=l&cat=p&typeid=i","cat":298295},{"id":85206,"n":"Génoises fourrées Pim's LU Fraise des bois - 150g","p":1.61,"u":"10,73 €/KG","img":"https://fd9-photos.leclercdrive.fr/image.ashx?id=3002204&use=l&cat=p&typeid=i","cat":284489},{"id":85207,"n":"Génoise fourrées Pim's LU Poire - 150g","p":1.64,"u":"10,93 €/KG","img":"https://fd9-photos.leclercdrive.fr/image.ashx?id=2145202&use=l&cat=p&typeid=i","cat":284489},{"id":85532,"n":"Tenders de Poulet Père Dodu  Aiguillettes - 380g","p":4.99,"u":"13,13 €/KG","img":"https://fd9-photos.leclercdrive.fr/image.ashx?id=2957200&use=l&cat=p&typeid=i","cat":333684},{"id":85959,"n":"AOC Champagne brut mosaïque 75cl","p":25.33,"u":"33,77 €/L","img":"https://fd9-photos.leclercdrive.fr/image.ashx?id=2243587&use=l&cat=p&typeid=i","cat":284542},{"id":86049,"n":"Éventail de Crevettes Pescanova ASC Sauce Cocktail - 130g","p":3.9,"u":"30,00 €/KG","img":"https://fd9-photos.leclercdrive.fr/image.ashx?id=2816871&use=l&cat=p&typeid=i","cat":284343},{"id":86071,"n":"AOP Prosecco Perlino Extra Dry - 75cl","p":6.25,"u":"8,33 €/L","img":"https://fd9-photos.leclercdrive.fr/image.ashx?id=2612778&use=l&cat=p&typeid=i","cat":289461},{"id":86094,"n":"Seiches nettoyées  Spéciales plancha - 800g","p":11.87,"u":"14,84 €/KG","img":"https://fd9-photos.leclercdrive.fr/image.ashx?id=2800513&use=l&cat=p&typeid=i","cat":319787},{"id":86208,"n":"Pâte à tartiner Nutella 1kg","p":6.62,"u":"6,62 €/KG","img":"https://fd9-photos.leclercdrive.fr/image.ashx?id=2935648&use=l&cat=p&typeid=i","cat":284481},{"id":86375,"n":"Rochers Suchard  Lait - 7x35g","p":4.12,"u":"16,82 €/KG","img":"https://fd9-photos.leclercdrive.fr/image.ashx?id=2950372&use=l&cat=p&typeid=i","cat":284499},{"id":86403,"n":"Capsules café L'Or Espresso Delizioso N°5 x10","p":3.13,"u":"60,19 €/KG","img":"https://fd9-photos.leclercdrive.fr/image.ashx?id=3000462&use=l&cat=p&typeid=i","cat":284749},{"id":86411,"n":"Biscuit bio Bjorg Avoine pépites chocolat - 130g","p":2.41,"u":"18,54 €/KG","img":"https://fd9-photos.leclercdrive.fr/image.ashx?id=2999985&use=l&cat=p&typeid=i","cat":325066},{"id":86438,"n":"Dentifrice Integral 8 Signal Nature Elements Coco 75ml","p":1.75,"u":"23,33 €/L","img":"https://fd9-photos.leclercdrive.fr/image.ashx?id=2974659&use=l&cat=p&typeid=i","cat":284612},{"id":86451,"n":"Lessive gel Génie Lavage main - 200ml","p":1.54,"u":"7,70 €/L","img":"https://fd9-photos.leclercdrive.fr/image.ashx?id=2664142&use=l&cat=p&typeid=i","cat":284643},{"id":86482,"n":"Bonbons KREMA Régal'ad Assortiment Fruits - 360g","p":2.46,"u":"6,83 €/KG","img":"https://fd9-photos.leclercdrive.fr/image.ashx?id=2855295&use=l&cat=p&typeid=i","cat":304250},{"id":86488,"n":"Bonbons La pie qui chante Stoptou à la réglisse - 450g","p":2.66,"u":"5,91 €/KG","img":"https://fd9-photos.leclercdrive.fr/image.ashx?id=2817872&use=l&cat=p&typeid=i","cat":304250},{"id":86565,"n":"Chocolat en poudre Poulain Grand Arôme: 32% cacao - 800g","p":5.2,"u":"6,50 €/KG","img":"https://fd9-photos.leclercdrive.fr/image.ashx?id=2867119&use=l&cat=p&typeid=i","cat":293235},{"id":86567,"n":"Chocolat en poudre Poulain Super Poulain Boîte - 450g","p":2.75,"u":"6,11 €/KG","img":"https://fd9-photos.leclercdrive.fr/image.ashx?id=2867125&use=l&cat=p&typeid=i","cat":293235},{"id":86586,"n":"Pain de mie Harrys Nature extra moelleux - 500g","p":1.29,"u":"2,58 €/KG","img":"https://fd9-photos.leclercdrive.fr/image.ashx?id=2660730&use=l&cat=p&typeid=i","cat":284477},{"id":86658,"n":"Thé vert Twinings Simplement pur - x25 - 37g","p":2.46,"u":"66,49 €/KG","img":"https://fd9-photos.leclercdrive.fr/image.ashx?id=2893015&use=l&cat=p&typeid=i","cat":293233},{"id":86660,"n":"Farine bio Mon Fournil Blé semi complète - 1kg","p":2.12,"u":"2,12 €/KG","img":"https://fd9-photos.leclercdrive.fr/image.ashx?id=2861677&use=l&cat=p&typeid=i","cat":284503},{"id":86665,"n":"Dosettes café Senseo Grand Mère Classique x54","p":5.28,"u":"14,83 €/KG","img":"https://fd9-photos.leclercdrive.fr/image.ashx?id=2769837&use=l&cat=p&typeid=i","cat":293238},{"id":86671,"n":"Flocon avoine bio Mon Fournil Complet sans gluten - 500g","p":4.02,"u":"8,04 €/KG","img":"https://fd9-photos.leclercdrive.fr/image.ashx?id=2748590&use=l&cat=p&typeid=i","cat":318654},{"id":86724,"n":"Huile d'olive Bio Village Bio Vierge extra fruité - 75 cl","p":7.99,"u":"10,65 €/L","img":"https://fd9-photos.leclercdrive.fr/image.ashx?id=3005712&use=l&cat=p&typeid=i","cat":284453},{"id":86725,"n":"Poudre de cacao bio Bio Village 500g - 32% de cacao","p":3.95,"u":"7,90 €/KG","img":"https://fd9-photos.leclercdrive.fr/image.ashx?id=2441516&use=l&cat=p&typeid=i","cat":293235},{"id":86744,"n":"Mouchoirs blancs 3 plis Caresse Boîte mouchoirs papier parf x80","p":1.65,"u":"0,02 €/P","img":"https://fd9-photos.leclercdrive.fr/image.ashx?id=2837247&use=l&cat=p&typeid=i","cat":284638},{"id":86779,"n":"Colin d'Alaska Pêche Océan Beurre citron - MSC - 400g","p":3.39,"u":"8,48 €/KG","img":"https://fd9-photos.leclercdrive.fr/image.ashx?id=2471694&use=l&cat=p&typeid=i","cat":319786},{"id":86905,"n":"Bière blonde 1664 5,5° - 12x33cl canettes","p":10.26,"u":"2,59 €/L","img":"https://fd9-photos.leclercdrive.fr/image.ashx?id=2246617&use=l&cat=p&typeid=i","cat":334853},{"id":86907,"n":"Lait en poudre Modilac Bébé : 2ème âge - 820g","p":15.65,"u":"19,09 €/KG","img":"https://fd9-photos.leclercdrive.fr/image.ashx?id=2873393&use=l&cat=p&typeid=i","cat":284727},{"id":86909,"n":"Lait en poudre Modilac Doucéa Bébé 0-6mois - 820g","p":18.88,"u":"23,02 €/KG","img":"https://fd9-photos.leclercdrive.fr/image.ashx?id=2997031&use=l&cat=p&typeid=i","cat":284726},{"id":86957,"n":"Lentilles blondes Notre Jardin 500g","p":2.64,"u":"5,28 €/KG","img":"https://fd9-photos.leclercdrive.fr/image.ashx?id=2096455&use=l&cat=p&typeid=i","cat":284430},{"id":87036,"n":"Yaourt aux fruits Danone Recette crémeuse - 12x125g","p":4.2,"u":"2,80 €/KG","img":"https://fd9-photos.leclercdrive.fr/image.ashx?id=2607635&use=l&cat=p&typeid=i","cat":284410},{"id":87061,"n":"Boisson gourmande PAGO ACE Orange carotte citron - 75cl","p":1.67,"u":"2,23 €/L","img":"https://fd9-photos.leclercdrive.fr/image.ashx?id=2861237&use=l&cat=p&typeid=i","cat":284916},{"id":87067,"n":"Yaourt à boire P'tit max  Délisse Fraise - 6x180g","p":2.03,"u":"1,88 €/KG","img":"https://fd9-photos.leclercdrive.fr/image.ashx?id=1875512&use=l&cat=p&typeid=i","cat":284415},{"id":87079,"n":"Serviettes en papier Homeside Gris - 33x33cm - x50","p":1.99,"img":"https://fd9-photos.leclercdrive.fr/image.ashx?id=1659726&use=l&cat=p&typeid=i","cat":334134},{"id":87081,"n":"Serviettes en papier Homeside Rouge - 33x33cm - x50","p":1.5,"img":"https://fd9-photos.leclercdrive.fr/image.ashx?id=1659723&use=l&cat=p&typeid=i","cat":334134},{"id":87089,"n":"Pavé Gourmand Garden Gourmet Epinards et Fromage 180g","p":2.41,"u":"13,39 €/KG","img":"https://fd9-photos.leclercdrive.fr/image.ashx?id=2971389&use=l&cat=p&typeid=i","cat":316036},{"id":87091,"n":"St Jacques Marie Fondue de poireaux riz - 280g","p":3.63,"u":"12,96 €/KG","img":"https://fd9-photos.leclercdrive.fr/image.ashx?id=2317531&use=l&cat=p&typeid=i","cat":333665},{"id":87093,"n":"Eau coiffante Vitanove 150ml","p":1.99,"u":"13,27 €/L","img":"https://fd9-photos.leclercdrive.fr/image.ashx?id=2028540&use=l&cat=p&typeid=i","cat":284609},{"id":87100,"n":"Gel lavant Manava Purifiant mandarine - 300ml","p":1.25,"u":"4,17 €/L","img":"https://fd9-photos.leclercdrive.fr/image.ashx?id=2935519&use=l&cat=p&typeid=i","cat":284597},{"id":87209,"n":"Gambas sauvages Tiger Pacific West - 300g","p":5.98,"pp":3.95,"u":"13,17 €/KG","img":"https://fd9-photos.leclercdrive.fr/image.ashx?id=1452923&use=l&cat=p&typeid=i","cat":319787},{"id":87261,"n":"Litière chats Tranquille Super agglomérante - 4.5L","p":4.36,"u":"0,97 €/L","img":"https://fd9-photos.leclercdrive.fr/image.ashx?id=1934844&use=l&cat=p&typeid=i","cat":284683},{"id":87849,"n":"Boisson végétale Alpro lait de coco riz - 1l","p":2.05,"u":"2,05 €/L","img":"https://fd9-photos.leclercdrive.fr/image.ashx?id=2790243&use=l&cat=p&typeid=i","cat":316067},{"id":87894,"n":"Boisson énergisante Crazy Tiger Bouteille - 1L","p":2.08,"u":"2,08 €/L","img":"https://fd9-photos.leclercdrive.fr/image.ashx?id=2927555&use=l&cat=p&typeid=i","cat":284533},{"id":87923,"n":"Compotes  gourdes Pom'Potes Multivariétés - 12x90g","p":5.2,"u":"4,81 €/KG","img":"https://fd9-photos.leclercdrive.fr/image.ashx?id=3010942&use=l&cat=p&typeid=i","cat":284508},{"id":87924,"n":"Dosettes café Senseo Classique x40","p":6.31,"u":"22,78 €/KG","img":"https://fd9-photos.leclercdrive.fr/image.ashx?id=2876326&use=l&cat=p&typeid=i","cat":293238},{"id":87925,"n":"Dosettes café Senseo Corsé x40","p":6.36,"u":"22,96 €/KG","img":"https://fd9-photos.leclercdrive.fr/image.ashx?id=2393581&use=l&cat=p&typeid=i","cat":293238},{"id":87926,"n":"Dosettes café Senseo Doux x40","p":6.36,"u":"22,96 €/KG","img":"https://fd9-photos.leclercdrive.fr/image.ashx?id=2337567&use=l&cat=p&typeid=i","cat":293238},{"id":87927,"n":"Dosettes café Senseo Décaféiné x40","p":6.35,"u":"22,92 €/KG","img":"https://fd9-photos.leclercdrive.fr/image.ashx?id=2324921&use=l&cat=p&typeid=i","cat":293238},{"id":87929,"n":"Dosettes café Senseo Classique x54","p":8.51,"u":"22,69 €/KG","img":"https://fd9-photos.leclercdrive.fr/image.ashx?id=2391798&use=l&cat=p&typeid=i","cat":293238},{"id":87950,"n":"Snacks chats Tous mes amis Liquide - 90g","p":1.49,"u":"16,56 €/KG","img":"https://fd9-photos.leclercdrive.fr/image.ashx?id=2520041&use=l&cat=p&typeid=i","cat":285285},{"id":88048,"n":"Compote Charles & Alice Pommes Bananes Vanille -4x100g","p":1.7,"u":"4,38 €/KG","img":"https://fd9-photos.leclercdrive.fr/image.ashx?id=2757698&use=l&cat=p&typeid=i","cat":284416},{"id":88062,"n":"Matière grasse Primevere Oméga 3 - 55% - 250g","p":1.43,"u":"5,72 €/KG","img":"https://fd9-photos.leclercdrive.fr/image.ashx?id=2928468&use=l&cat=p&typeid=i","cat":315229},{"id":88205,"n":"Fluide démaquillant 3en1 Avène visage/yeux peau sensible 200ml","p":11.79,"u":"58,95 €/L","img":"https://fd9-photos.leclercdrive.fr/image.ashx?id=2373423&use=l&cat=p&typeid=i","cat":301587},{"id":88228,"n":"Crème Vichy Liftactiv Nuit - 50ml","p":28.98,"u":"579,60 €/L","img":"https://fd9-photos.leclercdrive.fr/image.ashx?id=2054118&use=l&cat=p&typeid=i","cat":291168},{"id":88230,"n":"Crème Vichy liftactiv suprême peaux normales à mixtes - 50ml","p":28.98,"u":"579,60 €/L","img":"https://fd9-photos.leclercdrive.fr/image.ashx?id=2768192&use=l&cat=p&typeid=i","cat":291168},{"id":88235,"n":"Crème La Roche-Posay Effaclar mat - 40ml","p":11.49,"u":"287,25 €/L","img":"https://fd9-photos.leclercdrive.fr/image.ashx?id=2842708&use=l&cat=p&typeid=i","cat":291166},{"id":88245,"n":"Huile de massage Weleda Pour vergétures - 100ml","p":14.98,"u":"149,80 €/L","img":"https://fd9-photos.leclercdrive.fr/image.ashx?id=2454241&use=l&cat=p&typeid=i","cat":291159},{"id":88266,"n":"Lait corps Topicrem Ultra hydratant - 500ml","p":10.88,"pp":7.62,"u":"15,24 €/L","img":"https://fd9-photos.leclercdrive.fr/image.ashx?id=2631771&use=l&cat=p&typeid=i","cat":290421},{"id":88310,"n":"Soin hydratant Bioderma Anti-brillance - 30ml","p":10.98,"u":"366,00 €/L","img":"https://fd9-photos.leclercdrive.fr/image.ashx?id=2412714&use=l&cat=p&typeid=i","cat":291166},{"id":88340,"n":"Berries Haribo Sachet bonbons - 200g","p":1.81,"u":"9,05 €/KG","img":"https://fd9-photos.leclercdrive.fr/image.ashx?id=2982411&use=l&cat=p&typeid=i","cat":304250},{"id":88413,"n":"Beurre Allégé Elle&Vire Doux - 41% MG - 250g","p":2.17,"u":"8,68 €/KG","img":"https://fd9-photos.leclercdrive.fr/image.ashx?id=2969169&use=l&cat=p&typeid=i","cat":284379},{"id":88417,"n":"Matière grasse St Hubert 51%MG-Sans huile de palme -500g","p":5.04,"u":"10,08 €/KG","img":"https://fd9-photos.leclercdrive.fr/image.ashx?id=2734117&use=l&cat=p&typeid=i","cat":315229},{"id":88429,"n":"Eau gazeuse San Pellegrino Minérale naturelle - 6x33cl","p":2.79,"u":"1,41 €/L","img":"https://fd9-photos.leclercdrive.fr/image.ashx?id=2459090&use=l&cat=p&typeid=i","cat":284536},{"id":88448,"n":"Fromage à Tartiner Carré Frais  Nature 0% - 8 Portions - 200g","p":2.25,"u":"11,25 €/KG","img":"https://fd9-photos.leclercdrive.fr/image.ashx?id=2868684&use=l&cat=p&typeid=i","cat":314029},{"id":88461,"n":"Salami Danois  Saint-Azay x16 - 160g","p":1.58,"u":"9,88 €/KG","img":"https://fd9-photos.leclercdrive.fr/image.ashx?id=2174714&use=l&cat=p&typeid=i","cat":316007},{"id":88471,"n":"Protège slip Tena Long - x20","p":2.49,"u":"0,12 €/P","img":"https://fd9-photos.leclercdrive.fr/image.ashx?id=2428588&use=l&cat=p&typeid=i","cat":284628},{"id":88480,"n":"Soin léger réhydratant Jonzac Eau thermale bio - 50ml","p":10.0,"u":"200,00 €/L","img":"https://fd9-photos.leclercdrive.fr/image.ashx?id=2734987&use=l&cat=p&typeid=i","cat":291171},{"id":88511,"n":"Éventail de Crevettes Pescanova ASC Sauce Tzatziki - 130g","p":3.9,"u":"30,00 €/KG","img":"https://fd9-photos.leclercdrive.fr/image.ashx?id=2180073&use=l&cat=p&typeid=i","cat":284343},{"id":88542,"n":"Tomato Ketchup Allégé Heinz 50% sucre/sel en moins - 435g","p":2.22,"u":"5,10 €/KG","img":"https://fd9-photos.leclercdrive.fr/image.ashx?id=2973357&use=l&cat=p&typeid=i","cat":284455},{"id":88548,"n":"Tartines campagne La Boulangère 450g","p":1.55,"u":"3,44 €/KG","img":"https://fd9-photos.leclercdrive.fr/image.ashx?id=2912395&use=l&cat=p&typeid=i","cat":284477},{"id":88560,"n":"Céréales bébé Blédine 6 mois  Biscuit - 400g","p":2.12,"u":"5,30 €/KG","img":"https://fd9-photos.leclercdrive.fr/image.ashx?id=2773295&use=l&cat=p&typeid=i","cat":312225},{"id":88662,"n":"Yaourt bifidus Activia Vanille - 4x125g","p":1.59,"u":"3,18 €/KG","img":"https://fd9-photos.leclercdrive.fr/image.ashx?id=3006184&use=l&cat=p&typeid=i","cat":315000},{"id":88738,"n":"Yaourt bifidus Activia citron vanille coco - 12x125g","p":4.79,"u":"3,19 €/KG","img":"https://fd9-photos.leclercdrive.fr/image.ashx?id=3003149&use=l&cat=p&typeid=i","cat":315000},{"id":88740,"n":"Yaourt bifidus Activia citron - 4x125g","p":1.59,"u":"3,18 €/KG","img":"https://fd9-photos.leclercdrive.fr/image.ashx?id=3006181&use=l&cat=p&typeid=i","cat":315000},{"id":88742,"n":"Yaourt bifidus Activia coco - 4x125g","p":1.59,"u":"3,18 €/KG","img":"https://fd9-photos.leclercdrive.fr/image.ashx?id=2886651&use=l&cat=p&typeid=i","cat":315000},{"id":88981,"n":"Tablette chocolat au lait Milka Caramel - 3x100g","p":4.17,"u":"13,90 €/KG","img":"https://fd9-photos.leclercdrive.fr/image.ashx?id=2617078&use=l&cat=p&typeid=i","cat":284497},{"id":88986,"n":"Barre Chocolat au Lait KitKat x6 barres - 249g","p":3.02,"u":"12,13 €/KG","img":"https://fd9-photos.leclercdrive.fr/image.ashx?id=2989426&use=l&cat=p&typeid=i","cat":284498},{"id":89010,"n":"Fromage Roquefort Société Crème 2x100g","p":4.0,"u":"20,00 €/KG","img":"https://fd9-photos.leclercdrive.fr/image.ashx?id=2789706&use=l&cat=p&typeid=i","cat":314032},{"id":89088,"n":"Boisson au Soja Alpro Goût vanille - 1L","p":2.17,"u":"2,17 €/L","img":"https://fd9-photos.leclercdrive.fr/image.ashx?id=2944383&use=l&cat=p&typeid=i","cat":316067},{"id":89090,"n":"Boisson végétale Alpro Soja - 1L","p":1.76,"u":"1,76 €/L","img":"https://fd9-photos.leclercdrive.fr/image.ashx?id=2977681&use=l&cat=p&typeid=i","cat":316067},{"id":89093,"n":"Boisson végétale Alpro avoine - 1l","p":2.05,"u":"2,05 €/L","img":"https://fd9-photos.leclercdrive.fr/image.ashx?id=2986852&use=l&cat=p&typeid=i","cat":316067},{"id":89094,"n":"Boisson végétale lait d'amande grillée sans sucre alpro - 1l","p":2.05,"u":"2,05 €/L","img":"https://fd9-photos.leclercdrive.fr/image.ashx?id=2985543&use=l&cat=p&typeid=i","cat":316067},{"id":89160,"n":"Recharge liquide nettoyant Swiffer WetJet - 1.25L","p":4.69,"pp":2.81,"u":"2,25 €/L","img":"https://fd9-photos.leclercdrive.fr/image.ashx?id=2867800&use=l&cat=p&typeid=i","cat":325364},{"id":89197,"n":"Eau gazeuse aromatisée Badoit Pamplemousse citron - 1L","p":1.12,"u":"1,12 €/L","img":"https://fd9-photos.leclercdrive.fr/image.ashx?id=2730655&use=l&cat=p&typeid=i","cat":284536},{"id":89198,"n":"Eau gazeuse aromatisée Badoit Citron menthe - 1L","p":1.28,"u":"1,28 €/L","img":"https://fd9-photos.leclercdrive.fr/image.ashx?id=2730661&use=l&cat=p&typeid=i","cat":284536},{"id":89341,"n":"Gel lavant recharge Manava Antibactérien Mandarine - 250ml","p":0.54,"u":"2,16 €/L","img":"https://fd9-photos.leclercdrive.fr/image.ashx?id=2333796&use=l&cat=p&typeid=i","cat":284597},{"id":89345,"n":"Serviettes Super Doulys Ultra mince - x24","p":1.83,"u":"0,08 €/P","img":"https://fd9-photos.leclercdrive.fr/image.ashx?id=2839931&use=l&cat=p&typeid=i","cat":284624},{"id":89424,"n":"Pesto vert Bio Village Bio - 185g","p":1.8,"u":"9,73 €/KG","img":"https://fd9-photos.leclercdrive.fr/image.ashx?id=1466304&use=l&cat=p&typeid=i","cat":287599},{"id":89503,"n":"Mélange de fruits secs  Seeberger - 150g","p":3.78,"u":"25,20 €/KG","img":"https://fd9-photos.leclercdrive.fr/image.ashx?id=2950636&use=l&cat=p&typeid=i","cat":316002},{"id":89506,"n":"Oeufs Plein air  Eco + x12","p":2.59,"u":"0,22 €/P","img":"https://fd9-photos.leclercdrive.fr/image.ashx?id=2708853&use=l&cat=p&typeid=i","cat":284378},{"id":89620,"n":"Mi-chaussette coton Dim Anthracite/Noir - T39/42 - x2","p":7.95,"u":"3,98 €/P","img":"https://fd9-photos.leclercdrive.fr/image.ashx?id=2534968&use=l&cat=p&typeid=i","cat":334130},{"id":89695,"n":"Poulet Weight Watchers Curry-coco - 300g","p":3.41,"u":"11,37 €/KG","img":"https://fd9-photos.leclercdrive.fr/image.ashx?id=2827203&use=l&cat=p&typeid=i","cat":333665},{"id":89914,"n":"Bouillon Cube Maggi Légumes x18 - 180g","p":1.56,"u":"8,67 €/KG","img":"https://fd9-photos.leclercdrive.fr/image.ashx?id=2737039&use=l&cat=p&typeid=i","cat":288379},{"id":90082,"n":"Ciboulette Ducros 4g","p":1.36,"u":"340,00 €/KG","img":"https://fd9-photos.leclercdrive.fr/image.ashx?id=2559487&use=l&cat=p&typeid=i","cat":298297},{"id":90090,"n":"Gnocchi à poêler Lustucru Extra Fromage 500g","p":2.75,"u":"5,50 €/KG","img":"https://fd9-photos.leclercdrive.fr/image.ashx?id=2786171&use=l&cat=p&typeid=i","cat":333682},{"id":90120,"n":"Crème Saint Agur  155g","p":2.65,"u":"17,10 €/KG","img":"https://fd9-photos.leclercdrive.fr/image.ashx?id=2760014&use=l&cat=p&typeid=i","cat":314029},{"id":90122,"n":"Camembert Coeur de Lion 250g","p":1.96,"u":"7,84 €/KG","img":"https://fd9-photos.leclercdrive.fr/image.ashx?id=3008185&use=l&cat=p&typeid=i","cat":314033},{"id":90182,"n":"Savon Bionaïa Lait d'anesse - 100g","p":1.72,"u":"17,20 €/KG","img":"https://fd9-photos.leclercdrive.fr/image.ashx?id=2491047&use=l&cat=p&typeid=i","cat":284597},{"id":90188,"n":"Cremio Box Sodebo Poulet à l'Emmental - 280g","p":2.21,"u":"7,89 €/KG","img":"https://fd9-photos.leclercdrive.fr/image.ashx?id=2679068&use=l&cat=p&typeid=i","cat":334983},{"id":90227,"n":"Couteau de Chef Ardence x1","p":11.9,"u":"0,50 €/P","img":"https://fd9-photos.leclercdrive.fr/image.ashx?id=1474460&use=l&cat=p&typeid=i","cat":334135},{"id":90228,"n":"Bière aromatisée Belzebuth Pink 2.8%vol. - 33cl","p":1.91,"u":"5,79 €/L","img":"https://fd9-photos.leclercdrive.fr/image.ashx?id=2906385&use=l&cat=p&typeid=i","cat":334878},{"id":90238,"n":"Capsule Familia Wiss Le Parfait Diamètre 110 mm - x12","p":10.3,"u":"0,86 €/P","img":"https://fd9-photos.leclercdrive.fr/image.ashx?id=2503713&use=l&cat=p&typeid=i","cat":284710},{"id":90252,"n":"Rondelle Super Le Parfait  Diamètre de 100 mm - x10","p":2.85,"u":"0,29 €/P","img":"https://fd9-photos.leclercdrive.fr/image.ashx?id=2807495&use=l&cat=p&typeid=i","cat":284710},{"id":90279,"n":"Moule à tarte  Revêtement antiadhésif - 30cm","p":6.33,"img":"https://fd9-photos.leclercdrive.fr/image.ashx?id=2805996&use=l&cat=p&typeid=i","cat":298490},{"id":90280,"n":"Plaque à pâtisserie Homeside 38x28cm","p":7.9,"img":"https://fd9-photos.leclercdrive.fr/image.ashx?id=2833041&use=l&cat=p&typeid=i","cat":298490},{"id":90306,"n":"Moule à charlotte Aluminium revêtu - 18cm","p":5.5,"img":"https://fd9-photos.leclercdrive.fr/image.ashx?id=2833035&use=l&cat=p&typeid=i","cat":298490},{"id":90308,"n":"Moule à savarin Aluminium revêtu - 24cm","p":5.5,"img":"https://fd9-photos.leclercdrive.fr/image.ashx?id=2856727&use=l&cat=p&typeid=i","cat":298490},{"id":90481,"n":"Eau infusée Bio Volvic  Hibiscus litchti passion - 75cl","p":1.59,"u":"2,12 €/L","img":"https://fd9-photos.leclercdrive.fr/image.ashx?id=2500437&use=l&cat=p&typeid=i","cat":284537},{"id":90501,"n":"Verres hauts Ardence 33.5cl - x3","p":2.89,"u":"0,96 €/P","img":"https://fd9-photos.leclercdrive.fr/image.ashx?id=1498685&use=l&cat=p&typeid=i","cat":334134},{"id":90547,"n":"Croquettes chat Purina One Chat Stérilisé Truite/Blé-1.5kg","p":6.59,"u":"4,39 €/KG","img":"https://fd9-photos.leclercdrive.fr/image.ashx?id=2488064&use=l&cat=p&typeid=i","cat":284680},{"id":90675,"n":"Crème dessert Mont Blanc Boîte Chocolat - 570g","p":2.47,"u":"4,33 €/KG","img":"https://fd9-photos.leclercdrive.fr/image.ashx?id=3011614&use=l&cat=p&typeid=i","cat":284506},{"id":90676,"n":"Crème dessert Mont Blanc Boîte Vanille - 570g","p":2.46,"u":"4,32 €/KG","img":"https://fd9-photos.leclercdrive.fr/image.ashx?id=3008830&use=l&cat=p&typeid=i","cat":284506},{"id":90689,"n":"Lotus Biscoff Speculoos Biscuit Pocket 248g (16x2p)","p":2.11,"u":"8,51 €/KG","img":"https://fd9-photos.leclercdrive.fr/image.ashx?id=2694986&use=l&cat=p&typeid=i","cat":284487},{"id":90847,"n":"Dosettes café Senseo Grand Mère Corsé x54","p":5.35,"u":"15,03 €/KG","img":"https://fd9-photos.leclercdrive.fr/image.ashx?id=2745817&use=l&cat=p&typeid=i","cat":293238},{"id":90993,"n":"Soda Pepsi Regular - 2L","p":1.53,"u":"0,77 €/L","img":"https://fd9-photos.leclercdrive.fr/image.ashx?id=1583915&use=l&cat=p&typeid=i","cat":284530},{"id":91025,"n":"Pur Jus Bio Village Bio Grenade - 1L","p":4.87,"u":"4,87 €/L","img":"https://fd9-photos.leclercdrive.fr/image.ashx?id=1936743&use=l&cat=p&typeid=i","cat":284916},{"id":91177,"n":"Démaquillant Yeux biphase Nivea Sensibles Waterproof - 125ml","p":2.5,"u":"20,00 €/L","img":"https://fd9-photos.leclercdrive.fr/image.ashx?id=2953944&use=l&cat=p&typeid=i","cat":284603},{"id":91178,"n":"Crème visage Jour FPS 15 Nivea Nourrissante Peau Sèche - 50ml","p":3.68,"u":"73,60 €/L","img":"https://fd9-photos.leclercdrive.fr/image.ashx?id=3014605&use=l&cat=p&typeid=i","cat":325345},{"id":91231,"n":"Thé vert Twinings Framboise Passion x20 - 32g","p":2.83,"u":"88,44 €/KG","img":"https://fd9-photos.leclercdrive.fr/image.ashx?id=2893030&use=l&cat=p&typeid=i","cat":293233},{"id":91242,"n":"Café Soluble Nescafé Spécial Filtre L'Original 200g","p":7.67,"u":"38,35 €/KG","img":"https://fd9-photos.leclercdrive.fr/image.ashx?id=2986906&use=l&cat=p&typeid=i","cat":284843},{"id":91272,"n":"AOP Saint-Mont rouge Marquis de Seillan Premium  - 75 cl","p":5.99,"u":"7,99 €/L","img":"https://fd9-photos.leclercdrive.fr/image.ashx?id=2992023&use=l&cat=p&typeid=i","cat":289556},{"id":91296,"n":"Assortiment chocolats Equador Fins - 195g","p":5.15,"u":"26,41 €/KG","img":"https://fd9-photos.leclercdrive.fr/image.ashx?id=3001214&use=l&cat=p&typeid=i","cat":327595},{"id":91389,"n":"Assortiment Cuadro Gold  Novi 168g","p":7.95,"u":"47,32 €/KG","img":"https://fd9-photos.leclercdrive.fr/image.ashx?id=2654390&use=l&cat=p&typeid=i","cat":327595},{"id":91391,"n":"Gold Gianduiotti Novi 150g","p":7.95,"u":"53,00 €/KG","img":"https://fd9-photos.leclercdrive.fr/image.ashx?id=2654384&use=l&cat=p&typeid=i","cat":327595},{"id":91482,"n":"Riz Comptoir du Grain Champignons 2 min - 250g","p":1.22,"u":"4,88 €/KG","img":"https://fd9-photos.leclercdrive.fr/image.ashx?id=2441390&use=l&cat=p&typeid=i","cat":287600},{"id":91557,"n":"Lentilles Riz Soja Céréal Bio Bio repas express-250g","p":1.91,"u":"7,64 €/KG","img":"https://fd9-photos.leclercdrive.fr/image.ashx?id=2575084&use=l&cat=p&typeid=i","cat":287600},{"id":91763,"n":"Tripes à la mode de Caen 2x500g","p":6.9,"u":"6,90 €/KG","img":"https://fd9-photos.leclercdrive.fr/image.ashx?id=1760411&use=l&cat=p&typeid=i","cat":284328},{"id":91768,"n":"Roquefort AOP Société Fromage de brebis - 100g","p":2.29,"u":"22,90 €/KG","img":"https://fd9-photos.leclercdrive.fr/image.ashx?id=2729701&use=l&cat=p&typeid=i","cat":314032},{"id":91805,"n":"petit suisse aux fruits danonino - 18x50g","p":3.47,"u":"3,86 €/KG","img":"https://fd9-photos.leclercdrive.fr/image.ashx?id=3003137&use=l&cat=p&typeid=i","cat":284414},{"id":91807,"n":"petit suisse aux fruits danonino - 12x50g","p":2.34,"u":"3,90 €/KG","img":"https://fd9-photos.leclercdrive.fr/image.ashx?id=3003140&use=l&cat=p&typeid=i","cat":284414},{"id":91864,"n":"Haricots verts Cassegrain Extra fin - 2x220g","p":4.0,"u":"9,09 €/KG","img":"https://fd9-photos.leclercdrive.fr/image.ashx?id=2955324&use=l&cat=p&typeid=i","cat":312606},{"id":91903,"n":"Biscuits Délichoc Chocolat noir - 3x150g","p":5.4,"u":"12,00 €/KG","img":"https://fd9-photos.leclercdrive.fr/image.ashx?id=2668332&use=l&cat=p&typeid=i","cat":284488},{"id":92027,"n":"Tablette chocolat au lait Lindt Caramel Pointe de sel - 100g","p":2.29,"u":"22,90 €/KG","img":"https://fd9-photos.leclercdrive.fr/image.ashx?id=2750384&use=l&cat=p&typeid=i","cat":284497},{"id":92072,"n":"Ecrasé Pom'lisse Pomme de terre et cèpes - 400g","p":3.95,"u":"9,88 €/KG","img":"https://fd9-photos.leclercdrive.fr/image.ashx?id=2373269&use=l&cat=p&typeid=i","cat":319793},{"id":92074,"n":"Ecrasé Pom'lisse Pomme de terre truffe 1% - 400g","p":3.99,"u":"9,98 €/KG","img":"https://fd9-photos.leclercdrive.fr/image.ashx?id=2691447&use=l&cat=p&typeid=i","cat":319793},{"id":92247,"n":"Nettoyant spray La Croix Désinfectant Javel Frais -500ml","p":1.48,"u":"2,96 €/L","img":"https://fd9-photos.leclercdrive.fr/image.ashx?id=2471601&use=l&cat=p&typeid=i","cat":325357},{"id":92267,"n":"Soupe instantanée Royco  Indienne - 3x200ml","p":1.61,"u":"2,68 €/L","img":"https://fd9-photos.leclercdrive.fr/image.ashx?id=2650988&use=l&cat=p&typeid=i","cat":293527},{"id":92273,"n":"Soupe paysanne Knorr Lentilles/Lard fumé/Légumes -1L","p":3.12,"u":"3,12 €/L","img":"https://fd9-photos.leclercdrive.fr/image.ashx?id=2408255&use=l&cat=p&typeid=i","cat":284462},{"id":92304,"n":"Soupe Saveurs d'Antan Knorr Poule vermicelles - 30cl","p":1.2,"u":"4,00 €/L","img":"https://fd9-photos.leclercdrive.fr/image.ashx?id=2738275&use=l&cat=p&typeid=i","cat":284462},{"id":92342,"n":"AOP Bordeaux vin blanc Mouton Cadet - 75cl","p":5.59,"u":"7,45 €/L","img":"https://fd9-photos.leclercdrive.fr/image.ashx?id=2845985&use=l&cat=p&typeid=i","cat":289557},{"id":92356,"n":"Serviettes Hygieniques Vania  Maxi confort super - x16","p":1.74,"u":"0,11 €/P","img":"https://fd9-photos.leclercdrive.fr/image.ashx?id=2908168&use=l&cat=p&typeid=i","cat":284624},{"id":92436,"n":"Noix de Saint-Jacques ASC Ronde des Mers - 300g","p":8.7,"u":"29,00 €/KG","img":"https://fd9-photos.leclercdrive.fr/image.ashx?id=2835032&use=l&cat=p&typeid=i","cat":319787},{"id":92452,"n":"Tomates cerises bio Bio Village 250g","p":1.99,"u":"7,96 €/KG","img":"https://fd9-photos.leclercdrive.fr/image.ashx?id=2960544&use=l&cat=p&typeid=i","cat":284352},{"id":92454,"n":"Mini bûche Eskiss Fruits rouge x6 - 328g","p":2.29,"u":"6,98 €/KG","img":"https://fd9-photos.leclercdrive.fr/image.ashx?id=2790994&use=l&cat=p&typeid=i","cat":284266},{"id":92516,"n":"Poélée Légume Wok Notre Jardin Inde - 1kg","p":3.99,"u":"3,99 €/KG","img":"https://fd9-photos.leclercdrive.fr/image.ashx?id=2803957&use=l&cat=p&typeid=i","cat":319823},{"id":92529,"n":"Échalotes traditionnelles bio  Bio Village - 250g","p":1.99,"u":"7,96 €/KG","img":"https://fd9-photos.leclercdrive.fr/image.ashx?id=2922454&use=l&cat=p&typeid=i","cat":284352},{"id":92532,"n":"Céréales Quaker Cruesli Chocolat - 900g","p":5.05,"u":"5,61 €/KG","img":"https://fd9-photos.leclercdrive.fr/image.ashx?id=2212153&use=l&cat=p&typeid=i","cat":309512},{"id":92533,"n":"Céréales Quaker Cruesli Chocolat au lait - 450g","p":2.61,"u":"5,80 €/KG","img":"https://fd9-photos.leclercdrive.fr/image.ashx?id=2212156&use=l&cat=p&typeid=i","cat":309512},{"id":92586,"n":"Lait de toilette bébé Klorane Sans rinçage - 750ml","p":7.98,"u":"10,64 €/L","img":"https://fd9-photos.leclercdrive.fr/image.ashx?id=2936848&use=l&cat=p&typeid=i","cat":290425},{"id":92593,"n":"Eau fraîche bébé Klorane Parfumée - 500ml","p":9.18,"u":"18,36 €/L","img":"https://fd9-photos.leclercdrive.fr/image.ashx?id=2936854&use=l&cat=p&typeid=i","cat":290425},{"id":92597,"n":"Gel lavant doux bébé Klorane 500ml","p":6.79,"u":"13,58 €/L","img":"https://fd9-photos.leclercdrive.fr/image.ashx?id=2936857&use=l&cat=p&typeid=i","cat":290425},{"id":92599,"n":"Lingettes bébé Klorane Nettoyantes douces - x70","p":3.31,"u":"0,05 €/P","img":"https://fd9-photos.leclercdrive.fr/image.ashx?id=2420211&use=l&cat=p&typeid=i","cat":290387},{"id":92601,"n":"Eau parfumée bébé Klorane Petit Brin sans alcool - 50ml","p":11.98,"u":"239,60 €/L","img":"https://fd9-photos.leclercdrive.fr/image.ashx?id=2377106&use=l&cat=p&typeid=i","cat":290425},{"id":92633,"n":"Gel lavant doux bébé KLorane 2x500ml","p":10.27,"u":"10,27 €/L","img":"https://fd9-photos.leclercdrive.fr/image.ashx?id=2009093&use=l&cat=p&typeid=i","cat":290425},{"id":92693,"n":"Gel douche Mixa Bébé  Très Doux Corps Cheveux - 750ml","p":6.64,"u":"8,85 €/L","img":"https://fd9-photos.leclercdrive.fr/image.ashx?id=2316210&use=l&cat=p&typeid=i","cat":284740},{"id":92761,"n":"Sacs poubelle 10L Eco+ Salle de bain - x30","p":1.08,"u":"0,04 €/P","img":"https://fd9-photos.leclercdrive.fr/image.ashx?id=1916280&use=l&cat=p&typeid=i","cat":285168},{"id":92780,"n":"Bière blonde Heineken 6x25cl","p":4.24,"u":"2,83 €/L","img":"https://fd9-photos.leclercdrive.fr/image.ashx?id=3011077&use=l&cat=p&typeid=i","cat":334873},{"id":92782,"n":"Thé glacé Fuze Tea Saveur pêche - 1.25L","p":1.5,"u":"1,20 €/L","img":"https://fd9-photos.leclercdrive.fr/image.ashx?id=2940390&use=l&cat=p&typeid=i","cat":295019},{"id":92818,"n":"Tablette lave-vaisselle Rainett Tout en 1 Bicarbonate x30 -600g","p":5.14,"u":"8,57 €/KG","img":"https://fd9-photos.leclercdrive.fr/image.ashx?id=2506477&use=l&cat=p&typeid=i","cat":284656},{"id":92834,"n":"Chips extra Vico 6x30g","p":1.96,"u":"10,89 €/KG","img":"https://fd9-photos.leclercdrive.fr/image.ashx?id=2917816&use=l&cat=p&typeid=i","cat":284447},{"id":92841,"n":"Huile de tournesol Rustica 50cl","p":1.39,"u":"2,78 €/L","img":"https://fd9-photos.leclercdrive.fr/image.ashx?id=2535649&use=l&cat=p&typeid=i","cat":284453},{"id":92861,"n":"Crème Visage Jour FPS 15 Nivea Hydratante - 50ml","p":4.08,"u":"81,60 €/L","img":"https://fd9-photos.leclercdrive.fr/image.ashx?id=3015335&use=l&cat=p&typeid=i","cat":325345},{"id":93022,"n":"Bière blonde Heineken 20x25cl","p":11.98,"u":"2,40 €/L","img":"https://fd9-photos.leclercdrive.fr/image.ashx?id=3011074&use=l&cat=p&typeid=i","cat":334873},{"id":93023,"n":"Bière blonde Heineken 12x25cl","p":7.53,"u":"2,51 €/L","img":"https://fd9-photos.leclercdrive.fr/image.ashx?id=3011080&use=l&cat=p&typeid=i","cat":334873},{"id":93032,"n":"Saucisson Justin Bridou Bâton de Berger Nature 250g","p":3.75,"u":"15,00 €/KG","img":"https://fd9-photos.leclercdrive.fr/image.ashx?id=2921313&use=l&cat=p&typeid=i","cat":316006},{"id":93033,"n":"Saucisson Fuet César Moroni  170g","p":2.86,"u":"16,82 €/KG","img":"https://fd9-photos.leclercdrive.fr/image.ashx?id=2916138&use=l&cat=p&typeid=i","cat":316006},{"id":93036,"n":"Rosette tranchée Cochonou  10 tranches - 93g","p":1.97,"u":"21,18 €/KG","img":"https://fd9-photos.leclercdrive.fr/image.ashx?id=2924107&use=l&cat=p&typeid=i","cat":316007},{"id":93037,"n":"Saucisson sec Tranché Cochonou 30 tranches - 93g","p":1.61,"u":"17,31 €/KG","img":"https://fd9-photos.leclercdrive.fr/image.ashx?id=2924104&use=l&cat=p&typeid=i","cat":316007},{"id":93041,"n":"Fromage Caprice Des Dieux 300g","p":3.59,"u":"11,97 €/KG","img":"https://fd9-photos.leclercdrive.fr/image.ashx?id=2763178&use=l&cat=p&typeid=i","cat":314033},{"id":93071,"n":"Champignons de Paris blancs Bio Bio Village - 200g","p":2.39,"u":"11,95 €/KG","img":"https://fd9-photos.leclercdrive.fr/image.ashx?id=2960550&use=l&cat=p&typeid=i","cat":284352},{"id":93079,"n":"Bûche glacée L'Angelys Fruits rouges et exotiques - 500g","p":9.12,"u":"18,24 €/KG","img":"https://fd9-photos.leclercdrive.fr/image.ashx?id=2963664&use=l&cat=p&typeid=i","cat":284266},{"id":93091,"n":"Bûche glacée Eskiss Vanille Caramel Pécan - 534g","p":4.04,"u":"7,57 €/KG","img":"https://fd9-photos.leclercdrive.fr/image.ashx?id=2791329&use=l&cat=p&typeid=i","cat":284266},{"id":93108,"n":"Bière Desperados Pack de 12x33cl","p":14.45,"u":"3,65 €/L","img":"https://fd9-photos.leclercdrive.fr/image.ashx?id=2983123&use=l&cat=p&typeid=i","cat":334878},{"id":93109,"n":"Bière Desperados Pack de 6x33cl","p":7.22,"u":"3,65 €/L","img":"https://fd9-photos.leclercdrive.fr/image.ashx?id=2999865&use=l&cat=p&typeid=i","cat":334878},{"id":93111,"n":"Camembert Le Rustique  250g","p":2.31,"u":"9,24 €/KG","img":"https://fd9-photos.leclercdrive.fr/image.ashx?id=2979722&use=l&cat=p&typeid=i","cat":314033},{"id":93112,"n":"Coulommiers Cœur de Lion  350g","p":2.6,"u":"7,43 €/KG","img":"https://fd9-photos.leclercdrive.fr/image.ashx?id=2766286&use=l&cat=p&typeid=i","cat":314033},{"id":93244,"n":"Sauce bolognaise Panzani 425g","p":1.84,"u":"4,33 €/KG","img":"https://fd9-photos.leclercdrive.fr/image.ashx?id=2989096&use=l&cat=p&typeid=i","cat":287599},{"id":93310,"n":"Yaourt bifidus Activia vanille - 12x125g","p":4.24,"u":"2,83 €/KG","img":"https://fd9-photos.leclercdrive.fr/image.ashx?id=2999835&use=l&cat=p&typeid=i","cat":315000},{"id":93318,"n":"Vin de France Pinot Noir Bouchard Ainé et Fils - 75cl","p":6.44,"u":"8,59 €/L","img":"https://fd9-photos.leclercdrive.fr/image.ashx?id=2916105&use=l&cat=p&typeid=i","cat":289556},{"id":93348,"n":"Assortiment 26%mg Les croisés 3 Variétés ss croûte - 700g","p":9.74,"u":"13,91 €/KG","img":"https://fd9-photos.leclercdrive.fr/image.ashx?id=1511578&use=l&cat=p&typeid=i","cat":314037},{"id":93401,"n":"Bière blonde pression Heineken Fût de 5L","p":17.4,"u":"3,48 €/L","img":"https://fd9-photos.leclercdrive.fr/image.ashx?id=2646194&use=l&cat=p&typeid=i","cat":334879},{"id":93402,"n":"Bière Blonde Heineken 5% vol - 65cl","p":1.72,"u":"2,65 €/L","img":"https://fd9-photos.leclercdrive.fr/image.ashx?id=3008119&use=l&cat=p&typeid=i","cat":334873},{"id":93440,"n":"Boisson gourmande PAGO Citron Citron vert - 75cl","p":1.86,"u":"2,48 €/L","img":"https://fd9-photos.leclercdrive.fr/image.ashx?id=2861240&use=l&cat=p&typeid=i","cat":284915},{"id":93514,"n":"Frites de poulet Maître Coq 1 kg","p":5.8,"u":"5,80 €/KG","img":"https://fd9-photos.leclercdrive.fr/image.ashx?id=2939478&use=l&cat=p&typeid=i","cat":319780},{"id":93600,"n":"Dessert végétal soja Alpro Nature à la coco - 500g","p":1.82,"u":"3,64 €/KG","img":"https://fd9-photos.leclercdrive.fr/image.ashx?id=2976080&use=l&cat=p&typeid=i","cat":316071},{"id":93624,"n":"Papier toilette Mimosa Blanc 3 plis - x12","p":4.61,"u":"0,38 €/P","img":"https://fd9-photos.leclercdrive.fr/image.ashx?id=2777863&use=l&cat=p&typeid=i","cat":284634},{"id":93683,"n":"Noix st Jacques Ronde des mers Avec corail - 300g","p":12.89,"u":"42,97 €/KG","img":"https://fd9-photos.leclercdrive.fr/image.ashx?id=2632888&use=l&cat=p&typeid=i","cat":319787},{"id":93750,"n":"Ratatouille Cuisinée Cassegrain à la Provençale 380g","p":2.77,"u":"7,29 €/KG","img":"https://fd9-photos.leclercdrive.fr/image.ashx?id=2970831&use=l&cat=p&typeid=i","cat":312612},{"id":93788,"n":"Escalope Cordon Bleu Père Dodu  Poulet x2 - 200g","p":1.9,"u":"9,50 €/KG","img":"https://fd9-photos.leclercdrive.fr/image.ashx?id=2957170&use=l&cat=p&typeid=i","cat":333683},{"id":93814,"n":"Nettoyant Plastique TECH9 Brillant Senteur Vanille -400ml","p":3.99,"u":"9,98 €/L","img":"https://fd9-photos.leclercdrive.fr/image.ashx?id=2162435&use=l&cat=p&typeid=i","cat":298252},{"id":93815,"n":"Efface rayures universel TECH9 100ml","p":2.6,"u":"26,00 €/L","img":"https://fd9-photos.leclercdrive.fr/image.ashx?id=2162465&use=l&cat=p&typeid=i","cat":298252},{"id":93842,"n":"Coton rectangle bébé Eco+ x200","p":3.99,"u":"0,02 €/P","img":"https://fd9-photos.leclercdrive.fr/image.ashx?id=1949230&use=l&cat=p&typeid=i","cat":284739},{"id":93851,"n":"Petit Pois Tendres et Fondants Cassegrain 280g","p":1.79,"u":"6,39 €/KG","img":"https://fd9-photos.leclercdrive.fr/image.ashx?id=2955318&use=l&cat=p&typeid=i","cat":312607},{"id":93855,"n":"Nettoyant plastique TECH9 Mat Senteur Neuf - 400ml","p":3.99,"u":"9,98 €/L","img":"https://fd9-photos.leclercdrive.fr/image.ashx?id=2162429&use=l&cat=p&typeid=i","cat":298252},{"id":93857,"n":"Répare crevaison TECH9 500ml","p":6.9,"u":"13,80 €/L","img":"https://fd9-photos.leclercdrive.fr/image.ashx?id=2162489&use=l&cat=p&typeid=i","cat":298252},{"id":93936,"n":"Filets de poulet Eco+ Blanc - 1kg","p":9.49,"u":"9,49 €/KG","img":"https://fd9-photos.leclercdrive.fr/image.ashx?id=1514650&use=l&cat=p&typeid=i","cat":284336},{"id":93948,"n":"Filets de poulet Eco+ Jaune - 1kg","p":9.49,"u":"9,49 €/KG","img":"https://fd9-photos.leclercdrive.fr/image.ashx?id=1514653&use=l&cat=p&typeid=i","cat":284336},{"id":93951,"n":"Huile fine TECH9 Multi-usage - 125ml","p":2.1,"u":"16,80 €/L","img":"https://fd9-photos.leclercdrive.fr/image.ashx?id=1543706&use=l&cat=p&typeid=i","cat":298253},{"id":94053,"n":"Gaufrette P'tit Déli Fraise des bois - 160g","p":1.51,"u":"9,44 €/KG","img":"https://fd9-photos.leclercdrive.fr/image.ashx?id=2915299&use=l&cat=p&typeid=i","cat":284489},{"id":94164,"n":"Fromage Crèmeux Saint Albray  200g","p":2.88,"u":"14,40 €/KG","img":"https://fd9-photos.leclercdrive.fr/image.ashx?id=2731825&use=l&cat=p&typeid=i","cat":329558},{"id":94180,"n":"Croquettes chat Ultima Stérilisé sensible - 3kg","p":13.55,"u":"4,52 €/KG","img":"https://fd9-photos.leclercdrive.fr/image.ashx?id=2906580&use=l&cat=p&typeid=i","cat":284680},{"id":94309,"n":"Croquettes chat stérilisé D’intérieur Ultima - 3kg","p":13.94,"u":"4,65 €/KG","img":"https://fd9-photos.leclercdrive.fr/image.ashx?id=2922230&use=l&cat=p&typeid=i","cat":284680},{"id":94311,"n":"Patate douce Paysan Breton 750g","p":2.48,"u":"3,31 €/KG","img":"https://fd9-photos.leclercdrive.fr/image.ashx?id=2882412&use=l&cat=p&typeid=i","cat":319805},{"id":94635,"n":"Brasse végétal nature Andros 4x100g","p":2.71,"u":"6,78 €/KG","img":"https://fd9-photos.leclercdrive.fr/image.ashx?id=2872012&use=l&cat=p&typeid=i","cat":316071},{"id":94643,"n":"Brassé végétal Andros Framboise - 400g","p":2.62,"u":"6,55 €/KG","img":"https://fd9-photos.leclercdrive.fr/image.ashx?id=2879089&use=l&cat=p&typeid=i","cat":316071},{"id":94801,"n":"Oeufs frais De Nos Régions Élevées au Sol - x12","p":2.71,"u":"0,23 €/P","img":"https://fd9-photos.leclercdrive.fr/image.ashx?id=2969839&use=l&cat=p&typeid=i","cat":284378},{"id":94856,"n":"Oeufs frais plein air Oméga 3 - x20","p":4.55,"u":"0,23 €/P","img":"https://fd9-photos.leclercdrive.fr/image.ashx?id=2969988&use=l&cat=p&typeid=i","cat":284378},{"id":94857,"n":"Oeufs frais plein air Oeufs de Nos Régions - x4","p":0.99,"u":"0,25 €/P","img":"https://fd9-photos.leclercdrive.fr/image.ashx?id=2969970&use=l&cat=p&typeid=i","cat":284378},{"id":94859,"n":"Yaourt à la grecque YAOS  Stracciatella - 4x125g","p":2.34,"u":"4,68 €/KG","img":"https://fd9-photos.leclercdrive.fr/image.ashx?id=2679506&use=l&cat=p&typeid=i","cat":314999},{"id":94860,"n":"Oeufs frais De Nos Régions Élevées au sol - x6","p":1.49,"u":"0,25 €/P","img":"https://fd9-photos.leclercdrive.fr/image.ashx?id=2969824&use=l&cat=p&typeid=i","cat":284378},{"id":95008,"n":"Mini tablettes chocolat Milka Chocolat au lait - 8x25g","p":3.47,"u":"17,35 €/KG","img":"https://fd9-photos.leclercdrive.fr/image.ashx?id=2832419&use=l&cat=p&typeid=i","cat":284497},{"id":95077,"n":"Gel anti-calcaire Calgon  Hygiène Plus - 750ml","p":4.69,"u":"6,25 €/L","img":"https://fd9-photos.leclercdrive.fr/image.ashx?id=2953767&use=l&cat=p&typeid=i","cat":284653},{"id":95507,"n":"Risotto au Poulet & Cèpes Fleury Michon 2+1offert - 840g","p":5.47,"u":"6,51 €/KG","img":"https://fd9-photos.leclercdrive.fr/image.ashx?id=2246818&use=l&cat=p&typeid=i","cat":333665},{"id":95524,"n":"Essuie-tout bobine Mimosa 500 feuilles","p":3.69,"img":"https://fd9-photos.leclercdrive.fr/image.ashx?id=1523297&use=l&cat=p&typeid=i","cat":284635},{"id":95534,"n":"Saumon fumé Ronde des Mers Ecosse x4T - 140g","p":4.99,"u":"35,64 €/KG","img":"https://fd9-photos.leclercdrive.fr/image.ashx?id=2450056&use=l&cat=p&typeid=i","cat":285188},{"id":95535,"n":"Saumon fumé ASC Ronde des Mers Norvège x4T - 140g","p":4.99,"u":"35,64 €/KG","img":"https://fd9-photos.leclercdrive.fr/image.ashx?id=2833126&use=l&cat=p&typeid=i","cat":285188},{"id":95815,"n":"Dessert végétal soja alpro Vanille - 500g","p":1.8,"u":"3,60 €/KG","img":"https://fd9-photos.leclercdrive.fr/image.ashx?id=2977672&use=l&cat=p&typeid=i","cat":316071},{"id":95945,"n":"Pommes bicolores Panier du Primeur Barquette x6","p":2.49,"u":"0,42 €/P","img":"https://fd9-photos.leclercdrive.fr/image.ashx?id=2553920&use=l&cat=p&typeid=i","cat":284356},{"id":95946,"n":"Pommes vertes Panier du Primeur Barquette x6","p":1.49,"u":"0,25 €/P","img":"https://fd9-photos.leclercdrive.fr/image.ashx?id=2338703&use=l&cat=p&typeid=i","cat":284356},{"id":95947,"n":"Pommes jaunes Panier du Primeur x6","p":2.49,"u":"0,42 €/P","img":"https://fd9-photos.leclercdrive.fr/image.ashx?id=2338700&use=l&cat=p&typeid=i","cat":284356},{"id":95973,"n":"Eau minérale naturelle Evian  6x1,5l","p":3.45,"u":"0,38 €/L","img":"https://fd9-photos.leclercdrive.fr/image.ashx?id=2967717&use=l&cat=p&typeid=i","cat":284535},{"id":95974,"n":"Bière blonde Bud 5% - 12x25cl","p":8.53,"u":"2,84 €/L","img":"https://fd9-photos.leclercdrive.fr/image.ashx?id=2995406&use=l&cat=p&typeid=i","cat":334873},{"id":95975,"n":"Liquide vaisselle Visior Pomme poire - 750ml","p":1.19,"u":"1,59 €/L","img":"https://fd9-photos.leclercdrive.fr/image.ashx?id=1979269&use=l&cat=p&typeid=i","cat":284655},{"id":95976,"n":"Liquide vaisselle Visior Fruit rouge & Fleur - 750ml","p":1.19,"u":"1,59 €/L","img":"https://fd9-photos.leclercdrive.fr/image.ashx?id=2440461&use=l&cat=p&typeid=i","cat":284655},{"id":95977,"n":"Liquide vaisselle Visior Amande Calendula - 750ml","p":1.26,"u":"1,68 €/L","img":"https://fd9-photos.leclercdrive.fr/image.ashx?id=1965566&use=l&cat=p&typeid=i","cat":284655},{"id":95979,"n":"Gel douche Manava Orchidée Camélia - 250ml","p":1.15,"u":"4,60 €/L","img":"https://fd9-photos.leclercdrive.fr/image.ashx?id=2040311&use=l&cat=p&typeid=i","cat":284594},{"id":96057,"n":"Café grains Méo Espresso - 1kg","p":16.5,"u":"16,50 €/KG","img":"https://fd9-photos.leclercdrive.fr/image.ashx?id=2593977&use=l&cat=p&typeid=i","cat":293237},{"id":96089,"n":"Gel douche Manava Citron basilic - 250ml","p":1.15,"u":"4,60 €/L","img":"https://fd9-photos.leclercdrive.fr/image.ashx?id=2626823&use=l&cat=p&typeid=i","cat":284594},{"id":96094,"n":"Gel douche Manava Mangue Acai - 250ml","p":1.15,"u":"4,60 €/L","img":"https://fd9-photos.leclercdrive.fr/image.ashx?id=1973892&use=l&cat=p&typeid=i","cat":284594},{"id":96095,"n":"Gel douche Manava Envolée de pétales - 250ml","p":1.15,"u":"4,60 €/L","img":"https://fd9-photos.leclercdrive.fr/image.ashx?id=1980232&use=l&cat=p&typeid=i","cat":284594},{"id":96096,"n":"Gel douche Manava Crumble fruits rouges - 250ml","p":1.29,"u":"5,16 €/L","img":"https://fd9-photos.leclercdrive.fr/image.ashx?id=2486464&use=l&cat=p&typeid=i","cat":284594},{"id":96097,"n":"Gel douche Manava Noisettes caramel - 250ml","p":1.3,"u":"5,20 €/L","img":"https://fd9-photos.leclercdrive.fr/image.ashx?id=2040317&use=l&cat=p&typeid=i","cat":284594},{"id":96284,"n":"Pois chiches - 3x130g","p":1.65,"u":"4,23 €/KG","img":"https://fd9-photos.leclercdrive.fr/image.ashx?id=3002626&use=l&cat=p&typeid=i","cat":312609},{"id":96287,"n":"Café San Marco Grains n°7 - 500g","p":11.0,"u":"22,00 €/KG","img":"https://fd9-photos.leclercdrive.fr/image.ashx?id=2322163&use=l&cat=p&typeid=i","cat":293237},{"id":96416,"n":"Sauce soja Kikkoman 250ml","p":4.1,"u":"16,40 €/L","img":"https://fd9-photos.leclercdrive.fr/image.ashx?id=2544952&use=l&cat=p&typeid=i","cat":288992},{"id":96742,"n":"Marrons entier Roger Descours Bocal - 420g","p":4.99,"u":"11,88 €/KG","img":"https://fd9-photos.leclercdrive.fr/image.ashx?id=1748996&use=l&cat=p&typeid=i","cat":312612},{"id":96777,"n":"Crème mains Inell Hydratante - 100ml","p":1.35,"u":"13,50 €/L","img":"https://fd9-photos.leclercdrive.fr/image.ashx?id=1537471&use=l&cat=p&typeid=i","cat":325354},{"id":96920,"n":"Câbles de démarrage TECH9 25mm2","p":19.9,"img":"https://fd9-photos.leclercdrive.fr/image.ashx?id=2162561&use=l&cat=p&typeid=i","cat":298252},{"id":96923,"n":"Câbles de démarrage TECH9 35mm2","p":34.95,"img":"https://fd9-photos.leclercdrive.fr/image.ashx?id=2162564&use=l&cat=p&typeid=i","cat":298252},{"id":96937,"n":"Saumon fumé Eco+ Norvège - 200g","p":4.67,"u":"23,35 €/KG","img":"https://fd9-photos.leclercdrive.fr/image.ashx?id=2794823&use=l&cat=p&typeid=i","cat":285188},{"id":96966,"n":"Chipolatas Eco+ x6 - 330g","p":2.5,"u":"7,58 €/KG","img":"https://fd9-photos.leclercdrive.fr/image.ashx?id=2580499&use=l&cat=p&typeid=i","cat":284334},{"id":97045,"n":"Thon entier Petit Navire Au naturel - 2x93g","p":2.93,"u":"15,75 €/KG","img":"https://fd9-photos.leclercdrive.fr/image.ashx?id=2961837&use=l&cat=p&typeid=i","cat":303867},{"id":97060,"n":"Tagada Haribo Sachet bonbons - 400g","p":1.66,"u":"4,15 €/KG","img":"https://fd9-photos.leclercdrive.fr/image.ashx?id=2801854&use=l&cat=p&typeid=i","cat":304250},{"id":97124,"n":"Manchons de poulet Eco+ 250g","p":2.03,"u":"8,12 €/KG","img":"https://fd9-photos.leclercdrive.fr/image.ashx?id=2515667&use=l&cat=p&typeid=i","cat":333685},{"id":97360,"n":"Gyoza Ajinomoto Poulet & légumes - 212g","p":4.36,"u":"20,57 €/KG","img":"https://fd9-photos.leclercdrive.fr/image.ashx?id=2590327&use=l&cat=p&typeid=i","cat":319774},{"id":97662,"n":"Thé vert Twinings Menthe x25 - 38g","p":2.53,"u":"66,58 €/KG","img":"https://fd9-photos.leclercdrive.fr/image.ashx?id=2906763&use=l&cat=p&typeid=i","cat":293233},{"id":97667,"n":"Thé russian Twinings Earl grey x20 - 30g","p":2.56,"u":"85,33 €/KG","img":"https://fd9-photos.leclercdrive.fr/image.ashx?id=2878306&use=l&cat=p&typeid=i","cat":293233},{"id":97677,"n":"Thé Twinings English breakfast x25 - 40g","p":2.8,"u":"70,00 €/KG","img":"https://fd9-photos.leclercdrive.fr/image.ashx?id=2893027&use=l&cat=p&typeid=i","cat":293233},{"id":98098,"n":"Liquide vaisselle Visior Antiodeur - 500ml","p":0.64,"u":"1,28 €/L","img":"https://fd9-photos.leclercdrive.fr/image.ashx?id=2951122&use=l&cat=p&typeid=i","cat":284655},{"id":98251,"n":"Liquide Vaisselle Brillance  VISIOR - 500ml","p":0.64,"u":"1,28 €/L","img":"https://fd9-photos.leclercdrive.fr/image.ashx?id=2951125&use=l&cat=p&typeid=i","cat":284655},{"id":98253,"n":"Liquide vaisselle Visior Désincrustant sel - 500ml","p":0.64,"u":"1,28 €/L","img":"https://fd9-photos.leclercdrive.fr/image.ashx?id=2951128&use=l&cat=p&typeid=i","cat":284655},{"id":98288,"n":"Pâté piment d'espelette Escot 120g","p":2.03,"u":"16,92 €/KG","img":"https://fd9-photos.leclercdrive.fr/image.ashx?id=1638024&use=l&cat=p&typeid=i","cat":305149},{"id":98289,"n":"Pâté forestier Escot 120g","p":2.17,"u":"18,08 €/KG","img":"https://fd9-photos.leclercdrive.fr/image.ashx?id=1637988&use=l&cat=p&typeid=i","cat":305149},{"id":98291,"n":"Terrine de campagne Escot 180g","p":2.97,"u":"16,50 €/KG","img":"https://fd9-photos.leclercdrive.fr/image.ashx?id=1637526&use=l&cat=p&typeid=i","cat":305149},{"id":98292,"n":"Rillettes de canard Escot 120g","p":3.93,"u":"32,75 €/KG","img":"https://fd9-photos.leclercdrive.fr/image.ashx?id=1559455&use=l&cat=p&typeid=i","cat":305149},{"id":98296,"n":"Semoule au lait Yabon  Nappage caramel - 4x125g","p":2.79,"u":"5,58 €/KG","img":"https://fd9-photos.leclercdrive.fr/image.ashx?id=2644289&use=l&cat=p&typeid=i","cat":284506},{"id":98417,"n":"Liquide vaisselle floral Visior 500ml","p":0.64,"u":"1,28 €/L","img":"https://fd9-photos.leclercdrive.fr/image.ashx?id=2951134&use=l&cat=p&typeid=i","cat":284655},{"id":98422,"n":"Pavés de Saumon Bio Bio Village 200g","p":8.59,"u":"42,95 €/KG","img":"https://fd9-photos.leclercdrive.fr/image.ashx?id=2202105&use=l&cat=p&typeid=i","cat":319786},{"id":98431,"n":"Lamelles de kebab France Kebab Poulet dinde - 750g","p":8.32,"u":"11,09 €/KG","img":"https://fd9-photos.leclercdrive.fr/image.ashx?id=2231876&use=l&cat=p&typeid=i","cat":null},{"id":98438,"n":"Kiwis Bio Bio Village x6","p":3.99,"u":"0,67 €/P","img":"https://fd9-photos.leclercdrive.fr/image.ashx?id=2556443&use=l&cat=p&typeid=i","cat":284356},{"id":98443,"n":"Soda Coca-Cola Original Bouteille - Pack 6x1L","p":10.2,"u":"1,70 €/L","img":"https://fd9-photos.leclercdrive.fr/image.ashx?id=2830897&use=l&cat=p&typeid=i","cat":284530},{"id":98630,"n":"Compotes Douceur du Verger Panachées - x16","p":4.16,"u":"0,26 €/P","img":"https://fd9-photos.leclercdrive.fr/image.ashx?id=1693241&use=l&cat=p&typeid=i","cat":284416},{"id":98746,"n":"Mousse Maronsui's La Laitière Crème de marrons - 4x68,8g","p":1.75,"u":"6,36 €/KG","img":"https://fd9-photos.leclercdrive.fr/image.ashx?id=2729755&use=l&cat=p&typeid=i","cat":284417},{"id":98807,"n":"Purée fruit bébé Blédina 6 mois Pomme cerise vanille - 4x100g","p":1.76,"u":"4,40 €/KG","img":"https://fd9-photos.leclercdrive.fr/image.ashx?id=2983024&use=l&cat=p&typeid=i","cat":312388},{"id":98811,"n":"Comprimé antibactérien Polident x36","p":2.06,"u":"0,06 €/P","img":"https://fd9-photos.leclercdrive.fr/image.ashx?id=2303843&use=l&cat=p&typeid=i","cat":285158},{"id":98814,"n":"Dentifrice Parodontax Soin quotidien - 75ml","p":3.62,"u":"48,27 €/L","img":"https://fd9-photos.leclercdrive.fr/image.ashx?id=2606394&use=l&cat=p&typeid=i","cat":284612},{"id":98819,"n":"Dentifrice Sensodyne Sensibilité & Gencives - 75ml","p":4.44,"u":"59,20 €/L","img":"https://fd9-photos.leclercdrive.fr/image.ashx?id=2539986&use=l&cat=p&typeid=i","cat":284612},{"id":98822,"n":"Purée fruit bébé Blédina 6 mois Pomme kiwi ananas - 4x100g","p":1.77,"u":"4,43 €/KG","img":"https://fd9-photos.leclercdrive.fr/image.ashx?id=2983030&use=l&cat=p&typeid=i","cat":312388},{"id":98831,"n":"Purée fruit bébé Blédina 6 mois Harmonie de fruits - 4x100g","p":1.78,"u":"4,45 €/KG","img":"https://fd9-photos.leclercdrive.fr/image.ashx?id=2983036&use=l&cat=p&typeid=i","cat":312388},{"id":98872,"n":"Boisson Thé Glacé FuzeTea Mangue Camomille - 1,25L","p":1.63,"u":"1,30 €/L","img":"https://fd9-photos.leclercdrive.fr/image.ashx?id=2997220&use=l&cat=p&typeid=i","cat":295019},{"id":98875,"n":"Thé glacé Fuze Tea  Pêche Hibiscus - 1,25L","p":1.57,"u":"1,26 €/L","img":"https://fd9-photos.leclercdrive.fr/image.ashx?id=2940393&use=l&cat=p&typeid=i","cat":295019},{"id":98912,"n":"IGP Pays d'Oc rosé Roche Mazet Les Accords -75cl","p":3.69,"u":"4,92 €/L","img":"https://fd9-photos.leclercdrive.fr/image.ashx?id=2748290&use=l&cat=p&typeid=i","cat":289558},{"id":99216,"n":"Beurre Elle&Vire Condé sur Vire Doux - 82% MG - 250g","p":2.87,"u":"11,48 €/KG","img":"https://fd9-photos.leclercdrive.fr/image.ashx?id=2811131&use=l&cat=p&typeid=i","cat":284379},{"id":99248,"n":"Bouillon Kub Or Maggi 32 cubes - 128g","p":1.21,"u":"9,45 €/KG","img":"https://fd9-photos.leclercdrive.fr/image.ashx?id=2692737&use=l&cat=p&typeid=i","cat":288379},{"id":99508,"n":"Piles Duracell CR2032 Lithium 3V - x4","p":9.9,"u":"2,48 €/P","img":"https://fd9-photos.leclercdrive.fr/image.ashx?id=3003405&use=l&cat=p&typeid=i","cat":300572},{"id":99547,"n":"Haricots rouge Bio Village Bio - 205g","p":2.3,"u":"11,22 €/KG","img":"https://fd9-photos.leclercdrive.fr/image.ashx?id=1947761&use=l&cat=p&typeid=i","cat":312606},{"id":99562,"n":"Haricots verts Eco  Très fins - 440g","p":1.02,"u":"2,32 €/KG","img":"https://fd9-photos.leclercdrive.fr/image.ashx?id=2323067&use=l&cat=p&typeid=i","cat":312606},{"id":99564,"n":"Haricots Blancs à la tomate 800g","p":1.0,"u":"1,89 €/KG","img":"https://fd9-photos.leclercdrive.fr/image.ashx?id=2468786&use=l&cat=p&typeid=i","cat":312606},{"id":99570,"n":"Ratatouille Eco+ 750g","p":1.08,"u":"1,44 €/KG","img":"https://fd9-photos.leclercdrive.fr/image.ashx?id=2703446&use=l&cat=p&typeid=i","cat":312612},{"id":99574,"n":"Poêlée savoyarde  900g","p":4.04,"u":"4,49 €/KG","img":"https://fd9-photos.leclercdrive.fr/image.ashx?id=2478931&use=l&cat=p&typeid=i","cat":319823},{"id":99922,"n":"Lait de douche Manava Framboise - 250ml","p":0.94,"u":"3,76 €/L","img":"https://fd9-photos.leclercdrive.fr/image.ashx?id=2618353&use=l&cat=p&typeid=i","cat":284594},{"id":99965,"n":"Biscuit speculoos Lotus Biscoff 750g (6x125g)","p":3.59,"u":"4,79 €/KG","img":"https://fd9-photos.leclercdrive.fr/image.ashx?id=2693818&use=l&cat=p&typeid=i","cat":284487},{"id":99976,"n":"Biscuit petit déjeuner Belvita Brut - 600g","p":3.75,"u":"6,25 €/KG","img":"https://fd9-photos.leclercdrive.fr/image.ashx?id=2112935&use=l&cat=p&typeid=i","cat":285281},{"id":100122,"n":"Brossette interdentaire Inava Bleue - x1","p":3.48,"img":"https://fd9-photos.leclercdrive.fr/image.ashx?id=2976011&use=l&cat=p&typeid=i","cat":301595},{"id":100206,"n":"Quinoa gourmand Tipiak 400g","p":1.49,"u":"3,73 €/KG","img":"https://fd9-photos.leclercdrive.fr/image.ashx?id=2335940&use=l&cat=p&typeid=i","cat":284429},{"id":100334,"n":"Gel bain douche Manava Coton macadamia - 500ml","p":1.88,"u":"3,76 €/L","img":"https://fd9-photos.leclercdrive.fr/image.ashx?id=1644734&use=l&cat=p&typeid=i","cat":284594},{"id":100485,"n":"Chocolat noir Bio Village Bio Dégustation 85% cacao 100g","p":1.87,"u":"18,70 €/KG","img":"https://fd9-photos.leclercdrive.fr/image.ashx?id=1957009&use=l&cat=p&typeid=i","cat":284956},{"id":100670,"n":"Nectar Cidou Pomme douce - 1.75L","p":2.35,"u":"1,34 €/L","img":"https://fd9-photos.leclercdrive.fr/image.ashx?id=2342505&use=l&cat=p&typeid=i","cat":284522},{"id":100673,"n":"Soda Coca-Cola sans sucres Bouteilles - 6x1L","p":8.04,"u":"1,34 €/L","img":"https://fd9-photos.leclercdrive.fr/image.ashx?id=2178352&use=l&cat=p&typeid=i","cat":284530},{"id":100792,"n":"Wraps Old El Paso de blé complet x6 - 350g","p":2.75,"u":"7,86 €/KG","img":"https://fd9-photos.leclercdrive.fr/image.ashx?id=2940573&use=l&cat=p&typeid=i","cat":288993},{"id":100979,"n":"Chocolat au lait Lindt Création Le Rocher lait - 150g","p":3.01,"u":"20,07 €/KG","img":"https://fd9-photos.leclercdrive.fr/image.ashx?id=2685805&use=l&cat=p&typeid=i","cat":284497},{"id":100981,"n":"Courgettes Cuisinées Cassegrain à la Provençale 375g","p":2.82,"u":"7,52 €/KG","img":"https://fd9-photos.leclercdrive.fr/image.ashx?id=2977951&use=l&cat=p&typeid=i","cat":312612},{"id":100991,"n":"Céréales Trésor de Kellogg's Chocolat Noisettes - 410g","p":2.98,"u":"7,27 €/KG","img":"https://fd9-photos.leclercdrive.fr/image.ashx?id=2584238&use=l&cat=p&typeid=i","cat":309513},{"id":101047,"n":"Croquettes chat Ultima  Nature Poulet - 1.25kg","p":7.05,"u":"5,64 €/KG","img":"https://fd9-photos.leclercdrive.fr/image.ashx?id=2569959&use=l&cat=p&typeid=i","cat":284680},{"id":101050,"n":"Croquette chat stérilisé Ultima  Nature - Saumon - 1.25kg","p":7.31,"u":"5,85 €/KG","img":"https://fd9-photos.leclercdrive.fr/image.ashx?id=2569962&use=l&cat=p&typeid=i","cat":284680},{"id":101056,"n":"Adoucissant concentré Hyperdou Rosée du matin - 750ml","p":1.99,"u":"2,65 €/L","img":"https://fd9-photos.leclercdrive.fr/image.ashx?id=2602910&use=l&cat=p&typeid=i","cat":284650},{"id":101058,"n":"Adoucissant concentré Hyperdou Passion tropicale - 750ml","p":1.99,"u":"2,65 €/L","img":"https://fd9-photos.leclercdrive.fr/image.ashx?id=2683565&use=l&cat=p&typeid=i","cat":284650},{"id":101115,"n":"Céréales Trésor de Kellogg's Chocolat au Lait - 410g","p":2.86,"u":"6,98 €/KG","img":"https://fd9-photos.leclercdrive.fr/image.ashx?id=2584241&use=l&cat=p&typeid=i","cat":309513},{"id":101288,"n":"Mousse végétal Andros Chocolat - 4x55g","p":3.02,"u":"13,73 €/KG","img":"https://fd9-photos.leclercdrive.fr/image.ashx?id=2963433&use=l&cat=p&typeid=i","cat":316071},{"id":101312,"n":"Serviettes Kraft Homeside 40x40cm - x20","p":2.65,"u":"0,13 €/P","img":"https://fd9-photos.leclercdrive.fr/image.ashx?id=1664429&use=l&cat=p&typeid=i","cat":334134},{"id":101314,"n":"Serviettes kraft Homeside 12x12cm - x50","p":1.99,"u":"0,04 €/P","img":"https://fd9-photos.leclercdrive.fr/image.ashx?id=2411674&use=l&cat=p&typeid=i","cat":334134},{"id":101317,"n":"Assiettes plates kraft Homeside 18cm - x50","p":3.01,"u":"0,06 €/P","img":"https://fd9-photos.leclercdrive.fr/image.ashx?id=1660522&use=l&cat=p&typeid=i","cat":334134},{"id":101348,"n":"Barres Chocolatées KINDER BUENO  Chocolat au Lait x12 - 516g","p":8.35,"u":"16,18 €/KG","img":"https://fd9-photos.leclercdrive.fr/image.ashx?id=2402946&use=l&cat=p&typeid=i","cat":284498},{"id":101349,"n":"Crème dessert Danette Vanille - 6x125g","p":1.97,"u":"2,63 €/KG","img":"https://fd9-photos.leclercdrive.fr/image.ashx?id=2923498&use=l&cat=p&typeid=i","cat":285041},{"id":101350,"n":"liégeois vanille danette - 4x100g","p":1.41,"u":"3,53 €/KG","img":"https://fd9-photos.leclercdrive.fr/image.ashx?id=2907848&use=l&cat=p&typeid=i","cat":285042},{"id":101415,"n":"Couteaux en bois Homeside x20","p":1.98,"u":"0,10 €/P","img":"https://fd9-photos.leclercdrive.fr/image.ashx?id=1663736&use=l&cat=p&typeid=i","cat":334134},{"id":101416,"n":"Fourchettes en bois Homeside x20","p":1.98,"u":"0,10 €/P","img":"https://fd9-photos.leclercdrive.fr/image.ashx?id=1663733&use=l&cat=p&typeid=i","cat":334134},{"id":101426,"n":"Serviettes 3 plis Homeside noires - 40cm - x20","p":1.39,"u":"0,07 €/P","img":"https://fd9-photos.leclercdrive.fr/image.ashx?id=1660205&use=l&cat=p&typeid=i","cat":334134},{"id":101428,"n":"Serviettes 3 plis Homeside Noires - 33cm - x50","p":1.99,"u":"0,04 €/P","img":"https://fd9-photos.leclercdrive.fr/image.ashx?id=1659762&use=l&cat=p&typeid=i","cat":334134},{"id":101456,"n":"Barres Chocolatées KINDER Maxi Chocolat au Lait x18 - 378g","p":5.42,"u":"14,34 €/KG","img":"https://fd9-photos.leclercdrive.fr/image.ashx?id=2673854&use=l&cat=p&typeid=i","cat":284498},{"id":101461,"n":"Pâtes Collezione Barilla Fusilli Bucati Corti - 500g","p":1.45,"u":"2,90 €/KG","img":"https://fd9-photos.leclercdrive.fr/image.ashx?id=2991003&use=l&cat=p&typeid=i","cat":284427},{"id":101473,"n":"Petit Pois, Carotte Cassegrain Tendre et Fondant 265g","p":1.72,"u":"6,49 €/KG","img":"https://fd9-photos.leclercdrive.fr/image.ashx?id=2951692&use=l&cat=p&typeid=i","cat":312607},{"id":101483,"n":"Tablette chocolat Côte d'Or Chocolat noir 70% - 100g","p":1.82,"u":"18,20 €/KG","img":"https://fd9-photos.leclercdrive.fr/image.ashx?id=2985591&use=l&cat=p&typeid=i","cat":284956},{"id":101502,"n":"Crème dessert Danette Vanille - 4x125g","p":1.47,"u":"2,94 €/KG","img":"https://fd9-photos.leclercdrive.fr/image.ashx?id=2029487&use=l&cat=p&typeid=i","cat":285041},{"id":101666,"n":"Flacon doseur 0,5L","p":1.75,"u":"3,50 €/L","img":"https://fd9-photos.leclercdrive.fr/image.ashx?id=2864885&use=l&cat=p&typeid=i","cat":334135},{"id":101697,"n":"crème dessert chocolat noisette danette - 4x125g","p":1.59,"u":"3,18 €/KG","img":"https://fd9-photos.leclercdrive.fr/image.ashx?id=2902630&use=l&cat=p&typeid=i","cat":285041},{"id":101699,"n":"crème dessert pistache danette - 4x125g","p":1.7,"u":"3,40 €/KG","img":"https://fd9-photos.leclercdrive.fr/image.ashx?id=1984885&use=l&cat=p&typeid=i","cat":285041},{"id":101701,"n":"crème dessert chocolat caramel vanille danette - 12x115g","p":3.42,"u":"2,48 €/KG","img":"https://fd9-photos.leclercdrive.fr/image.ashx?id=2949844&use=l&cat=p&typeid=i","cat":285041},{"id":101702,"n":"Crème dessert Danette Caramel - 6x125g","p":2.35,"u":"3,13 €/KG","img":"https://fd9-photos.leclercdrive.fr/image.ashx?id=2915398&use=l&cat=p&typeid=i","cat":285041},{"id":101707,"n":"crème dessert chocolat danette - 4x125g","p":1.48,"u":"2,96 €/KG","img":"https://fd9-photos.leclercdrive.fr/image.ashx?id=2927291&use=l&cat=p&typeid=i","cat":285041},{"id":101709,"n":"liégeois chocolat vanille danette - 8x100g","p":2.7,"u":"3,38 €/KG","img":"https://fd9-photos.leclercdrive.fr/image.ashx?id=2926245&use=l&cat=p&typeid=i","cat":285042},{"id":101711,"n":"Crème dessert Danette Chocolat Vanille - 12x115g","p":3.66,"u":"2,65 €/KG","img":"https://fd9-photos.leclercdrive.fr/image.ashx?id=2228528&use=l&cat=p&typeid=i","cat":285041},{"id":101712,"n":"crème dessert 3 chocolats danette - 12x115g","p":3.73,"u":"2,70 €/KG","img":"https://fd9-photos.leclercdrive.fr/image.ashx?id=2949847&use=l&cat=p&typeid=i","cat":285041},{"id":101762,"n":"Noix de St Jacques Eco+ Sans corail - MSC - 300g","p":6.87,"u":"22,90 €/KG","img":"https://fd9-photos.leclercdrive.fr/image.ashx?id=2790868&use=l&cat=p&typeid=i","cat":319787},{"id":101833,"n":"Gel lavage Visior Concentré - 900ml","p":5.56,"u":"6,18 €/L","img":"https://fd9-photos.leclercdrive.fr/image.ashx?id=2598000&use=l&cat=p&typeid=i","cat":284657},{"id":101884,"n":"Moule 9 muffins En silicone renforcé x1","p":7.5,"img":"https://fd9-photos.leclercdrive.fr/image.ashx?id=1943295&use=l&cat=p&typeid=i","cat":298490},{"id":101887,"n":"Moule à cake en silicone renforcé - 24cm -x1","p":7.5,"img":"https://fd9-photos.leclercdrive.fr/image.ashx?id=1864536&use=l&cat=p&typeid=i","cat":298490},{"id":101890,"n":"Shaker Curver x1","p":3.9,"img":"https://fd9-photos.leclercdrive.fr/image.ashx?id=2666815&use=l&cat=p&typeid=i","cat":334135},{"id":102007,"n":"Gel douche Manava Gommant - 250ml","p":1.3,"u":"5,20 €/L","img":"https://fd9-photos.leclercdrive.fr/image.ashx?id=2626835&use=l&cat=p&typeid=i","cat":284594},{"id":102050,"n":"Crevettes sauvages crues d'Argentine - 800g","p":11.95,"u":"14,94 €/KG","img":"https://fd9-photos.leclercdrive.fr/image.ashx?id=2985417&use=l&cat=p&typeid=i","cat":319787},{"id":102077,"n":"Champignons de Paris bruns bio Bio Village - Barquette 200g","p":2.49,"u":"12,45 €/KG","img":"https://fd9-photos.leclercdrive.fr/image.ashx?id=2960559&use=l&cat=p&typeid=i","cat":284352},{"id":102103,"n":"Eau gazeuse St Yorre 6x1,15L","p":3.12,"u":"0,45 €/L","img":"https://fd9-photos.leclercdrive.fr/image.ashx?id=2877730&use=l&cat=p&typeid=i","cat":284536},{"id":102140,"n":"Bouchon bouteille Silicone x3","p":2.95,"u":"0,98 €/P","img":"https://fd9-photos.leclercdrive.fr/image.ashx?id=2989276&use=l&cat=p&typeid=i","cat":334135},{"id":102374,"n":"Bière sans alcool Tourtel Twist Cerise 0,0° - 6x27,5cl","p":4.84,"u":"2,93 €/L","img":"https://fd9-photos.leclercdrive.fr/image.ashx?id=2688803&use=l&cat=p&typeid=i","cat":334877},{"id":102418,"n":"Tarte citron meringuée 650g","p":7.7,"u":"11,85 €/KG","img":"https://fd9-photos.leclercdrive.fr/image.ashx?id=2663374&use=l&cat=p&typeid=i","cat":284360},{"id":102480,"n":"Petits Suisses Gervais 9,5%MG - 12x60g","p":2.42,"u":"3,36 €/KG","img":"https://fd9-photos.leclercdrive.fr/image.ashx?id=2230381&use=l&cat=p&typeid=i","cat":284409},{"id":102621,"n":"Eau minérale naturelle Evian 1.5 litre","p":0.58,"u":"0,39 €/L","img":"https://fd9-photos.leclercdrive.fr/image.ashx?id=2340735&use=l&cat=p&typeid=i","cat":284535},{"id":102669,"n":"Capsules café L'Or Espresso Or Rose N°7 x10","p":3.47,"u":"66,73 €/KG","img":"https://fd9-photos.leclercdrive.fr/image.ashx?id=2100290&use=l&cat=p&typeid=i","cat":284749},{"id":102698,"n":"Eau minérale naturelle Contrex 1.5L","p":0.49,"u":"0,33 €/L","img":"https://fd9-photos.leclercdrive.fr/image.ashx?id=2737045&use=l&cat=p&typeid=i","cat":284535},{"id":102819,"n":"Panaché Falsbourg Grenadine <0,5% - 20x25cl","p":5.99,"u":"1,20 €/L","img":"https://fd9-photos.leclercdrive.fr/image.ashx?id=2637964&use=l&cat=p&typeid=i","cat":334877},{"id":102986,"n":"Cacahuètes grillées Menguy's 450g","p":3.75,"u":"8,33 €/KG","img":"https://fd9-photos.leclercdrive.fr/image.ashx?id=1702916&use=l&cat=p&typeid=i","cat":284448},{"id":103027,"n":"AOC Bordeaux Supérieur rouge Haussmann Baron Eugène - 75cl","p":5.1,"pp":3.57,"u":"4,76 €/L","img":"https://fd9-photos.leclercdrive.fr/image.ashx?id=1663474&use=l&cat=p&typeid=i","cat":289556},{"id":103047,"n":"Nutella Biscuit pâte à tartiner Cacao Noisettes - 304g","p":3.01,"u":"9,90 €/KG","img":"https://fd9-photos.leclercdrive.fr/image.ashx?id=2896432&use=l&cat=p&typeid=i","cat":284488},{"id":103078,"n":"Cocobat Haribo Sachet bonbons réglisse - 300g","p":1.85,"u":"6,17 €/KG","img":"https://fd9-photos.leclercdrive.fr/image.ashx?id=2805231&use=l&cat=p&typeid=i","cat":304250},{"id":103157,"n":"Rissolées Pom Bistro à la Graisse de Canard - 500g","p":3.57,"u":"7,14 €/KG","img":"https://fd9-photos.leclercdrive.fr/image.ashx?id=2866430&use=l&cat=p&typeid=i","cat":319792},{"id":103158,"n":"Tartine Grilletine de Pasquier Sans sucre ajouté - x18 - 255g","p":2.04,"u":"8,00 €/KG","img":"https://fd9-photos.leclercdrive.fr/image.ashx?id=2333057&use=l&cat=p&typeid=i","cat":284479},{"id":103189,"n":"IGP Cidre Brut Val de Rance De dégustation Bretagne 75cl","p":2.92,"u":"3,89 €/L","img":"https://fd9-photos.leclercdrive.fr/image.ashx?id=2020719&use=l&cat=p&typeid=i","cat":334880},{"id":103191,"n":"Bière sans alcool Tourtel Twist Pêche 0,0° - 6x27,5cl","p":3.97,"u":"2,41 €/L","img":"https://fd9-photos.leclercdrive.fr/image.ashx?id=2896564&use=l&cat=p&typeid=i","cat":334877},{"id":103207,"n":"Noix de Cajou grillées Non salées - 175g","p":4.15,"u":"23,71 €/KG","img":"https://fd9-photos.leclercdrive.fr/image.ashx?id=2298541&use=l&cat=p&typeid=i","cat":316002},{"id":103315,"n":"AOP Côtes de Provence rosé Château Reillanne - 75cl","p":8.3,"u":"11,07 €/L","img":"https://fd9-photos.leclercdrive.fr/image.ashx?id=2669487&use=l&cat=p&typeid=i","cat":289558},{"id":103381,"n":"Whisky Grant's  Triple wood 40%vol - 70cl","p":12.46,"u":"17,80 €/L","img":"https://fd9-photos.leclercdrive.fr/image.ashx?id=2866022&use=l&cat=p&typeid=i","cat":284547},{"id":103384,"n":"IGP Whisky Grant's  Triple wood - 40%vol - 1L","p":17.42,"u":"17,42 €/L","img":"https://fd9-photos.leclercdrive.fr/image.ashx?id=2917531&use=l&cat=p&typeid=i","cat":284547},{"id":103453,"n":"Panaché Falsbourg Grenadine - <0,5% vol. - 6x25cl","p":2.71,"u":"1,81 €/L","img":"https://fd9-photos.leclercdrive.fr/image.ashx?id=2637961&use=l&cat=p&typeid=i","cat":334877},{"id":103470,"n":"Croquettes chat Purina One Poulet chat adulte - 450g","p":2.65,"u":"5,89 €/KG","img":"https://fd9-photos.leclercdrive.fr/image.ashx?id=2902265&use=l&cat=p&typeid=i","cat":284680},{"id":103500,"n":"Panaché Falsbourg <0.5% vol. - 20x25cl","p":5.95,"u":"1,19 €/L","img":"https://fd9-photos.leclercdrive.fr/image.ashx?id=2637970&use=l&cat=p&typeid=i","cat":334877},{"id":103503,"n":"Capsules Nescafé Dolce Gusto  Espresso Intenso - x16","p":4.44,"u":"39,64 €/KG","img":"https://fd9-photos.leclercdrive.fr/image.ashx?id=3009110&use=l&cat=p&typeid=i","cat":293239},{"id":103505,"n":"Barre de céréales Nature Valley Protéine chocolat x4-160g","p":2.51,"u":"15,69 €/KG","img":"https://fd9-photos.leclercdrive.fr/image.ashx?id=2657000&use=l&cat=p&typeid=i","cat":285869},{"id":103543,"n":"Crème glacée Haagen Dazs Caramel Biscuit cream - 560g","p":6.71,"u":"11,98 €/KG","img":"https://fd9-photos.leclercdrive.fr/image.ashx?id=2893414&use=l&cat=p&typeid=i","cat":284725},{"id":103561,"n":"Barre de céréales Nature Valley  Protéine caramel salé x4 - 160","p":2.98,"u":"18,63 €/KG","img":"https://fd9-photos.leclercdrive.fr/image.ashx?id=2657003&use=l&cat=p&typeid=i","cat":285869},{"id":103621,"n":"Crème glacée Häagen-Dazs  Vanille pécan - 400g","p":4.77,"u":"11,93 €/KG","img":"https://fd9-photos.leclercdrive.fr/image.ashx?id=2893438&use=l&cat=p&typeid=i","cat":284725},{"id":103726,"n":"Masque Violet Démêlant Elsève Color-Vive - 150ml","p":5.22,"u":"34,80 €/L","img":"https://fd9-photos.leclercdrive.fr/image.ashx?id=2439281&use=l&cat=p&typeid=i","cat":284608},{"id":103728,"n":"Shampoing Violet Elsève Color-Vive Déjaunisseur - 200ml","p":2.87,"u":"14,35 €/L","img":"https://fd9-photos.leclercdrive.fr/image.ashx?id=2278121&use=l&cat=p&typeid=i","cat":284606},{"id":103800,"n":"Bière blonde Leffe  6,6% - 12x25cl","p":9.25,"u":"3,08 €/L","img":"https://fd9-photos.leclercdrive.fr/image.ashx?id=2995424&use=l&cat=p&typeid=i","cat":334852},{"id":103945,"n":"Escalope de dinde Le Gaulois Oui C'est Bon x2 - 240g","p":3.86,"u":"16,08 €/KG","img":"https://fd9-photos.leclercdrive.fr/image.ashx?id=2605580&use=l&cat=p&typeid=i","cat":284337},{"id":104008,"n":"Jus innocent tutti frutti 900ml","p":2.65,"u":"2,94 €/L","img":"https://fd9-photos.leclercdrive.fr/image.ashx?id=2861737&use=l&cat=p&typeid=i","cat":285435},{"id":104062,"n":"Brioches Doowap Harrys X8 -320g Pépites choco sans additif","p":2.24,"u":"7,00 €/KG","img":"https://fd9-photos.leclercdrive.fr/image.ashx?id=2502998&use=l&cat=p&typeid=i","cat":293505},{"id":104089,"n":"AOP Champagne Fondateur Vranken Brut - 75cl","p":17.9,"u":"23,87 €/L","img":"https://fd9-photos.leclercdrive.fr/image.ashx?id=2662012&use=l&cat=p&typeid=i","cat":284542},{"id":104092,"n":"Tagada Zip Fraîcheur Haribo Sachet bonbons - 220g","p":1.32,"u":"6,00 €/KG","img":"https://fd9-photos.leclercdrive.fr/image.ashx?id=2802359&use=l&cat=p&typeid=i","cat":304250},{"id":104109,"n":"Les Timbales Gourmet Gold Boeuf plet saumon - 12x85g","p":6.56,"u":"6,43 €/KG","img":"https://fd9-photos.leclercdrive.fr/image.ashx?id=2861764&use=l&cat=p&typeid=i","cat":285286},{"id":104114,"n":"Brioches Doowap Harrys X8 -320g Pépites choco lait sans additif","p":2.34,"u":"7,31 €/KG","img":"https://fd9-photos.leclercdrive.fr/image.ashx?id=2503004&use=l&cat=p&typeid=i","cat":293505},{"id":104115,"n":"Brioches Doowap Harrys X12-480g Pépites choco lait sans additif","p":3.68,"u":"7,67 €/KG","img":"https://fd9-photos.leclercdrive.fr/image.ashx?id=2503007&use=l&cat=p&typeid=i","cat":293505},{"id":104116,"n":"Galettes Sablés La Mère Poulard St-Michel - 125g","p":1.5,"u":"12,00 €/KG","img":"https://fd9-photos.leclercdrive.fr/image.ashx?id=2911384&use=l&cat=p&typeid=i","cat":284487},{"id":104117,"n":"Palets pur beurre Mère Poulard 125g","p":1.57,"u":"12,56 €/KG","img":"https://fd9-photos.leclercdrive.fr/image.ashx?id=2907018&use=l&cat=p&typeid=i","cat":284487},{"id":104133,"n":"Pépites chocolat au lait Vahiné 200g","p":4.05,"u":"20,25 €/KG","img":"https://fd9-photos.leclercdrive.fr/image.ashx?id=2559784&use=l&cat=p&typeid=i","cat":284504},{"id":104193,"n":"Coton-tiges Inell Recharge Tiges papier - x160","p":0.4,"img":"https://fd9-photos.leclercdrive.fr/image.ashx?id=2357704&use=l&cat=p&typeid=i","cat":284636},{"id":104194,"n":"Coton-tige Lotus Bio - x160 bâtonnets","p":0.76,"img":"https://fd9-photos.leclercdrive.fr/image.ashx?id=2506840&use=l&cat=p&typeid=i","cat":284636},{"id":104245,"n":"Pizzas Crousti Moelleuse Marie 4 fromages 2+1 offerte 1.530kg","p":3.86,"u":"2,52 €/KG","img":"https://fd9-photos.leclercdrive.fr/image.ashx?id=1876709&use=l&cat=p&typeid=i","cat":284256},{"id":104293,"n":"Pépites chunks Vahine 3 chocolats - 100g","p":2.62,"u":"26,20 €/KG","img":"https://fd9-photos.leclercdrive.fr/image.ashx?id=2559871&use=l&cat=p&typeid=i","cat":284504},{"id":104471,"n":"Fromage apéritif Apericube  Cocktail 48 cubes","p":4.17,"u":"16,68 €/KG","img":"https://fd9-photos.leclercdrive.fr/image.ashx?id=2882680&use=l&cat=p&typeid=i","cat":314027},{"id":104557,"n":"Yaourt à boire Yop Yoplait Coco - 850g","p":1.74,"u":"2,05 €/KG","img":"https://fd9-photos.leclercdrive.fr/image.ashx?id=2855543&use=l&cat=p&typeid=i","cat":284415},{"id":104558,"n":"Feuilletés charcutiers 8x65g","p":3.44,"u":"6,62 €/KG","img":"https://fd9-photos.leclercdrive.fr/image.ashx?id=1677154&use=l&cat=p&typeid=i","cat":319776},{"id":104564,"n":"Yaourt à boire Yop de Yoplait Fraise - 850g","p":1.74,"u":"2,05 €/KG","img":"https://fd9-photos.leclercdrive.fr/image.ashx?id=2855546&use=l&cat=p&typeid=i","cat":284415},{"id":104565,"n":"Yaourt à boire Yoplait Fraise/banane - 850g","p":1.74,"u":"2,05 €/KG","img":"https://fd9-photos.leclercdrive.fr/image.ashx?id=2855549&use=l&cat=p&typeid=i","cat":284415},{"id":104566,"n":"Yaourt Yop de Yoplait Framboise - 850g","p":1.74,"u":"2,05 €/KG","img":"https://fd9-photos.leclercdrive.fr/image.ashx?id=2855552&use=l&cat=p&typeid=i","cat":284415},{"id":104567,"n":"Yaourt à boire Yop Yoplait Vanille - 850g","p":1.74,"u":"2,05 €/KG","img":"https://fd9-photos.leclercdrive.fr/image.ashx?id=2855555&use=l&cat=p&typeid=i","cat":284415},{"id":104674,"n":"Eau gazeuse aromatisée Badoit Citron fraise - 1L","p":1.3,"u":"1,30 €/L","img":"https://fd9-photos.leclercdrive.fr/image.ashx?id=2730664&use=l&cat=p&typeid=i","cat":284536},{"id":104720,"n":"Papier toilette humide Fess'net Peaux normales Vert Ylang - x50","p":1.52,"u":"0,03 €/P","img":"https://fd9-photos.leclercdrive.fr/image.ashx?id=2990934&use=l&cat=p&typeid=i","cat":284634},{"id":104888,"n":"Miettes de Thon Eco + Huile - 104g","p":0.82,"u":"7,88 €/KG","img":"https://fd9-photos.leclercdrive.fr/image.ashx?id=2824241&use=l&cat=p&typeid=i","cat":303867},{"id":104889,"n":"Sardines Connetable Nature - 95g","p":2.08,"u":"21,89 €/KG","img":"https://fd9-photos.leclercdrive.fr/image.ashx?id=2664115&use=l&cat=p&typeid=i","cat":305146},{"id":105108,"n":"Pates De Cecco Tagliatelle n°203 - 500g","p":1.65,"u":"3,30 €/KG","img":"https://fd9-photos.leclercdrive.fr/image.ashx?id=2901145&use=l&cat=p&typeid=i","cat":284427},{"id":105136,"n":"Jambon supérieur Tradilège S/nitrite Découenne - x6 - 210g","p":2.79,"u":"13,29 €/KG","img":"https://fd9-photos.leclercdrive.fr/image.ashx?id=2991524&use=l&cat=p&typeid=i","cat":316009},{"id":105137,"n":"Jambon supérieur Tradilège Sans nitrite x4 - 140g","p":1.85,"u":"13,21 €/KG","img":"https://fd9-photos.leclercdrive.fr/image.ashx?id=2994381&use=l&cat=p&typeid=i","cat":316009},{"id":105139,"n":"Collant Body Touch Dim Opaque noir - Taille 1","p":8.95,"img":"https://fd9-photos.leclercdrive.fr/image.ashx?id=2876089&use=l&cat=p&typeid=i","cat":334130},{"id":105196,"n":"Dessert fruitier Fraise Andros En morceaux - 4x100g","p":2.57,"u":"6,43 €/KG","img":"https://fd9-photos.leclercdrive.fr/image.ashx?id=2845467&use=l&cat=p&typeid=i","cat":284416},{"id":105202,"n":"Collant Body Touch Dim Opaque noir - Taille 2","p":8.95,"img":"https://fd9-photos.leclercdrive.fr/image.ashx?id=2560654&use=l&cat=p&typeid=i","cat":334130},{"id":105204,"n":"Collant Body Touch Dim Opaque noir - Taille 4","p":8.95,"img":"https://fd9-photos.leclercdrive.fr/image.ashx?id=2560660&use=l&cat=p&typeid=i","cat":334130},{"id":105206,"n":"Collant Diam's opaque Dim Jambes fuselées Noir - Taille 1","p":7.95,"img":"https://fd9-photos.leclercdrive.fr/image.ashx?id=2639314&use=l&cat=p&typeid=i","cat":334130},{"id":105207,"n":"Collant Diam's opaque Dim Jambes fuselées Noir - Taille 2","p":7.95,"img":"https://fd9-photos.leclercdrive.fr/image.ashx?id=2639317&use=l&cat=p&typeid=i","cat":334130},{"id":105211,"n":"Collant Beauty Resist Dim Opaque noir - Taille 1","p":6.5,"img":"https://fd9-photos.leclercdrive.fr/image.ashx?id=2534953&use=l&cat=p&typeid=i","cat":334130},{"id":105212,"n":"Collant Beauty Resist Dim Opaque noir - Taille 2","p":6.5,"img":"https://fd9-photos.leclercdrive.fr/image.ashx?id=2841006&use=l&cat=p&typeid=i","cat":334130},{"id":105213,"n":"Collant Beauty Resist Dim Opaque noir - Taille 3","p":6.5,"img":"https://fd9-photos.leclercdrive.fr/image.ashx?id=2534959&use=l&cat=p&typeid=i","cat":334130},{"id":105214,"n":"Boulettes Garden Gourmet légumes 200g","p":2.45,"u":"12,25 €/KG","img":"https://fd9-photos.leclercdrive.fr/image.ashx?id=2986903&use=l&cat=p&typeid=i","cat":316036},{"id":105215,"n":"Collant Beauty Resist Dim Opaque noir - Taille 4","p":6.5,"img":"https://fd9-photos.leclercdrive.fr/image.ashx?id=2841009&use=l&cat=p&typeid=i","cat":334130},{"id":105218,"n":"Poêlée de pâtes Coté Table Poulet/Champignon - 900g","p":3.89,"u":"4,32 €/KG","img":"https://fd9-photos.leclercdrive.fr/image.ashx?id=2626979&use=l&cat=p&typeid=i","cat":284254},{"id":105399,"n":"Lait demi-écrémé GrandLait Ferme sélectionnée - 1L","p":1.28,"u":"1,28 €/L","img":"https://fd9-photos.leclercdrive.fr/image.ashx?id=2916177&use=l&cat=p&typeid=i","cat":285609},{"id":105742,"n":"Poivre création moulin Ducros 34g","p":3.31,"u":"97,35 €/KG","img":"https://fd9-photos.leclercdrive.fr/image.ashx?id=2354407&use=l&cat=p&typeid=i","cat":284457},{"id":106006,"n":"Pur jus de pomme Jafaden 2L","p":2.29,"u":"1,15 €/L","img":"https://fd9-photos.leclercdrive.fr/image.ashx?id=2956774&use=l&cat=p&typeid=i","cat":284522},{"id":106265,"n":"Edulcorant Pure Via Stick x40 - 60g","p":2.9,"u":"48,33 €/KG","img":"https://fd9-photos.leclercdrive.fr/image.ashx?id=2590598&use=l&cat=p&typeid=i","cat":324846},{"id":106269,"n":"Edulcorant Pure Via Boite de 65 morceaux - 130g","p":5.32,"u":"40,92 €/KG","img":"https://fd9-photos.leclercdrive.fr/image.ashx?id=2417291&use=l&cat=p&typeid=i","cat":324846},{"id":106271,"n":"Sucre Doypack Pure Via Poudre cristalisée - 250g","p":5.36,"u":"21,44 €/KG","img":"https://fd9-photos.leclercdrive.fr/image.ashx?id=2805381&use=l&cat=p&typeid=i","cat":324846},{"id":106471,"n":"Plat bébé soir Blédichef 15mois Poireau pomme de terre - 250g","p":1.79,"u":"7,16 €/KG","img":"https://fd9-photos.leclercdrive.fr/image.ashx?id=2143681&use=l&cat=p&typeid=i","cat":312239},{"id":106473,"n":"Repas bébé Blédichef 15 mois Patate légumes poulet - 250g","p":1.88,"u":"7,52 €/KG","img":"https://fd9-photos.leclercdrive.fr/image.ashx?id=2877703&use=l&cat=p&typeid=i","cat":312238},{"id":106474,"n":"Repas bébé Blédichef 15 mois Pdt champignon poulet - 250g","p":1.85,"u":"7,40 €/KG","img":"https://fd9-photos.leclercdrive.fr/image.ashx?id=2479685&use=l&cat=p&typeid=i","cat":312238},{"id":106477,"n":"Repas bébé Blédichef 18 mois  Blanquette de volaille - 250g","p":1.83,"u":"7,32 €/KG","img":"https://fd9-photos.leclercdrive.fr/image.ashx?id=2558861&use=l&cat=p&typeid=i","cat":312238},{"id":106732,"n":"Sirop La Maison Guiot Citron jaune de Sicile - 70cl","p":3.04,"u":"4,34 €/L","img":"https://fd9-photos.leclercdrive.fr/image.ashx?id=2857138&use=l&cat=p&typeid=i","cat":295020},{"id":106886,"n":"Petit suisse nature Gervais 9,5% MG - 6x60g","p":1.79,"u":"4,97 €/KG","img":"https://fd9-photos.leclercdrive.fr/image.ashx?id=2230384&use=l&cat=p&typeid=i","cat":284409},{"id":107201,"n":"Règle triple décimètre Maped Bleu - incassable flex","p":1.64,"img":"https://fd9-photos.leclercdrive.fr/image.ashx?id=1690598&use=l&cat=p&typeid=i","cat":334133},{"id":107202,"n":"Règle triple décimètre Maped Vert - incassable flex","p":1.64,"img":"https://fd9-photos.leclercdrive.fr/image.ashx?id=1690601&use=l&cat=p&typeid=i","cat":334133},{"id":107315,"n":"Paires de ciseaux Sensoft Maped Bleu - Gaucher - 13cm","p":2.31,"img":"https://fd9-photos.leclercdrive.fr/image.ashx?id=591650&use=l&cat=p&typeid=i","cat":334133},{"id":107317,"n":"Paire de ciseaux Sensoft Maped Rose - Gaucher - 13cm","p":2.31,"img":"https://fd9-photos.leclercdrive.fr/image.ashx?id=1690637&use=l&cat=p&typeid=i","cat":334133},{"id":107823,"n":"Café Grande Réserve Malongo 16 Dosettes - 104g","p":5.41,"u":"52,02 €/KG","img":"https://fd9-photos.leclercdrive.fr/image.ashx?id=2971960&use=l&cat=p&typeid=i","cat":293241},{"id":108146,"n":"Boisson aux fruits Oasis Tropical - 2L","p":2.25,"u":"1,13 €/L","img":"https://fd9-photos.leclercdrive.fr/image.ashx?id=2996569&use=l&cat=p&typeid=i","cat":295018},{"id":108443,"n":"Dentifrice Sanogyl Soin essentiel blancheur - 75ml","p":3.63,"u":"48,40 €/L","img":"https://fd9-photos.leclercdrive.fr/image.ashx?id=2453484&use=l&cat=p&typeid=i","cat":284612},{"id":108449,"n":"Déodorant spray Monsavon Fleur Lotus-200ml","p":1.85,"u":"9,25 €/L","img":"https://fd9-photos.leclercdrive.fr/image.ashx?id=2643914&use=l&cat=p&typeid=i","cat":284595},{"id":108498,"n":"Crème BB Hydrance Avène Légère - 40ml","p":16.48,"u":"412,00 €/L","img":"https://fd9-photos.leclercdrive.fr/image.ashx?id=2855906&use=l&cat=p&typeid=i","cat":291171},{"id":108530,"n":"Emulsion Hydrance Avène Légère SPF30 - 40ml","p":14.89,"u":"37,23 €/L","img":"https://fd9-photos.leclercdrive.fr/image.ashx?id=2854504&use=l&cat=p&typeid=i","cat":291171},{"id":108531,"n":"Crème riche Hydrance Avène Riche SPF30 - 40ml","p":14.89,"u":"372,25 €/L","img":"https://fd9-photos.leclercdrive.fr/image.ashx?id=2373543&use=l&cat=p&typeid=i","cat":291171},{"id":108568,"n":"Emulsion hydratante Avène Hydrance Légère - 40ml","p":14.47,"u":"361,75 €/L","img":"https://fd9-photos.leclercdrive.fr/image.ashx?id=2665655&use=l&cat=p&typeid=i","cat":291171},{"id":108571,"n":"Huile lavante La Roche Posay Lipikar AP  - 400ml","p":13.97,"u":"34,93 €/L","img":"https://fd9-photos.leclercdrive.fr/image.ashx?id=2741487&use=l&cat=p&typeid=i","cat":301591},{"id":108644,"n":"Crème Toleriane La Roche Posay Sensitive - 40ml","p":13.78,"u":"344,50 €/L","img":"https://fd9-photos.leclercdrive.fr/image.ashx?id=1991513&use=l&cat=p&typeid=i","cat":291171},{"id":108668,"n":"Bière blonde La Goudale 7.2% vol. - 50cl","p":1.51,"u":"3,02 €/L","img":"https://fd9-photos.leclercdrive.fr/image.ashx?id=2513658&use=l&cat=p&typeid=i","cat":334852},{"id":108674,"n":"Crème nutritive Avène Revitalisante - 50ml","p":22.98,"u":"459,60 €/L","img":"https://fd9-photos.leclercdrive.fr/image.ashx?id=2857320&use=l&cat=p&typeid=i","cat":291171},{"id":108695,"n":"Beurre de cacahuètes Menguy's Creamy - 454g","p":4.1,"u":"9,03 €/KG","img":"https://fd9-photos.leclercdrive.fr/image.ashx?id=2844082&use=l&cat=p&typeid=i","cat":284481},{"id":108707,"n":"Filtres à café Uni vert Bruns n°4 - x80","p":1.33,"u":"0,02 €/P","img":"https://fd9-photos.leclercdrive.fr/image.ashx?id=2634878&use=l&cat=p&typeid=i","cat":284751},{"id":108711,"n":"Gel Douche Fa Crème Cacao coco flacon - 250ml","p":1.49,"u":"5,96 €/L","img":"https://fd9-photos.leclercdrive.fr/image.ashx?id=2995097&use=l&cat=p&typeid=i","cat":284594},{"id":108712,"n":"Gel douche Fa Caribbean Wave flacon - 250ml","p":1.57,"u":"6,28 €/L","img":"https://fd9-photos.leclercdrive.fr/image.ashx?id=2110236&use=l&cat=p&typeid=i","cat":284594},{"id":108724,"n":"Thé glacé Bio Village Bio Pêche - 1L","p":1.36,"u":"1,36 €/L","img":"https://fd9-photos.leclercdrive.fr/image.ashx?id=2670392&use=l&cat=p&typeid=i","cat":295019},{"id":108843,"n":"Capsules Nescafé Dolce Gusto  Espresso Intenso - x30","p":8.49,"u":"40,43 €/KG","img":"https://fd9-photos.leclercdrive.fr/image.ashx?id=2859869&use=l&cat=p&typeid=i","cat":293239},{"id":108844,"n":"Plat bébé soir Blédichef 12mois Spaghetti crème légumes -2x230g","p":3.34,"u":"7,26 €/KG","img":"https://fd9-photos.leclercdrive.fr/image.ashx?id=2643494&use=l&cat=p&typeid=i","cat":312239},{"id":108997,"n":"Crème dessert Danette vanille chocolat -16x115g","p":4.84,"u":"2,63 €/KG","img":"https://fd9-photos.leclercdrive.fr/image.ashx?id=2949850&use=l&cat=p&typeid=i","cat":285041},{"id":109115,"n":"Nectar Bio Village Bio Abricot - 1L","p":2.69,"u":"2,69 €/L","img":"https://fd9-photos.leclercdrive.fr/image.ashx?id=2954124&use=l&cat=p&typeid=i","cat":284915},{"id":109138,"n":"Smoothie innocent  énergie zeste 750ml","p":3.61,"u":"4,81 €/L","img":"https://fd9-photos.leclercdrive.fr/image.ashx?id=2892223&use=l&cat=p&typeid=i","cat":285435},{"id":109267,"n":"Panaché Force 4 0,4° - 10x25cl","p":4.0,"u":"1,60 €/L","img":"https://fd9-photos.leclercdrive.fr/image.ashx?id=2473321&use=l&cat=p&typeid=i","cat":334877},{"id":109369,"n":"Panaché Falsbourg  <0.5% vol. - 10X25cl","p":2.99,"u":"1,20 €/L","img":"https://fd9-photos.leclercdrive.fr/image.ashx?id=2637967&use=l&cat=p&typeid=i","cat":334877},{"id":109437,"n":"Repas bébé Blédichef 12 mois  Couscous - 2x230g","p":3.69,"u":"8,02 €/KG","img":"https://fd9-photos.leclercdrive.fr/image.ashx?id=2479706&use=l&cat=p&typeid=i","cat":312237},{"id":109441,"n":"Thon entier MSC Pêche Océan Naturel - 140g","p":2.15,"u":"15,36 €/KG","img":"https://fd9-photos.leclercdrive.fr/image.ashx?id=2942211&use=l&cat=p&typeid=i","cat":303867},{"id":109517,"n":"Chorizo à griller César Moroni Doux - 280g","p":4.11,"u":"14,68 €/KG","img":"https://fd9-photos.leclercdrive.fr/image.ashx?id=2827884&use=l&cat=p&typeid=i","cat":284334},{"id":109565,"n":"Thon entier MSC Pêche Océan Naturel - 93g","p":1.99,"u":"21,40 €/KG","img":"https://fd9-photos.leclercdrive.fr/image.ashx?id=2942217&use=l&cat=p&typeid=i","cat":303867},{"id":109567,"n":"AdBlue Diframa avec flexible 5L","p":7.9,"u":"1,58 €/L","img":"https://fd9-photos.leclercdrive.fr/image.ashx?id=1867723&use=l&cat=p&typeid=i","cat":298253},{"id":109666,"n":"Café en grains L'OR Sélection 100% Arabica N° 6 1kg","p":18.18,"u":"18,18 €/KG","img":"https://fd9-photos.leclercdrive.fr/image.ashx?id=3000483&use=l&cat=p&typeid=i","cat":293237},{"id":109742,"n":"Jus pour bébé NATURNES BIO Poire Abricot 6M+ - 20cl","p":0.98,"u":"4,90 €/L","img":"https://fd9-photos.leclercdrive.fr/image.ashx?id=2532258&use=l&cat=p&typeid=i","cat":312388},{"id":109749,"n":"Liquide de rinçage Uni Vert Lave-vaisselle Ecologique-750ml","p":1.99,"u":"2,65 €/L","img":"https://fd9-photos.leclercdrive.fr/image.ashx?id=2184134&use=l&cat=p&typeid=i","cat":284657},{"id":109753,"n":"Sauce crudité Amora Nature - 380ml","p":1.92,"u":"5,05 €/KG","img":"https://fd9-photos.leclercdrive.fr/image.ashx?id=2644995&use=l&cat=p&typeid=i","cat":284456},{"id":109763,"n":"Assiette dessert Eco+ Opale 20cm - 1 pièce","p":0.58,"img":"https://fd9-photos.leclercdrive.fr/image.ashx?id=1706760&use=l&cat=p&typeid=i","cat":334134},{"id":109764,"n":"Assiette creuse Eco+ Ronda 20cm - 1 pièce","p":0.58,"img":"https://fd9-photos.leclercdrive.fr/image.ashx?id=1707697&use=l&cat=p&typeid=i","cat":334134},{"id":109892,"n":"Soda Coca-Cola Cherry Bouteille - 1,25L","p":1.74,"u":"1,39 €/L","img":"https://fd9-photos.leclercdrive.fr/image.ashx?id=2678161&use=l&cat=p&typeid=i","cat":284530},{"id":109893,"n":"Soda Coca-Cola Vanille Bouteille - 1,25L","p":1.74,"u":"1,39 €/L","img":"https://fd9-photos.leclercdrive.fr/image.ashx?id=2678164&use=l&cat=p&typeid=i","cat":284530},{"id":109940,"n":"Classeur Esquisse Bleu - pour fiches bristol","p":1.69,"img":"https://fd9-photos.leclercdrive.fr/image.ashx?id=1434530&use=l&cat=p&typeid=i","cat":284745},{"id":110000,"n":"Cornichons fins AMORA Bocal - 540g","p":3.9,"u":"7,22 €/KG","img":"https://fd9-photos.leclercdrive.fr/image.ashx?id=2672710&use=l&cat=p&typeid=i","cat":284458},{"id":110007,"n":"Tam Tam l'Original Saint-Michel - 275g","p":1.76,"u":"6,40 €/KG","img":"https://fd9-photos.leclercdrive.fr/image.ashx?id=2936239&use=l&cat=p&typeid=i","cat":284495},{"id":110009,"n":"Boisson végétale Bio Village Epeautre bio - 1l","p":1.9,"u":"1,90 €/L","img":"https://fd9-photos.leclercdrive.fr/image.ashx?id=2384935&use=l&cat=p&typeid=i","cat":316067},{"id":110010,"n":"Boulettes au Boeuf Bigard Bolognaises x28 - 700g","p":6.98,"u":"9,97 €/KG","img":"https://fd9-photos.leclercdrive.fr/image.ashx?id=2347792&use=l&cat=p&typeid=i","cat":284332},{"id":110026,"n":"Jus de fruit Caresse Antillaise Ananas Coco - 1L","p":3.3,"pp":2.31,"u":"2,31 €/L","img":"https://fd9-photos.leclercdrive.fr/image.ashx?id=2314044&use=l&cat=p&typeid=i","cat":284916},{"id":110028,"n":"Jus de fruit Caresse Antillaise Cocktail - 1L","p":3.3,"pp":2.31,"u":"2,31 €/L","img":"https://fd9-photos.leclercdrive.fr/image.ashx?id=1704073&use=l&cat=p&typeid=i","cat":284916},{"id":110033,"n":"Caresse Antillaise Fruit de la passion - 1L","p":3.3,"pp":2.31,"u":"2,31 €/L","img":"https://fd9-photos.leclercdrive.fr/image.ashx?id=1704070&use=l&cat=p&typeid=i","cat":284916},{"id":110058,"n":"Crêpe fourrée Whaou Chocolat - x24 - 768g","p":4.15,"u":"5,40 €/KG","img":"https://fd9-photos.leclercdrive.fr/image.ashx?id=2955818&use=l&cat=p&typeid=i","cat":284494},{"id":110066,"n":"Mini Pizza Jambon Fromage Turini x9 - 270g","p":2.15,"u":"7,96 €/KG","img":"https://fd9-photos.leclercdrive.fr/image.ashx?id=1702044&use=l&cat=p&typeid=i","cat":319822},{"id":110097,"n":"Café en grains Plantation  Noir - 500g","p":7.88,"u":"15,76 €/KG","img":"https://fd9-photos.leclercdrive.fr/image.ashx?id=2922950&use=l&cat=p&typeid=i","cat":293237},{"id":110101,"n":"Huile d'olive vierge extra 1.5L","p":12.9,"u":"8,60 €/L","img":"https://fd9-photos.leclercdrive.fr/image.ashx?id=2898035&use=l&cat=p&typeid=i","cat":284453},{"id":110103,"n":"Huile d'olive vierge extra 25cl","p":2.89,"u":"11,56 €/L","img":"https://fd9-photos.leclercdrive.fr/image.ashx?id=2892349&use=l&cat=p&typeid=i","cat":284453},{"id":110178,"n":"Radis ronds  Panier du Primeur - 250g","p":0.99,"u":"3,96 €/KG","img":"https://fd9-photos.leclercdrive.fr/image.ashx?id=3015117&use=l&cat=p&typeid=i","cat":284352},{"id":110337,"n":"Dosettes café Le Bonifieur Origine Ethiopie - x32 - 224g","p":5.18,"u":"23,13 €/KG","img":"https://fd9-photos.leclercdrive.fr/image.ashx?id=2204742&use=l&cat=p&typeid=i","cat":293238},{"id":110423,"n":"Cahier Esquisse  Bleu - 24x32cm - 96p","p":1.39,"img":"https://fd9-photos.leclercdrive.fr/image.ashx?id=1703713&use=l&cat=p&typeid=i","cat":284697},{"id":110566,"n":"Crème dépilatoire Veet Men Corps Peaux Sensibles 200ml","p":4.3,"u":"21,50 €/L","img":"https://fd9-photos.leclercdrive.fr/image.ashx?id=2965689&use=l&cat=p&typeid=i","cat":284617},{"id":110568,"n":"Gel Lubrifiant Intime Durex Naturel Confort Base Eau 100ml","p":7.62,"u":"76,20 €/L","img":"https://fd9-photos.leclercdrive.fr/image.ashx?id=2960687&use=l&cat=p&typeid=i","cat":285160},{"id":110575,"n":"Dentifrice Bionaïa Coco Aloe Vera bio - 75ml","p":1.99,"u":"26,53 €/L","img":"https://fd9-photos.leclercdrive.fr/image.ashx?id=2529549&use=l&cat=p&typeid=i","cat":284612},{"id":110590,"n":"Recharge Électrique Glade Bois de Santal & Jasmin 20ml","p":3.7,"img":"https://fd9-photos.leclercdrive.fr/image.ashx?id=2600773&use=l&cat=p&typeid=i","cat":311629},{"id":110595,"n":"Gel Lave-Vaisselle Sun Tout-en-1 Expert Plus 52 Lavage","p":7.9,"u":"8,78 €/L","img":"https://fd9-photos.leclercdrive.fr/image.ashx?id=2835580&use=l&cat=p&typeid=i","cat":284656},{"id":110596,"n":"Poudre Lave Vaisselle Sun Classique 90 Lavages","p":8.68,"u":"3,05 €/KG","img":"https://fd9-photos.leclercdrive.fr/image.ashx?id=2866172&use=l&cat=p&typeid=i","cat":284656},{"id":110645,"n":"Assiette plate Ardence 25cm - 1 pièce","p":1.99,"img":"https://fd9-photos.leclercdrive.fr/image.ashx?id=1704179&use=l&cat=p&typeid=i","cat":334134},{"id":110648,"n":"Assiette dessert Ardence 20cm - 1 pièce","p":1.29,"img":"https://fd9-photos.leclercdrive.fr/image.ashx?id=1704311&use=l&cat=p&typeid=i","cat":334134},{"id":110664,"n":"Bol parisien Eco+ Transparent 51cl - 1 pièce","p":1.08,"img":"https://fd9-photos.leclercdrive.fr/image.ashx?id=1704284&use=l&cat=p&typeid=i","cat":334134},{"id":110678,"n":"Bouillon cube Bio Village Volaille Bio - x8 - 80g","p":1.43,"u":"17,88 €/KG","img":"https://fd9-photos.leclercdrive.fr/image.ashx?id=2140950&use=l&cat=p&typeid=i","cat":288379},{"id":110707,"n":"Beurre gastronomique Les Croisé Doux - 82% MG - 250g","p":2.49,"u":"9,96 €/KG","img":"https://fd9-photos.leclercdrive.fr/image.ashx?id=2331883&use=l&cat=p&typeid=i","cat":284379},{"id":110772,"n":"Gobelet gigogne Duralex Transparent 16cl - x4","p":3.5,"img":"https://fd9-photos.leclercdrive.fr/image.ashx?id=1753667&use=l&cat=p&typeid=i","cat":334134},{"id":110775,"n":"Cocktail de fruit de mer 800g","p":10.37,"u":"12,96 €/KG","img":"https://fd9-photos.leclercdrive.fr/image.ashx?id=2800528&use=l&cat=p&typeid=i","cat":319787},{"id":110786,"n":"Plat à cake porcelaine 1 pièce","p":5.5,"img":"https://fd9-photos.leclercdrive.fr/image.ashx?id=1704547&use=l&cat=p&typeid=i","cat":334134},{"id":110806,"n":"Couteau de table Eco+ Collection Lea - 1 pièce","p":0.7,"img":"https://fd9-photos.leclercdrive.fr/image.ashx?id=1705078&use=l&cat=p&typeid=i","cat":334134},{"id":110813,"n":"Coupelle Ardence 1 pièce","p":1.2,"img":"https://fd9-photos.leclercdrive.fr/image.ashx?id=1705093&use=l&cat=p&typeid=i","cat":334134},{"id":110815,"n":"Terrine Le Parfait Super 500 grammes - Pack de 6","p":21.7,"u":"3,62 €/P","img":"https://fd9-photos.leclercdrive.fr/image.ashx?id=2503692&use=l&cat=p&typeid=i","cat":284710},{"id":110827,"n":"Jus pour bébé Naturnes Bio Pomme mangue 6M+ 20cl","p":0.78,"u":"3,90 €/L","img":"https://fd9-photos.leclercdrive.fr/image.ashx?id=2406235&use=l&cat=p&typeid=i","cat":312388},{"id":110849,"n":"Dentifrice Bionaïa Charbon bio - 75ml","p":1.99,"u":"26,53 €/L","img":"https://fd9-photos.leclercdrive.fr/image.ashx?id=2529546&use=l&cat=p&typeid=i","cat":284612},{"id":110856,"n":"Pack bières blondes 8.6 8.6%vol - 4x50cl","p":5.24,"u":"2,62 €/L","img":"https://fd9-photos.leclercdrive.fr/image.ashx?id=2841601&use=l&cat=p&typeid=i","cat":334853},{"id":110858,"n":"Jus pour bébé Naturnes 6 mois Poire Banane Bio - 200ml","p":0.99,"u":"4,95 €/L","img":"https://fd9-photos.leclercdrive.fr/image.ashx?id=2406238&use=l&cat=p&typeid=i","cat":312388},{"id":110859,"n":"Bières blonde original 8.6 8.6%vol - 50cl","p":1.28,"u":"2,56 €/L","img":"https://fd9-photos.leclercdrive.fr/image.ashx?id=2112516&use=l&cat=p&typeid=i","cat":334853},{"id":110913,"n":"Sirop sport Grenadine - 60cl","p":2.44,"u":"4,07 €/L","img":"https://fd9-photos.leclercdrive.fr/image.ashx?id=1892348&use=l&cat=p&typeid=i","cat":295020},{"id":111211,"n":"Pain de mie La Boulangère Seigle graines - 500g","p":1.67,"u":"3,34 €/KG","img":"https://fd9-photos.leclercdrive.fr/image.ashx?id=2912425&use=l&cat=p&typeid=i","cat":284477},{"id":111362,"n":"Poitrine Fumée Eco+ 4 tranches","p":2.85,"u":"0,71 €/TRC","img":"https://fd9-photos.leclercdrive.fr/image.ashx?id=2709559&use=l&cat=p&typeid=i","cat":316011},{"id":111363,"n":"Allumettes Eco+ Nature - 2x100g","p":1.22,"u":"6,10 €/KG","img":"https://fd9-photos.leclercdrive.fr/image.ashx?id=2688255&use=l&cat=p&typeid=i","cat":316011},{"id":111365,"n":"Lardons Eco+ Fumés - 180g","p":1.32,"u":"7,33 €/KG","img":"https://fd9-photos.leclercdrive.fr/image.ashx?id=2805066&use=l&cat=p&typeid=i","cat":316011},{"id":111369,"n":"Allumettes Eco+ Fumées - 2x100g","p":1.21,"u":"6,05 €/KG","img":"https://fd9-photos.leclercdrive.fr/image.ashx?id=2688258&use=l&cat=p&typeid=i","cat":316011},{"id":111385,"n":"Croquette chat stérilisé Ultima Boeuf - 1.5kg","p":6.92,"u":"4,61 €/KG","img":"https://fd9-photos.leclercdrive.fr/image.ashx?id=2921903&use=l&cat=p&typeid=i","cat":284680},{"id":111414,"n":"Repas bébé Blédichef 12 mois  Spaghetti bolognaise - 230g","p":1.75,"u":"7,61 €/KG","img":"https://fd9-photos.leclercdrive.fr/image.ashx?id=2643491&use=l&cat=p&typeid=i","cat":312237},{"id":111415,"n":"Repas bébé Blédichef 12 mois Purée épinards saumon - 230g","p":1.79,"u":"7,16 €/KG","img":"https://fd9-photos.leclercdrive.fr/image.ashx?id=1710731&use=l&cat=p&typeid=i","cat":312237},{"id":111418,"n":"Repas bébé Blédichef 15 mois Risotto courgette saumon - 250g","p":1.98,"u":"7,92 €/KG","img":"https://fd9-photos.leclercdrive.fr/image.ashx?id=2643488&use=l&cat=p&typeid=i","cat":312238},{"id":111419,"n":"Repas bébé Blédichef 24 mois  Macaroni carotte boeuf - 250g","p":1.96,"u":"7,84 €/KG","img":"https://fd9-photos.leclercdrive.fr/image.ashx?id=2951593&use=l&cat=p&typeid=i","cat":312238},{"id":111422,"n":"Compotes Pom'Potes Gourdes  Pomm P. Frais P. Framb - 32x90g","p":12.51,"u":"4,34 €/KG","img":"https://fd9-photos.leclercdrive.fr/image.ashx?id=2870182&use=l&cat=p&typeid=i","cat":284508},{"id":111424,"n":"Repas bébé Blédichef 12 mois  Hachis parmentier - 230g","p":1.66,"u":"7,22 €/KG","img":"https://fd9-photos.leclercdrive.fr/image.ashx?id=2478571&use=l&cat=p&typeid=i","cat":312237},{"id":111432,"n":"Plat bébé soir Blédichef 15mois Pomme de terre chou fleur -250g","p":1.93,"u":"7,72 €/KG","img":"https://fd9-photos.leclercdrive.fr/image.ashx?id=2479018&use=l&cat=p&typeid=i","cat":312239},{"id":111435,"n":"Repas bébé Blédichef 18 mois  Ratatouille poulet - 250g","p":1.92,"u":"7,68 €/KG","img":"https://fd9-photos.leclercdrive.fr/image.ashx?id=2951596&use=l&cat=p&typeid=i","cat":312238},{"id":111449,"n":"Snack Bio Village Pois chiches bio - 60g","p":2.04,"u":"34,00 €/KG","img":"https://fd9-photos.leclercdrive.fr/image.ashx?id=1709364&use=l&cat=p&typeid=i","cat":284449},{"id":111587,"n":"Café dosettes Tassimo L'Or XL Classique x16","p":4.71,"u":"34,63 €/KG","img":"https://fd9-photos.leclercdrive.fr/image.ashx?id=2100308&use=l&cat=p&typeid=i","cat":293240},{"id":111590,"n":"Capsules café L'Or Espresso Lungo Mattinata N°5 x10","p":3.43,"u":"65,96 €/KG","img":"https://fd9-photos.leclercdrive.fr/image.ashx?id=3002309&use=l&cat=p&typeid=i","cat":284749},{"id":111829,"n":"Compote Charles & Alice Pommes Fraises - 4x100g","p":1.75,"u":"4,38 €/KG","img":"https://fd9-photos.leclercdrive.fr/image.ashx?id=2757338&use=l&cat=p&typeid=i","cat":284416},{"id":111906,"n":"Déodorant compressé Ushuaïa Grenade - 100ml","p":3.37,"u":"33,70 €/L","img":"https://fd9-photos.leclercdrive.fr/image.ashx?id=2474608&use=l&cat=p&typeid=i","cat":284595},{"id":111938,"n":"Bière blonde Affligem  Sans alcool - 6x25cl","p":4.8,"u":"3,20 €/L","img":"https://fd9-photos.leclercdrive.fr/image.ashx?id=2979695&use=l&cat=p&typeid=i","cat":334877},{"id":111972,"n":"Serviettes Discreet Tena Lady Extra Plus - x16","p":5.84,"u":"0,37 €/P","img":"https://fd9-photos.leclercdrive.fr/image.ashx?id=2597250&use=l&cat=p&typeid=i","cat":284628},{"id":111987,"n":"Repas bébé Blédichef 18 mois  Pâtes boeuf bourguignon - 250g","p":1.97,"u":"7,88 €/KG","img":"https://fd9-photos.leclercdrive.fr/image.ashx?id=2643746&use=l&cat=p&typeid=i","cat":312238},{"id":111988,"n":"Plat bébé soir Blédichef 18mois Pâtes carotte - 250g","p":1.8,"u":"7,20 €/KG","img":"https://fd9-photos.leclercdrive.fr/image.ashx?id=2479024&use=l&cat=p&typeid=i","cat":312239},{"id":111989,"n":"Plat bébé soir Blédichef 12mois Semoule carotte - 230g","p":1.72,"u":"7,48 €/KG","img":"https://fd9-photos.leclercdrive.fr/image.ashx?id=2852363&use=l&cat=p&typeid=i","cat":312239},{"id":111990,"n":"Plat bébé soir Blédichef 18mois Pâtes épinards carotte - 250g","p":1.94,"u":"7,76 €/KG","img":"https://fd9-photos.leclercdrive.fr/image.ashx?id=2479027&use=l&cat=p&typeid=i","cat":312239},{"id":112000,"n":"Languette de fixation enlevable Tableau blanc grand modèle","p":4.2,"img":"https://fd9-photos.leclercdrive.fr/image.ashx?id=2751630&use=l&cat=p&typeid=i","cat":300576},{"id":112036,"n":"Languette de fixation enlevable Tableau blanc moyen modèle","p":2.95,"img":"https://fd9-photos.leclercdrive.fr/image.ashx?id=2872084&use=l&cat=p&typeid=i","cat":300576},{"id":112117,"n":"Couscous Tipiak  Grain moyen - 1kg","p":1.75,"u":"1,75 €/KG","img":"https://fd9-photos.leclercdrive.fr/image.ashx?id=2830609&use=l&cat=p&typeid=i","cat":284429},{"id":112125,"n":"Crème nutritive nuit So'bio Précieux Argan bio  - 50ml","p":11.65,"u":"233,00 €/L","img":"https://fd9-photos.leclercdrive.fr/image.ashx?id=2990715&use=l&cat=p&typeid=i","cat":325345},{"id":112126,"n":"Crème rose jour So'Bio Etic Précieux Argan bio - 50ml","p":11.08,"u":"221,60 €/L","img":"https://fd9-photos.leclercdrive.fr/image.ashx?id=2792687&use=l&cat=p&typeid=i","cat":325345},{"id":112150,"n":"Graisse à Frire Vegétaline 100% végétale - 1kg","p":6.42,"u":"6,42 €/KG","img":"https://fd9-photos.leclercdrive.fr/image.ashx?id=1928297&use=l&cat=p&typeid=i","cat":315229},{"id":112153,"n":"Planta Fin Cuisson 79%MG - 500ml","p":2.55,"u":"5,10 €/L","img":"https://fd9-photos.leclercdrive.fr/image.ashx?id=2793083&use=l&cat=p&typeid=i","cat":315229},{"id":112291,"n":"Yaourt protéiné Hipro Myrtille 0%mg - 2x160g","p":2.01,"u":"6,28 €/KG","img":"https://fd9-photos.leclercdrive.fr/image.ashx?id=2800285&use=l&cat=p&typeid=i","cat":315000},{"id":112292,"n":"Yaourt protéiné Hipro Citron 0%mg - 2x160g","p":2.01,"u":"6,28 €/KG","img":"https://fd9-photos.leclercdrive.fr/image.ashx?id=2945415&use=l&cat=p&typeid=i","cat":315000},{"id":112293,"n":"Yaourt à boire protéiné Hipro Vanille cookie 0%mg - 300g","p":2.03,"u":"6,77 €/KG","img":"https://fd9-photos.leclercdrive.fr/image.ashx?id=2329753&use=l&cat=p&typeid=i","cat":315000},{"id":112294,"n":"Yaourt à boire protéiné Hipro Fraise framboise 0%mg - 300g","p":1.91,"u":"6,37 €/KG","img":"https://fd9-photos.leclercdrive.fr/image.ashx?id=2806060&use=l&cat=p&typeid=i","cat":315000},{"id":112367,"n":"Protège matelas Tissaia Imperméable 90x190cm coton","p":15.95,"img":"https://fd9-photos.leclercdrive.fr/image.ashx?id=2380244&use=l&cat=p&typeid=i","cat":288835},{"id":112368,"n":"Protège matelas Tissaia Imperméable 140x190cm coton","p":19.85,"img":"https://fd9-photos.leclercdrive.fr/image.ashx?id=2380247&use=l&cat=p&typeid=i","cat":288835},{"id":112369,"n":"Protège matelas Tissaia Imperméable 160x200cm coton","p":23.85,"img":"https://fd9-photos.leclercdrive.fr/image.ashx?id=2380250&use=l&cat=p&typeid=i","cat":288835},{"id":112471,"n":"Mousse Danette  Chocolat - 4x60g","p":1.56,"u":"6,50 €/KG","img":"https://fd9-photos.leclercdrive.fr/image.ashx?id=2964923&use=l&cat=p&typeid=i","cat":284417},{"id":112556,"n":"Oignon rouge Bio  Bio Village - 500g","p":2.49,"u":"4,98 €/KG","img":"https://fd9-photos.leclercdrive.fr/image.ashx?id=2922460&use=l&cat=p&typeid=i","cat":284352},{"id":112621,"n":"Riz au lait La Laitière Vanille - 4x115g","p":1.55,"u":"3,37 €/KG","img":"https://fd9-photos.leclercdrive.fr/image.ashx?id=2661151&use=l&cat=p&typeid=i","cat":284418},{"id":112623,"n":"Riz au lait La Laitière Vanille - 8x115g","p":2.9,"u":"3,15 €/KG","img":"https://fd9-photos.leclercdrive.fr/image.ashx?id=2610783&use=l&cat=p&typeid=i","cat":284418},{"id":112679,"n":"Coffret Artisan Provençal 9 marrons - 160g","p":12.95,"u":"80,94 €/KG","img":"https://fd9-photos.leclercdrive.fr/image.ashx?id=1911453&use=l&cat=p&typeid=i","cat":327603},{"id":112690,"n":"Gianduiotti noir Novi 150g","p":4.99,"u":"33,27 €/KG","img":"https://fd9-photos.leclercdrive.fr/image.ashx?id=2615158&use=l&cat=p&typeid=i","cat":327595},{"id":112694,"n":"Foie gras canard IGP Sud-Ouest Label Rouge Lobe NRT - 200g","p":19.84,"u":"99,20 €/KG","img":"https://fd9-photos.leclercdrive.fr/image.ashx?id=2743906&use=l&cat=p&typeid=i","cat":316008},{"id":112696,"n":"Tournedos magret du Périgord Coeur de foie gras NRT - 280g","p":9.99,"u":"35,68 €/KG","img":"https://fd9-photos.leclercdrive.fr/image.ashx?id=2196910&use=l&cat=p&typeid=i","cat":284339},{"id":112739,"n":"Mi-chaussette unie coton Dim 5 paires homme - 39/42","p":10.5,"u":"2,10 €/P","img":"https://fd9-photos.leclercdrive.fr/image.ashx?id=2156050&use=l&cat=p&typeid=i","cat":334130},{"id":112742,"n":"Mi-chaussette unie coton Dim 5 paires homme - 43/46","p":10.5,"u":"2,10 €/P","img":"https://fd9-photos.leclercdrive.fr/image.ashx?id=2156053&use=l&cat=p&typeid=i","cat":334130},{"id":112761,"n":"Kid Smile McCain 850g","p":2.65,"u":"3,12 €/KG","img":"https://fd9-photos.leclercdrive.fr/image.ashx?id=2745802&use=l&cat=p&typeid=i","cat":319792},{"id":112764,"n":"Potatoes aux herbes McCain Country Potatoes - 780g","p":2.72,"u":"3,49 €/KG","img":"https://fd9-photos.leclercdrive.fr/image.ashx?id=2973342&use=l&cat=p&typeid=i","cat":319791},{"id":112806,"n":"Soupe Liquide Liebig  10 Légumes & Crème fraiche - 1L","p":2.25,"u":"2,25 €/L","img":"https://fd9-photos.leclercdrive.fr/image.ashx?id=2941484&use=l&cat=p&typeid=i","cat":284462},{"id":112807,"n":"Soupe liquide Liebig  Légumes et vermicelles - 2x30cl","p":1.73,"u":"2,88 €/L","img":"https://fd9-photos.leclercdrive.fr/image.ashx?id=2164075&use=l&cat=p&typeid=i","cat":284462},{"id":112808,"n":"Soupe liquide Liebig légumes Et vermicelles - Brique 1L","p":2.06,"u":"2,06 €/L","img":"https://fd9-photos.leclercdrive.fr/image.ashx?id=2892142&use=l&cat=p&typeid=i","cat":284462},{"id":112811,"n":"Gel Lave-Vaisselle Sun Tout-en-1 Citron 52 Lavages","p":7.9,"u":"8,78 €/L","img":"https://fd9-photos.leclercdrive.fr/image.ashx?id=2356268&use=l&cat=p&typeid=i","cat":284656},{"id":112873,"n":"Une saison au zoo Le jeu du soigneur - Dès 6 ans","p":9.95,"img":"https://fd9-photos.leclercdrive.fr/image.ashx?id=2527877&use=l&cat=p&typeid=i","cat":334378},{"id":112877,"n":"Fabulus potium Dès 8 ans - Made in france","p":21.0,"img":"https://fd9-photos.leclercdrive.fr/image.ashx?id=1854908&use=l&cat=p&typeid=i","cat":334378},{"id":112897,"n":"Twister Dès 6 ans","p":14.8,"img":"https://fd9-photos.leclercdrive.fr/image.ashx?id=2600797&use=l&cat=p&typeid=i","cat":334378},{"id":112898,"n":"Triominos junior Dès 5 ans","p":19.8,"img":"https://fd9-photos.leclercdrive.fr/image.ashx?id=2728855&use=l&cat=p&typeid=i","cat":334378},{"id":112899,"n":"Triominos deluxe Dès 6 ans","p":17.0,"img":"https://fd9-photos.leclercdrive.fr/image.ashx?id=2517124&use=l&cat=p&typeid=i","cat":334378},{"id":113057,"n":"IGP Pays d'Oc Merlot vin rouge Vieux Carion - BIB 5L","p":11.99,"u":"2,40 €/L","img":"https://fd9-photos.leclercdrive.fr/image.ashx?id=2930379&use=l&cat=p&typeid=i","cat":289560},{"id":113108,"n":"Tartine Grilletine de Pasquier Froment - x18 - 242g","p":1.57,"u":"6,49 €/KG","img":"https://fd9-photos.leclercdrive.fr/image.ashx?id=2333060&use=l&cat=p&typeid=i","cat":284479},{"id":113110,"n":"Tartine Grilletine de Pasquier Blé complet - x18 - 242g","p":1.57,"u":"6,49 €/KG","img":"https://fd9-photos.leclercdrive.fr/image.ashx?id=2333063&use=l&cat=p&typeid=i","cat":284479},{"id":113292,"n":"Boisson énergisante Monster Energy Punch Pipeline - 50CL","p":1.59,"u":"3,18 €/L","img":"https://fd9-photos.leclercdrive.fr/image.ashx?id=2207436&use=l&cat=p&typeid=i","cat":284533},{"id":113349,"n":"Filets de Rouget 400g","p":8.14,"u":"20,35 €/KG","img":"https://fd9-photos.leclercdrive.fr/image.ashx?id=2607755&use=l&cat=p&typeid=i","cat":319786},{"id":113358,"n":"Bière ambrée Leffe 6,6% - 12x25cl","p":10.18,"u":"3,39 €/L","img":"https://fd9-photos.leclercdrive.fr/image.ashx?id=2533985&use=l&cat=p&typeid=i","cat":334852},{"id":113680,"n":"Brioche tressée Nature Harrys Sucre perlé sans additif - 500g","p":2.83,"u":"5,66 €/KG","img":"https://fd9-photos.leclercdrive.fr/image.ashx?id=2503013&use=l&cat=p&typeid=i","cat":284478},{"id":113754,"n":"Crème fraîche Yoplait Légère -12% matière grasse 450g","p":1.42,"u":"3,16 €/KG","img":"https://fd9-photos.leclercdrive.fr/image.ashx?id=2811032&use=l&cat=p&typeid=i","cat":284381},{"id":113808,"n":"Crème dessert La Laitière Pot de crème vanille - 4x100g","p":2.23,"u":"5,58 €/KG","img":"https://fd9-photos.leclercdrive.fr/image.ashx?id=2875969&use=l&cat=p&typeid=i","cat":285041},{"id":113811,"n":"Crème dessert La Laitière Pot de crème chocolat - 4x100g","p":2.17,"u":"5,43 €/KG","img":"https://fd9-photos.leclercdrive.fr/image.ashx?id=2875966&use=l&cat=p&typeid=i","cat":285041},{"id":113855,"n":"Boisson thé Fresh Tea Pêche abricot - 1.5L","p":1.82,"u":"1,21 €/L","img":"https://fd9-photos.leclercdrive.fr/image.ashx?id=2622281&use=l&cat=p&typeid=i","cat":295019},{"id":113858,"n":"Yaourt à la grecque YAOS Nature - 8x125g","p":3.1,"u":"3,10 €/KG","img":"https://fd9-photos.leclercdrive.fr/image.ashx?id=2418462&use=l&cat=p&typeid=i","cat":314999},{"id":113913,"n":"Eau micellaire douceur Jonzac Nettoyante bébé bio - 500ml","p":7.89,"u":"15,78 €/L","img":"https://fd9-photos.leclercdrive.fr/image.ashx?id=2461033&use=l&cat=p&typeid=i","cat":290425},{"id":113929,"n":"Soin anti-âge Normaderm Vichy 50ml","p":15.99,"u":"319,80 €/L","img":"https://fd9-photos.leclercdrive.fr/image.ashx?id=1950329&use=l&cat=p&typeid=i","cat":291168},{"id":113930,"n":"Déodorant bille 48h Vichy Anti-transpirant - 2x50ml","p":13.4,"u":"134,00 €/L","img":"https://fd9-photos.leclercdrive.fr/image.ashx?id=1971470&use=l&cat=p&typeid=i","cat":301593},{"id":113969,"n":"Thon Albacore Le Savoureux Entier à l'Huile d'Olive - 80g","p":1.87,"u":"23,38 €/KG","img":"https://fd9-photos.leclercdrive.fr/image.ashx?id=2167919&use=l&cat=p&typeid=i","cat":303867},{"id":113971,"n":"Huile d'Olive Puget 25cl","p":3.33,"u":"13,32 €/L","img":"https://fd9-photos.leclercdrive.fr/image.ashx?id=2343297&use=l&cat=p&typeid=i","cat":284453},{"id":113979,"n":"Dentifrice Parodontax Protection complète - 2x75ml","p":8.28,"u":"55,20 €/L","img":"https://fd9-photos.leclercdrive.fr/image.ashx?id=2537246&use=l&cat=p&typeid=i","cat":290419},{"id":113985,"n":"Dentifrice Sensodyne Traitement sensibilité - 2x75ml","p":7.11,"u":"47,40 €/L","img":"https://fd9-photos.leclercdrive.fr/image.ashx?id=1734721&use=l&cat=p&typeid=i","cat":290419},{"id":113990,"n":"Shampooing quotidien Pouxdoux Bio Puressentiel - 200ml","p":7.16,"u":"35,80 €/L","img":"https://fd9-photos.leclercdrive.fr/image.ashx?id=2988514&use=l&cat=p&typeid=i","cat":301248},{"id":113991,"n":"Répulsif poux Puressentiel Spray - 200ml","p":15.11,"u":"75,55 €/L","img":"https://fd9-photos.leclercdrive.fr/image.ashx?id=2057035&use=l&cat=p&typeid=i","cat":301248},{"id":113994,"n":"Lotion Anti-Poux&Lentes Pouxit XF - 200ml","p":18.57,"u":"92,85 €/L","img":"https://fd9-photos.leclercdrive.fr/image.ashx?id=2022027&use=l&cat=p&typeid=i","cat":301248},{"id":113998,"n":"Girasoli Lustucru Selection  Ricotta Epinard - 250g","p":2.61,"u":"10,44 €/KG","img":"https://fd9-photos.leclercdrive.fr/image.ashx?id=2974351&use=l&cat=p&typeid=i","cat":333682},{"id":114017,"n":"Bière blonde Heineken 5%vol - 12x33cl","p":9.2,"u":"2,32 €/L","img":"https://fd9-photos.leclercdrive.fr/image.ashx?id=3008125&use=l&cat=p&typeid=i","cat":334853},{"id":114020,"n":"Bière aromatisée  Desperados 5.9%vol - Boite 50cl","p":1.72,"u":"3,44 €/L","img":"https://fd9-photos.leclercdrive.fr/image.ashx?id=2977303&use=l&cat=p&typeid=i","cat":334853},{"id":114022,"n":"Bière blonde 1664 6x33cl","p":6.99,"u":"3,53 €/L","img":"https://fd9-photos.leclercdrive.fr/image.ashx?id=2246614&use=l&cat=p&typeid=i","cat":334873},{"id":114023,"n":"Thon au naturel Petit Navire Démarche Responsable - 280g","p":4.36,"u":"15,57 €/KG","img":"https://fd9-photos.leclercdrive.fr/image.ashx?id=2909974&use=l&cat=p&typeid=i","cat":303867},{"id":114095,"n":"Mouchoirs blancs 3 plis Caresse Boîte - x150","p":1.65,"u":"0,01 €/P","img":"https://fd9-photos.leclercdrive.fr/image.ashx?id=2778087&use=l&cat=p&typeid=i","cat":284638},{"id":114098,"n":"Lingettes Pampers Freshclean - 3x52","p":6.63,"u":"0,04 €/P","img":"https://fd9-photos.leclercdrive.fr/image.ashx?id=2964066&use=l&cat=p&typeid=i","cat":284738},{"id":114102,"n":"Change culottes Mots d'enfants T5 : 12/18kg - x40","p":9.75,"u":"0,24 €/P","img":"https://fd9-photos.leclercdrive.fr/image.ashx?id=2487171&use=l&cat=p&typeid=i","cat":290633},{"id":114103,"n":"Change culottes Mots d'enfants T6 : +16kg - x36","p":9.75,"u":"0,27 €/P","img":"https://fd9-photos.leclercdrive.fr/image.ashx?id=2487174&use=l&cat=p&typeid=i","cat":290633},{"id":114172,"n":"Bonbons de Noël Milka Lait - 86g","p":2.46,"u":"28,60 €/KG","img":"https://fd9-photos.leclercdrive.fr/image.ashx?id=2937995&use=l&cat=p&typeid=i","cat":327592},{"id":114190,"n":"Chocolat Mon Chéri cerise Etui Noël - 262g","p":9.01,"u":"34,39 €/KG","img":"https://fd9-photos.leclercdrive.fr/image.ashx?id=2940501&use=l&cat=p&typeid=i","cat":327601},{"id":114269,"n":"Puissance 4 Dès 6 ans - 2 joueurs","p":10.45,"img":"https://fd9-photos.leclercdrive.fr/image.ashx?id=2293171&use=l&cat=p&typeid=i","cat":334378},{"id":114273,"n":"Cassolette Gourmande  Aux St-Jacques - 300g","p":6.59,"u":"21,97 €/KG","img":"https://fd9-photos.leclercdrive.fr/image.ashx?id=1752220&use=l&cat=p&typeid=i","cat":319775},{"id":114406,"n":"Taboulé Pierre Martinet Oriental à l'huile d'olive 310g","p":1.45,"u":"4,68 €/KG","img":"https://fd9-photos.leclercdrive.fr/image.ashx?id=2432241&use=l&cat=p&typeid=i","cat":333657},{"id":114522,"n":"Bière blonde Leffe Triple 8,5% - 12x25cl","p":10.61,"u":"3,54 €/L","img":"https://fd9-photos.leclercdrive.fr/image.ashx?id=2548294&use=l&cat=p&typeid=i","cat":334852},{"id":114652,"n":"Mouchoirs blanc 2 plis Caresse Boîte mouchoirs papier - x180","p":1.69,"u":"0,01 €/P","img":"https://fd9-photos.leclercdrive.fr/image.ashx?id=2401900&use=l&cat=p&typeid=i","cat":284638},{"id":114654,"n":"Allumettes Silex 10cm - x70","p":1.26,"u":"0,02 €/P","img":"https://fd9-photos.leclercdrive.fr/image.ashx?id=2595942&use=l&cat=p&typeid=i","cat":300578},{"id":114805,"n":"Coeur Coulant Bonne Maman Chocolat - 2x80g","p":2.87,"u":"17,94 €/KG","img":"https://fd9-photos.leclercdrive.fr/image.ashx?id=2912326&use=l&cat=p&typeid=i","cat":284419},{"id":115011,"n":"Lingettes bébé Mots d'enfants à l'eau - x60","p":1.66,"u":"0,03 €/P","img":"https://fd9-photos.leclercdrive.fr/image.ashx?id=2163895&use=l&cat=p&typeid=i","cat":284738},{"id":115013,"n":"Liquide vaisselle Uni Vert Ecologique citron - 750ml","p":1.59,"u":"2,12 €/L","img":"https://fd9-photos.leclercdrive.fr/image.ashx?id=2028543&use=l&cat=p&typeid=i","cat":284655},{"id":115113,"n":"Tirlibibi Haribo Boîte bonbons - 750g","p":4.53,"u":"6,04 €/KG","img":"https://fd9-photos.leclercdrive.fr/image.ashx?id=2806922&use=l&cat=p&typeid=i","cat":304250},{"id":115114,"n":"Polka Haribo Sachet bonbons - 300g","p":1.34,"u":"4,47 €/KG","img":"https://fd9-photos.leclercdrive.fr/image.ashx?id=2982414&use=l&cat=p&typeid=i","cat":304250},{"id":115115,"n":"Les Schtroumpfs Haribo Sachet bonbons - 300g","p":1.4,"u":"4,67 €/KG","img":"https://fd9-photos.leclercdrive.fr/image.ashx?id=2788475&use=l&cat=p&typeid=i","cat":304250},{"id":115116,"n":"Chamallows Haribo Guimauves   - 300g","p":1.43,"u":"4,77 €/KG","img":"https://fd9-photos.leclercdrive.fr/image.ashx?id=2984937&use=l&cat=p&typeid=i","cat":304250},{"id":115127,"n":"Pain burger Epi d'Or Brioché x4 - 300g","p":1.37,"u":"4,57 €/KG","img":"https://fd9-photos.leclercdrive.fr/image.ashx?id=1958880&use=l&cat=p&typeid=i","cat":325067},{"id":115130,"n":"Pain de mie Epi d'Or Sans croute - 500g","p":1.56,"u":"3,12 €/KG","img":"https://fd9-photos.leclercdrive.fr/image.ashx?id=3012872&use=l&cat=p&typeid=i","cat":284477},{"id":115163,"n":"Infusion Twinings Ayurveda gingembre miel et citron x20","p":2.53,"u":"79,06 €/KG","img":"https://fd9-photos.leclercdrive.fr/image.ashx?id=2893036&use=l&cat=p&typeid=i","cat":293234},{"id":115278,"n":"Gressins traditionnels Artesani 300g","p":2.23,"u":"7,43 €/KG","img":"https://fd9-photos.leclercdrive.fr/image.ashx?id=2475852&use=l&cat=p&typeid=i","cat":289010},{"id":115280,"n":"Gressins Florelli Au Sésame Artesani - 300g","p":2.42,"u":"8,07 €/KG","img":"https://fd9-photos.leclercdrive.fr/image.ashx?id=2475858&use=l&cat=p&typeid=i","cat":289010},{"id":115320,"n":"Capsules café Plantation Equilibré n°6 - x10 - 52g","p":2.19,"u":"42,12 €/KG","img":"https://fd9-photos.leclercdrive.fr/image.ashx?id=2418101&use=l&cat=p&typeid=i","cat":284749},{"id":115321,"n":"Capsules café Plantation Intense n°10 - x10 - 52g","p":2.19,"u":"42,12 €/KG","img":"https://fd9-photos.leclercdrive.fr/image.ashx?id=2441420&use=l&cat=p&typeid=i","cat":284749},{"id":115324,"n":"Capsules café Plantation Décaféiné n°5 -  x10 - 52g","p":2.39,"u":"45,96 €/KG","img":"https://fd9-photos.leclercdrive.fr/image.ashx?id=2441423&use=l&cat=p&typeid=i","cat":284749},{"id":115328,"n":"Capsules café Plantation  Ristretto n°12 - x10 - 52g","p":2.24,"u":"43,08 €/KG","img":"https://fd9-photos.leclercdrive.fr/image.ashx?id=2441712&use=l&cat=p&typeid=i","cat":284749},{"id":115348,"n":"Capsules café Plantation Noisette n°7 - x10 - 52g","p":2.39,"u":"45,96 €/KG","img":"https://fd9-photos.leclercdrive.fr/image.ashx?id=2908858&use=l&cat=p&typeid=i","cat":284749},{"id":115349,"n":"Capsules café Plantation Intense n°10 - x30 - 156g","p":5.19,"u":"33,27 €/KG","img":"https://fd9-photos.leclercdrive.fr/image.ashx?id=2418137&use=l&cat=p&typeid=i","cat":284749},{"id":115350,"n":"Capsules café Plantation Equilibré N°6 - x30 - 156g","p":5.19,"u":"33,27 €/KG","img":"https://fd9-photos.leclercdrive.fr/image.ashx?id=2418140&use=l&cat=p&typeid=i","cat":284749},{"id":115357,"n":"Tablette De Chocolat A Patisser Pralinoise Praline - 180g","p":2.99,"u":"16,61 €/KG","img":"https://fd9-photos.leclercdrive.fr/image.ashx?id=2890265&use=l&cat=p&typeid=i","cat":285562},{"id":115359,"n":"Pancakes Nature Epi d'Or x18 - 360g","p":1.69,"u":"4,69 €/KG","img":"https://fd9-photos.leclercdrive.fr/image.ashx?id=2860763&use=l&cat=p&typeid=i","cat":284495},{"id":115409,"n":"Confit de canard Monfort Cuisses - 400g","p":7.95,"u":"19,88 €/KG","img":"https://fd9-photos.leclercdrive.fr/image.ashx?id=2324585&use=l&cat=p&typeid=i","cat":284339},{"id":115421,"n":"Pruneaux Maison Roucadil Mi-cuits - 500g","p":5.2,"u":"10,40 €/KG","img":"https://fd9-photos.leclercdrive.fr/image.ashx?id=2213832&use=l&cat=p&typeid=i","cat":284357},{"id":115457,"n":"Frites de Patate Douce McCain 500g","p":4.44,"u":"8,88 €/KG","img":"https://fd9-photos.leclercdrive.fr/image.ashx?id=2840632&use=l&cat=p&typeid=i","cat":319791},{"id":115463,"n":"Litière chats Tranquille Carbonite - 7.1kg","p":6.05,"u":"0,85 €/KG","img":"https://fd9-photos.leclercdrive.fr/image.ashx?id=2421871&use=l&cat=p&typeid=i","cat":284683},{"id":115488,"n":"Bière blonde 1664 5,5° - 12x25cl","p":7.59,"u":"2,53 €/L","img":"https://fd9-photos.leclercdrive.fr/image.ashx?id=2215566&use=l&cat=p&typeid=i","cat":334873},{"id":115492,"n":"Bière blonde 1664 5,5° - 6x25cl","p":4.13,"u":"2,75 €/L","img":"https://fd9-photos.leclercdrive.fr/image.ashx?id=2215572&use=l&cat=p&typeid=i","cat":334873},{"id":115502,"n":"Persil et Ail Rustica 75g","p":1.99,"u":"26,53 €/KG","img":"https://fd9-photos.leclercdrive.fr/image.ashx?id=2365493&use=l&cat=p&typeid=i","cat":319804},{"id":115526,"n":"Serviette incontinence Chorys Maxi nuit - x12","p":3.99,"u":"0,33 €/P","img":"https://fd9-photos.leclercdrive.fr/image.ashx?id=2586028&use=l&cat=p&typeid=i","cat":284628},{"id":115690,"n":"Sauce aigre douce pimentée Tables du Monde - 300g","p":1.63,"u":"5,43 €/KG","img":"https://fd9-photos.leclercdrive.fr/image.ashx?id=2679777&use=l&cat=p&typeid=i","cat":288992},{"id":115771,"n":"Lait bébé en poudre Gallia Calisma 2e âge 6-12mois 2x600g","p":20.57,"u":"17,14 €/KG","img":"https://fd9-photos.leclercdrive.fr/image.ashx?id=2935750&use=l&cat=p&typeid=i","cat":284727},{"id":115772,"n":"Pâte à tartiner Bio Village Aux noisette bio - 600g","p":4.16,"u":"6,93 €/KG","img":"https://fd9-photos.leclercdrive.fr/image.ashx?id=1760139&use=l&cat=p&typeid=i","cat":284481},{"id":115773,"n":"Lait bébé en poudre Gallia Calisma 1er âge 0-6 mois 2x600g","p":23.68,"u":"19,73 €/KG","img":"https://fd9-photos.leclercdrive.fr/image.ashx?id=2953755&use=l&cat=p&typeid=i","cat":284726},{"id":115787,"n":"AOC Coteaux d'Aix-en-Provence vin rosé Terres Ocrées - 75cl","p":4.49,"u":"5,99 €/L","img":"https://fd9-photos.leclercdrive.fr/image.ashx?id=2900172&use=l&cat=p&typeid=i","cat":289558},{"id":115872,"n":"Yaourt aux fruits bifidus Activia myrtille - 4x125g","p":1.78,"u":"3,56 €/KG","img":"https://fd9-photos.leclercdrive.fr/image.ashx?id=2886645&use=l&cat=p&typeid=i","cat":315000},{"id":115910,"n":"Yaourt brassé Perle de Lait Vanille - 8x125g","p":3.21,"u":"3,21 €/KG","img":"https://fd9-photos.leclercdrive.fr/image.ashx?id=2990568&use=l&cat=p&typeid=i","cat":314999},{"id":115958,"n":"Poelée de cèpes Magda Au beurre persillé - 300g","p":3.98,"pp":2.63,"u":"8,77 €/KG","img":"https://fd9-photos.leclercdrive.fr/image.ashx?id=2790015&use=l&cat=p&typeid=i","cat":319823},{"id":115970,"n":"Girolles à la crème Magda 300g","p":3.98,"pp":2.63,"u":"8,77 €/KG","img":"https://fd9-photos.leclercdrive.fr/image.ashx?id=2411117&use=l&cat=p&typeid=i","cat":319805},{"id":115975,"n":"Rôti dinde Maitre Coq Morilles - 700g","p":11.17,"u":"15,96 €/KG","img":"https://fd9-photos.leclercdrive.fr/image.ashx?id=2834470&use=l&cat=p&typeid=i","cat":319780},{"id":116010,"n":"Biscotte Pasquier Blé sans sucre ajoutés - 300g","p":1.41,"u":"4,70 €/KG","img":"https://fd9-photos.leclercdrive.fr/image.ashx?id=2507952&use=l&cat=p&typeid=i","cat":284479},{"id":116031,"n":"Cabécou du Périgord Rians 140g","p":2.4,"u":"17,14 €/KG","img":"https://fd9-photos.leclercdrive.fr/image.ashx?id=2482255&use=l&cat=p&typeid=i","cat":314031},{"id":116096,"n":"Shampooing douche Petit Manava Fraise cerise - 250ml","p":1.35,"u":"5,40 €/L","img":"https://fd9-photos.leclercdrive.fr/image.ashx?id=1763207&use=l&cat=p&typeid=i","cat":284606},{"id":116170,"n":"Adoucissant concentré Hyperdou Fraîcheur x75 - 1.95L","p":3.65,"u":"1,87 €/L","img":"https://fd9-photos.leclercdrive.fr/image.ashx?id=2992546&use=l&cat=p&typeid=i","cat":284650},{"id":116224,"n":"Porto Tawny Cruz 18%vol - 75cl","p":7.43,"u":"9,91 €/L","img":"https://fd9-photos.leclercdrive.fr/image.ashx?id=2536373&use=l&cat=p&typeid=i","cat":284913},{"id":116236,"n":"Crème Cicalfate+ Avène Réparatrice protectrice - 100ml","p":11.98,"u":"119,80 €/L","img":"https://fd9-photos.leclercdrive.fr/image.ashx?id=2895843&use=l&cat=p&typeid=i","cat":290421},{"id":116239,"n":"Crème Cicalfate+ Avène Réparatrice protectrice - 40ml","p":7.59,"u":"189,75 €/L","img":"https://fd9-photos.leclercdrive.fr/image.ashx?id=2895229&use=l&cat=p&typeid=i","cat":290421},{"id":116321,"n":"Soupe liquide Liebig tomates  Et vermicelles - Brique 1L","p":2.08,"u":"2,08 €/L","img":"https://fd9-photos.leclercdrive.fr/image.ashx?id=2941481&use=l&cat=p&typeid=i","cat":284462},{"id":116387,"n":"Pâte à tartiner Poulain  Cacao noisette - 400g","p":2.98,"u":"7,45 €/KG","img":"https://fd9-photos.leclercdrive.fr/image.ashx?id=2806354&use=l&cat=p&typeid=i","cat":284481},{"id":116432,"n":"Parmentier de saumon Fleury Michon - 300g","p":2.95,"u":"9,83 €/KG","img":"https://fd9-photos.leclercdrive.fr/image.ashx?id=2662349&use=l&cat=p&typeid=i","cat":333665},{"id":116448,"n":"Huile lavante Dexyane Ducray 400ml","p":10.88,"u":"27,20 €/L","img":"https://fd9-photos.leclercdrive.fr/image.ashx?id=2338952&use=l&cat=p&typeid=i","cat":301591},{"id":116458,"n":"Crème émolliente Dexyane Ducray Anti-grattage - 200ml","p":13.89,"u":"69,45 €/L","img":"https://fd9-photos.leclercdrive.fr/image.ashx?id=2415984&use=l&cat=p&typeid=i","cat":290421},{"id":116493,"n":"Soin Effaclar La Roche Posay Duo  SPF30 - 40ml","p":14.97,"u":"374,25 €/L","img":"https://fd9-photos.leclercdrive.fr/image.ashx?id=2087002&use=l&cat=p&typeid=i","cat":291166},{"id":116520,"n":"Crème émolliente Ictyane Ducray Nutritive visage/corps - 200ml","p":11.17,"u":"55,85 €/L","img":"https://fd9-photos.leclercdrive.fr/image.ashx?id=2968883&use=l&cat=p&typeid=i","cat":290421},{"id":116521,"n":"Lait hydratant Ictyane Ducray Corps - 400ml","p":16.0,"u":"40,00 €/L","img":"https://fd9-photos.leclercdrive.fr/image.ashx?id=2756284&use=l&cat=p&typeid=i","cat":290421},{"id":116523,"n":"Crème hydratante teintée Avène Hydrance BB Riche SPF30 - 40ml","p":16.48,"u":"412,00 €/L","img":"https://fd9-photos.leclercdrive.fr/image.ashx?id=2968271&use=l&cat=p&typeid=i","cat":291171},{"id":116528,"n":"Soin puissant Liftactiv Vichy Re-tenseur anti-rides yeux-15ml","p":19.98,"img":"https://fd9-photos.leclercdrive.fr/image.ashx?id=1975619&use=l&cat=p&typeid=i","cat":291172},{"id":116532,"n":"Soin concentré La Roche-Posay Hydraphase intense yeux - 15ml","p":12.48,"u":"832,00 €/L","img":"https://fd9-photos.leclercdrive.fr/image.ashx?id=2086975&use=l&cat=p&typeid=i","cat":291172},{"id":116552,"n":"Soin hydratant quotidien Vichy Minéral 89 - 50ml","p":19.77,"u":"395,40 €/L","img":"https://fd9-photos.leclercdrive.fr/image.ashx?id=1975625&use=l&cat=p&typeid=i","cat":291171},{"id":116553,"n":"Soin rénovation La Roche-Posay Effaclar K  Peaux grasses -40ml","p":14.88,"u":"372,00 €/L","img":"https://fd9-photos.leclercdrive.fr/image.ashx?id=2165140&use=l&cat=p&typeid=i","cat":291166},{"id":116557,"n":"Mouche bébé Prohinel  x2 embouts jetables","p":8.25,"img":"https://fd9-photos.leclercdrive.fr/image.ashx?id=2918817&use=l&cat=p&typeid=i","cat":289435},{"id":116561,"n":"Déodorant bille Vichy Anti-transpirant 48H - 2x50ml","p":13.49,"u":"134,90 €/L","img":"https://fd9-photos.leclercdrive.fr/image.ashx?id=2352795&use=l&cat=p&typeid=i","cat":301593},{"id":116569,"n":"Huile lavante Xémose Uriage Apaisante - 1L","p":15.04,"u":"15,04 €/L","img":"https://fd9-photos.leclercdrive.fr/image.ashx?id=2967283&use=l&cat=p&typeid=i","cat":301591},{"id":116837,"n":"Rummikub Lettres Dès 16 ans","p":28.9,"img":"https://fd9-photos.leclercdrive.fr/image.ashx?id=2293246&use=l&cat=p&typeid=i","cat":334378},{"id":116850,"n":"Bac 70 pieces bleu les maxi Abrick - Dès 18 mois","p":18.9,"img":"https://fd9-photos.leclercdrive.fr/image.ashx?id=2955812&use=l&cat=p&typeid=i","cat":334379},{"id":116925,"n":"Compote Andros pomme poire x12+4 offerts - 1.6kg","p":3.07,"u":"1,92 €/KG","img":"https://fd9-photos.leclercdrive.fr/image.ashx?id=2769068&use=l&cat=p&typeid=i","cat":284416},{"id":116967,"n":"Carottes filière  Panier du Primeur - 1kg","p":1.49,"u":"1,49 €/KG","img":"https://fd9-photos.leclercdrive.fr/image.ashx?id=2920229&use=l&cat=p&typeid=i","cat":284352},{"id":116985,"n":"Parmesan Râpé Giovanni Ferrari  22 mois AOP - 60g","p":1.73,"u":"28,83 €/KG","img":"https://fd9-photos.leclercdrive.fr/image.ashx?id=3002297&use=l&cat=p&typeid=i","cat":314035},{"id":117015,"n":"Poupon Manon parle Dès 2 ans","p":12.9,"u":"Dont 0,10 € d'éco-part.","img":"https://fd9-photos.leclercdrive.fr/image.ashx?id=2251554&use=l&cat=p&typeid=i","cat":334379},{"id":117050,"n":"Jenga Dès 6 ans","p":12.98,"img":"https://fd9-photos.leclercdrive.fr/image.ashx?id=1846223&use=l&cat=p&typeid=i","cat":334378},{"id":117070,"n":"Enzo Turbo Dès 2 ans","p":16.9,"u":"Dont 0,22 € d'éco-part.","img":"https://fd9-photos.leclercdrive.fr/image.ashx?id=1848805&use=l&cat=p&typeid=i","cat":334382},{"id":117222,"n":"Lotion eau précieuse Pureté de la peau - 2x375ml","p":17.84,"u":"23,79 €/L","img":"https://fd9-photos.leclercdrive.fr/image.ashx?id=2057254&use=l&cat=p&typeid=i","cat":301587},{"id":117225,"n":"Sirop Moulin de Valdonne Grenadine - 70cl","p":3.0,"u":"4,29 €/L","img":"https://fd9-photos.leclercdrive.fr/image.ashx?id=2170610&use=l&cat=p&typeid=i","cat":295020},{"id":117248,"n":"Biscuits Gerblé Bio Amande cranberry - 132g","p":2.09,"u":"15,83 €/KG","img":"https://fd9-photos.leclercdrive.fr/image.ashx?id=2662868&use=l&cat=p&typeid=i","cat":318651},{"id":117252,"n":"Mouliné Régal Soupe Légumes d'autrefois - 1L","p":1.65,"u":"1,65 €/L","img":"https://fd9-photos.leclercdrive.fr/image.ashx?id=2607590&use=l&cat=p&typeid=i","cat":284462},{"id":117297,"n":"Haricots verts Notre Jardin Sans sel ajouté - 225g","p":0.88,"u":"3,91 €/KG","img":"https://fd9-photos.leclercdrive.fr/image.ashx?id=1886514&use=l&cat=p&typeid=i","cat":312606},{"id":117378,"n":"Petits pois d'aucy  Bio - 58cl","p":3.31,"u":"9,74 €/KG","img":"https://fd9-photos.leclercdrive.fr/image.ashx?id=2431545&use=l&cat=p&typeid=i","cat":312607},{"id":117404,"n":"La Poêlée Rustique Bonduelle 750g","p":3.47,"u":"4,63 €/KG","img":"https://fd9-photos.leclercdrive.fr/image.ashx?id=2910055&use=l&cat=p&typeid=i","cat":319823},{"id":117503,"n":"Bière ambrée Jenlain Boîte 50cl - 7.5% vol","p":1.84,"u":"3,68 €/L","img":"https://fd9-photos.leclercdrive.fr/image.ashx?id=2719189&use=l&cat=p&typeid=i","cat":334853},{"id":117570,"n":"Galettes de riz Tables du monde Sachet - 100g","p":2.25,"u":"22,50 €/KG","img":"https://fd9-photos.leclercdrive.fr/image.ashx?id=2920223&use=l&cat=p&typeid=i","cat":288992},{"id":117639,"n":"Bière blonde Heineken 50cl","p":1.12,"u":"2,24 €/L","img":"https://fd9-photos.leclercdrive.fr/image.ashx?id=3008116&use=l&cat=p&typeid=i","cat":334853},{"id":117705,"n":"Ras El Hanout Ducros Epices couscous - 38g","p":1.87,"u":"49,21 €/KG","img":"https://fd9-photos.leclercdrive.fr/image.ashx?id=2559490&use=l&cat=p&typeid=i","cat":298297},{"id":117731,"n":"Plateau 5 fromages NRT 900g","p":18.5,"u":"20,56 €/KG","img":"https://fd9-photos.leclercdrive.fr/image.ashx?id=1858655&use=l&cat=p&typeid=i","cat":327294},{"id":118210,"n":"Coquilles Saint-Jacques Tipiak à la Bretonne - 10x90g","p":16.3,"u":"18,11 €/KG","img":"https://fd9-photos.leclercdrive.fr/image.ashx?id=2614092&use=l&cat=p&typeid=i","cat":319775},{"id":118217,"n":"Mini coquilles Saint-Jacques  Tipiak x8 - 100g","p":3.75,"u":"37,50 €/KG","img":"https://fd9-photos.leclercdrive.fr/image.ashx?id=2484212&use=l&cat=p&typeid=i","cat":319775},{"id":118220,"n":"Mini croustillants Tipiak Saint Jacques - x10 - 120g","p":3.75,"u":"31,25 €/KG","img":"https://fd9-photos.leclercdrive.fr/image.ashx?id=2484209&use=l&cat=p&typeid=i","cat":319774},{"id":118226,"n":"Couronne d'Occitanie NRT Anis -175g","p":1.95,"u":"11,14 €/KG","img":"https://fd9-photos.leclercdrive.fr/image.ashx?id=2954163&use=l&cat=p&typeid=i","cat":284487},{"id":118408,"n":"Lait bébé en poudre Galliagest 1er âge 0-6 mois 820g","p":19.2,"u":"23,41 €/KG","img":"https://fd9-photos.leclercdrive.fr/image.ashx?id=2983054&use=l&cat=p&typeid=i","cat":284726},{"id":118412,"n":"Lait bébé en poudre Galliagest 2 âge 6-12 mois 820g","p":18.63,"u":"22,72 €/KG","img":"https://fd9-photos.leclercdrive.fr/image.ashx?id=2771666&use=l&cat=p&typeid=i","cat":284727},{"id":118442,"n":"Bonbons Tic Tac Menthe extra fraîche x100 - 49g","p":1.62,"u":"33,06 €/KG","img":"https://fd9-photos.leclercdrive.fr/image.ashx?id=2737243&use=l&cat=p&typeid=i","cat":304256},{"id":118536,"n":"Boules inox Eco+ x2","p":0.26,"u":"0,13 €/P","img":"https://fd9-photos.leclercdrive.fr/image.ashx?id=1862246&use=l&cat=p&typeid=i","cat":284667},{"id":118667,"n":"Sucre en poudre Canderel 250g","p":4.25,"u":"17,00 €/KG","img":"https://fd9-photos.leclercdrive.fr/image.ashx?id=2461466&use=l&cat=p&typeid=i","cat":324846},{"id":118820,"n":"Chocolats Ferrero Collection Assortiments x48 - 518g","p":15.98,"u":"30,85 €/KG","img":"https://fd9-photos.leclercdrive.fr/image.ashx?id=2940510&use=l&cat=p&typeid=i","cat":327595},{"id":119262,"n":"Sauce bolognaise Panzani 100% Pur Bœuf - 400G","p":2.1,"u":"5,25 €/KG","img":"https://fd9-photos.leclercdrive.fr/image.ashx?id=2984754&use=l&cat=p&typeid=i","cat":287599},{"id":119264,"n":"Sauce Bolognaise Panzani 100% Pur Bœuf - 650G","p":2.98,"u":"4,58 €/KG","img":"https://fd9-photos.leclercdrive.fr/image.ashx?id=2977933&use=l&cat=p&typeid=i","cat":287599},{"id":119267,"n":"Café moulu Plantation Noir intense - 3x250g","p":10.19,"u":"13,59 €/KG","img":"https://fd9-photos.leclercdrive.fr/image.ashx?id=2607587&use=l&cat=p&typeid=i","cat":284750},{"id":119271,"n":"Haricots rouge Notre Jardin 3x125g","p":1.91,"u":"5,09 €/KG","img":"https://fd9-photos.leclercdrive.fr/image.ashx?id=2988111&use=l&cat=p&typeid=i","cat":312606},{"id":119278,"n":"Queues de langouste crues chefs x3 - 500g","p":29.5,"u":"59,00 €/KG","img":"https://fd9-photos.leclercdrive.fr/image.ashx?id=2185298&use=l&cat=p&typeid=i","cat":319787},{"id":119427,"n":"Capsules Café Royal  Lungo - x36 - 190g","p":14.72,"u":"77,47 €/KG","img":"https://fd9-photos.leclercdrive.fr/image.ashx?id=2787809&use=l&cat=p&typeid=i","cat":284749},{"id":119432,"n":"Capsules Café Royal  Espresso - x36 - 190g","p":12.56,"u":"66,11 €/KG","img":"https://fd9-photos.leclercdrive.fr/image.ashx?id=2787815&use=l&cat=p&typeid=i","cat":284749},{"id":119556,"n":"Compotes Materne Coupelles  Pomme Châtaigne - 4x100g","p":1.84,"u":"4,60 €/KG","img":"https://fd9-photos.leclercdrive.fr/image.ashx?id=3007915&use=l&cat=p&typeid=i","cat":284508},{"id":119571,"n":"Douceur de Brebis vanille 4x100g - Le Petit Basque","p":2.72,"u":"6,80 €/KG","img":"https://fd9-photos.leclercdrive.fr/image.ashx?id=2248093&use=l&cat=p&typeid=i","cat":314998},{"id":119709,"n":"Fromage Persillée Saint Agur  125g","p":2.35,"u":"18,80 €/KG","img":"https://fd9-photos.leclercdrive.fr/image.ashx?id=2981515&use=l&cat=p&typeid=i","cat":314032},{"id":119797,"n":"Comté fromage bloc Les Croisés 200g","p":2.85,"u":"14,25 €/KG","img":"https://fd9-photos.leclercdrive.fr/image.ashx?id=2597327&use=l&cat=p&typeid=i","cat":314034},{"id":119893,"n":"Skyr Nature Délisse 450g","p":1.89,"u":"4,20 €/KG","img":"https://fd9-photos.leclercdrive.fr/image.ashx?id=2992549&use=l&cat=p&typeid=i","cat":315000},{"id":119913,"n":"Yaourt à boire Yop Yoplait Chocolat - 850g","p":1.74,"u":"2,05 €/KG","img":"https://fd9-photos.leclercdrive.fr/image.ashx?id=2855534&use=l&cat=p&typeid=i","cat":295246},{"id":119941,"n":"Fromage à Tartiner Tartare Ail et Fines Herbes 10P - 160g","p":2.07,"u":"12,94 €/KG","img":"https://fd9-photos.leclercdrive.fr/image.ashx?id=2867410&use=l&cat=p&typeid=i","cat":314029},{"id":119943,"n":"Soupe 10 légumes Liebig A la crème - x2 - 60cl","p":2.21,"u":"3,68 €/L","img":"https://fd9-photos.leclercdrive.fr/image.ashx?id=2892139&use=l&cat=p&typeid=i","cat":284462},{"id":119958,"n":"Filets de colin d'Alaska Meunière MSC x2 - 200g","p":2.99,"u":"14,95 €/KG","img":"https://fd9-photos.leclercdrive.fr/image.ashx?id=2652107&use=l&cat=p&typeid=i","cat":284344},{"id":119963,"n":"Pavés de saumon de Norvège ASC L'Atelier Poissonnerie x2 250g","p":5.99,"u":"23,96 €/KG","img":"https://fd9-photos.leclercdrive.fr/image.ashx?id=2340590&use=l&cat=p&typeid=i","cat":284342},{"id":119965,"n":"Pavés de saumon ASC Norvège L'Atelier Poissonnerie x4 -500g","p":11.49,"u":"22,98 €/KG","img":"https://fd9-photos.leclercdrive.fr/image.ashx?id=2349926&use=l&cat=p&typeid=i","cat":284342},{"id":120140,"n":"Kinder Surprise Père Noël - 36g","p":2.17,"u":"60,28 €/KG","img":"https://fd9-photos.leclercdrive.fr/image.ashx?id=1984789&use=l&cat=p&typeid=i","cat":327592},{"id":120224,"n":"Cristaux de soude Clair 500g","p":1.95,"u":"3,90 €/KG","img":"https://fd9-photos.leclercdrive.fr/image.ashx?id=1874057&use=l&cat=p&typeid=i","cat":325365},{"id":120227,"n":"Poulet rôti              1P","p":8.9,"img":"https://fd9-photos.leclercdrive.fr/image.ashx?id=1648983&use=l&cat=p&typeid=i","cat":284336},{"id":120233,"n":"Céréales cruesli Quaker Mélange de noix - 450g","p":2.74,"u":"6,09 €/KG","img":"https://fd9-photos.leclercdrive.fr/image.ashx?id=2212147&use=l&cat=p&typeid=i","cat":309512},{"id":120285,"n":"Tablette Excellence Lindt Chocolat noir framboise -2x100g","p":4.4,"u":"22,00 €/KG","img":"https://fd9-photos.leclercdrive.fr/image.ashx?id=2230890&use=l&cat=p&typeid=i","cat":284956},{"id":120331,"n":"Eau gazeuse minérale Salvetat Pauvre en sodium - 6x1,15L","p":3.0,"u":"0,43 €/L","img":"https://fd9-photos.leclercdrive.fr/image.ashx?id=2578693&use=l&cat=p&typeid=i","cat":284536},{"id":120335,"n":"Eau gazeuse aromatisée Salvetat citron - 1,15L","p":0.75,"u":"0,65 €/L","img":"https://fd9-photos.leclercdrive.fr/image.ashx?id=2279753&use=l&cat=p&typeid=i","cat":284536},{"id":120346,"n":"Mini gratins chorizo Côté Table 400g","p":3.79,"u":"9,48 €/KG","img":"https://fd9-photos.leclercdrive.fr/image.ashx?id=1873468&use=l&cat=p&typeid=i","cat":319802},{"id":120349,"n":"Purée 4 mois Bio Village Pomme Abricot bio - 4x100g","p":1.89,"u":"4,73 €/KG","img":"https://fd9-photos.leclercdrive.fr/image.ashx?id=2704690&use=l&cat=p&typeid=i","cat":312387},{"id":120488,"n":"Riz parfumé Comptoir du Grain Basmati -1kg","p":2.48,"u":"2,48 €/KG","img":"https://fd9-photos.leclercdrive.fr/image.ashx?id=2565622&use=l&cat=p&typeid=i","cat":284428},{"id":120492,"n":"Céréales fourrées P'tit Déli Chocolat noisette - 450g","p":2.19,"u":"4,87 €/KG","img":"https://fd9-photos.leclercdrive.fr/image.ashx?id=2529683&use=l&cat=p&typeid=i","cat":309513},{"id":120587,"n":"Friandise pour chat Dentalife Saumon - 40g","p":1.35,"u":"33,75 €/KG","img":"https://fd9-photos.leclercdrive.fr/image.ashx?id=2468638&use=l&cat=p&typeid=i","cat":285285},{"id":120679,"n":"Petits pots bébé P'TIT SOUPER Petits pois pâtes 12M+ - 2x200g","p":1.62,"u":"4,05 €/KG","img":"https://fd9-photos.leclercdrive.fr/image.ashx?id=2526517&use=l&cat=p&typeid=i","cat":312239},{"id":120681,"n":"Petits pots bébé P'TIT SOUPER Légumes Pâtes 8M+ - 2x200g","p":2.3,"u":"5,75 €/KG","img":"https://fd9-photos.leclercdrive.fr/image.ashx?id=2526520&use=l&cat=p&typeid=i","cat":312239},{"id":120683,"n":"Petits pots bébé P'TITE RECETTE Bœuf bourguignon 12M+ - 2x200g","p":2.22,"u":"5,55 €/KG","img":"https://fd9-photos.leclercdrive.fr/image.ashx?id=2525714&use=l&cat=p&typeid=i","cat":312237},{"id":120744,"n":"Barre de céréales Nature Valley Sweet & Salty cacahuète x5-150g","p":2.8,"u":"18,67 €/KG","img":"https://fd9-photos.leclercdrive.fr/image.ashx?id=2737711&use=l&cat=p&typeid=i","cat":285869},{"id":120797,"n":"Cubes de filets de poulet Volandrie - 450g","p":5.09,"u":"11,31 €/KG","img":"https://fd9-photos.leclercdrive.fr/image.ashx?id=2647901&use=l&cat=p&typeid=i","cat":284336},{"id":120798,"n":"Filet de poulet jaune Volandrie Extra tendre - 300g","p":3.8,"u":"12,67 €/KG","img":"https://fd9-photos.leclercdrive.fr/image.ashx?id=2425342&use=l&cat=p&typeid=i","cat":284336},{"id":120799,"n":"Filet de poulet jaune Volandrie 300g","p":3.69,"u":"12,30 €/KG","img":"https://fd9-photos.leclercdrive.fr/image.ashx?id=2647910&use=l&cat=p&typeid=i","cat":284336},{"id":120800,"n":"Filet de poulet blanc Volandrie Extra tendre - 300g","p":3.8,"u":"12,67 €/KG","img":"https://fd9-photos.leclercdrive.fr/image.ashx?id=2647904&use=l&cat=p&typeid=i","cat":284336},{"id":120801,"n":"Filets poulet blanc Volandrie 300g","p":3.69,"u":"12,30 €/KG","img":"https://fd9-photos.leclercdrive.fr/image.ashx?id=2647907&use=l&cat=p&typeid=i","cat":284336},{"id":120828,"n":"Poêle 24cm Easy Cook'n Clean Tous feux sauf induction","p":16.9,"img":"https://fd9-photos.leclercdrive.fr/image.ashx?id=2531856&use=l&cat=p&typeid=i","cat":298490},{"id":120859,"n":"Goms saveurs Lpqc 265g","p":2.15,"u":"8,11 €/KG","img":"https://fd9-photos.leclercdrive.fr/image.ashx?id=2844957&use=l&cat=p&typeid=i","cat":304250},{"id":120865,"n":"Poudre chocolatée NESQUIK Sticks  - 12x13.5g","p":2.73,"u":"16,85 €/KG","img":"https://fd9-photos.leclercdrive.fr/image.ashx?id=3005302&use=l&cat=p&typeid=i","cat":293235},{"id":120906,"n":"Crevette cuite 60/80 Equat ASC L'Atelier Poissonnerie - 500g","p":4.99,"u":"9,98 €/KG","img":"https://fd9-photos.leclercdrive.fr/image.ashx?id=2652116&use=l&cat=p&typeid=i","cat":284343},{"id":120940,"n":"Solution micellaire Bioderma ABCDerm H2O - 1L","p":9.98,"u":"9,98 €/L","img":"https://fd9-photos.leclercdrive.fr/image.ashx?id=2956514&use=l&cat=p&typeid=i","cat":290425},{"id":121096,"n":"Chocolat Peluche mix Kinder Ours - 133g","p":13.94,"u":"104,81 €/KG","img":"https://fd9-photos.leclercdrive.fr/image.ashx?id=1895392&use=l&cat=p&typeid=i","cat":327789},{"id":121097,"n":"Chocolat Peluche mix Kinder Mouton - 133g","p":13.94,"u":"104,81 €/KG","img":"https://fd9-photos.leclercdrive.fr/image.ashx?id=1895389&use=l&cat=p&typeid=i","cat":327789},{"id":121098,"n":"Chocolat Peluche mix Kinder Lapin - 133g","p":13.94,"u":"104,81 €/KG","img":"https://fd9-photos.leclercdrive.fr/image.ashx?id=1895386&use=l&cat=p&typeid=i","cat":327789},{"id":121101,"n":"Chocolat Peluche mix Kinder Flamant - 133g","p":13.94,"u":"104,81 €/KG","img":"https://fd9-photos.leclercdrive.fr/image.ashx?id=1895383&use=l&cat=p&typeid=i","cat":327789},{"id":121235,"n":"Pandoro beurre La Fornareta 750g","p":9.47,"u":"12,63 €/KG","img":"https://fd9-photos.leclercdrive.fr/image.ashx?id=1879780&use=l&cat=p&typeid=i","cat":289010},{"id":121265,"n":"Chocolat en poudre Poulain 1848 Boîte - 450g","p":4.38,"u":"9,73 €/KG","img":"https://fd9-photos.leclercdrive.fr/image.ashx?id=2867122&use=l&cat=p&typeid=i","cat":293235},{"id":121315,"n":"Haché Happy Family Charal 20x80g - 1,6kg","p":17.89,"u":"11,18 €/KG","img":"https://fd9-photos.leclercdrive.fr/image.ashx?id=2739776&use=l&cat=p&typeid=i","cat":319778},{"id":121356,"n":"Dentifrice Original Parodontax Complete protect - 75ml","p":4.95,"u":"66,00 €/L","img":"https://fd9-photos.leclercdrive.fr/image.ashx?id=2546749&use=l&cat=p&typeid=i","cat":284612},{"id":121391,"n":"Sauce tomate Lucien Georgelin Aux oignons et à l'ail - 300g","p":2.29,"u":"7,63 €/KG","img":"https://fd9-photos.leclercdrive.fr/image.ashx?id=2015663&use=l&cat=p&typeid=i","cat":287599},{"id":121393,"n":"Sauce tomate Lucien Georgelin  au basilic - 300g","p":2.35,"u":"7,83 €/KG","img":"https://fd9-photos.leclercdrive.fr/image.ashx?id=2015669&use=l&cat=p&typeid=i","cat":288384},{"id":121417,"n":"Couches écologiques Biolane Jumbo T3 - x52","p":17.05,"u":"0,33 €/P","img":"https://fd9-photos.leclercdrive.fr/image.ashx?id=2876521&use=l&cat=p&typeid=i","cat":284737},{"id":121418,"n":"Couches écologiques Biolane Jumbo T4 - x44","p":17.25,"u":"0,39 €/P","img":"https://fd9-photos.leclercdrive.fr/image.ashx?id=2876524&use=l&cat=p&typeid=i","cat":284737},{"id":121419,"n":"Couches écologiques Biolane Single T2 - x28","p":8.52,"u":"0,30 €/P","img":"https://fd9-photos.leclercdrive.fr/image.ashx?id=2876530&use=l&cat=p&typeid=i","cat":284737},{"id":121707,"n":"Sauce bolognaise pur boeuf Panzani - 200g","p":1.51,"u":"7,55 €/KG","img":"https://fd9-photos.leclercdrive.fr/image.ashx?id=2880682&use=l&cat=p&typeid=i","cat":287599},{"id":121708,"n":"Céréales fourrées P'tit Déli Chocolat noisette - 650g","p":3.08,"u":"4,74 €/KG","img":"https://fd9-photos.leclercdrive.fr/image.ashx?id=2529680&use=l&cat=p&typeid=i","cat":309513},{"id":122079,"n":"Savon noir liquide La Perdrix Huile de lin - 1L","p":3.04,"u":"3,04 €/L","img":"https://fd9-photos.leclercdrive.fr/image.ashx?id=1880780&use=l&cat=p&typeid=i","cat":284907},{"id":122221,"n":"Concentré Sodastream Pepsi - 440ml","p":5.99,"pp":4.99,"u":"11,34 €/L","img":"https://fd9-photos.leclercdrive.fr/image.ashx?id=2665532&use=l&cat=p&typeid=i","cat":295020},{"id":122222,"n":"Concentré Sodastream Pepsi Max- 440ml","p":5.99,"pp":4.99,"u":"11,34 €/L","img":"https://fd9-photos.leclercdrive.fr/image.ashx?id=2665535&use=l&cat=p&typeid=i","cat":295020},{"id":122223,"n":"Concentré Sodastream 7UP - 440ml","p":5.99,"pp":4.99,"u":"11,34 €/L","img":"https://fd9-photos.leclercdrive.fr/image.ashx?id=2814211&use=l&cat=p&typeid=i","cat":295020},{"id":122224,"n":"Concentré Sodastream 7UP Free - 440ml","p":5.99,"pp":4.99,"u":"11,34 €/L","img":"https://fd9-photos.leclercdrive.fr/image.ashx?id=2665822&use=l&cat=p&typeid=i","cat":295020},{"id":122403,"n":"Patate douce bio Bio Village 500g","p":2.49,"u":"4,98 €/KG","img":"https://fd9-photos.leclercdrive.fr/image.ashx?id=2934805&use=l&cat=p&typeid=i","cat":284352},{"id":122420,"n":"Skyr Siggi's  Vanille - 2x140g","p":2.05,"u":"7,32 €/KG","img":"https://fd9-photos.leclercdrive.fr/image.ashx?id=2646119&use=l&cat=p&typeid=i","cat":315000},{"id":122528,"n":"Skyr Siggi's  Framboise - 2x140g","p":2.05,"u":"7,32 €/KG","img":"https://fd9-photos.leclercdrive.fr/image.ashx?id=2692095&use=l&cat=p&typeid=i","cat":315000},{"id":122529,"n":"Skyr Siggi's  Myrtille - 2x140g","p":2.05,"u":"7,32 €/KG","img":"https://fd9-photos.leclercdrive.fr/image.ashx?id=2692098&use=l&cat=p&typeid=i","cat":315000},{"id":122640,"n":"Fish & chips Colin d'Alaska 800 g","p":9.9,"u":"12,38 €/KG","img":"https://fd9-photos.leclercdrive.fr/image.ashx?id=2187187&use=l&cat=p&typeid=i","cat":319788},{"id":122790,"n":"Chips Tuiles Pringles Hot Spicy - 175g","p":1.68,"u":"9,60 €/KG","img":"https://fd9-photos.leclercdrive.fr/image.ashx?id=2902295&use=l&cat=p&typeid=i","cat":287899},{"id":122792,"n":"Chips Tuiles Pringles Crème et Oignon - 175g","p":1.66,"u":"9,49 €/KG","img":"https://fd9-photos.leclercdrive.fr/image.ashx?id=2902292&use=l&cat=p&typeid=i","cat":287899},{"id":122810,"n":"Kakis Panier du Primeur Barquette 1kg","p":2.99,"u":"2,99 €/KG","img":"https://fd9-photos.leclercdrive.fr/image.ashx?id=2402798&use=l&cat=p&typeid=i","cat":284356},{"id":122825,"n":"Sauce au poivre Rustica 245g","p":1.19,"u":"4,86 €/KG","img":"https://fd9-photos.leclercdrive.fr/image.ashx?id=2558829&use=l&cat=p&typeid=i","cat":318431},{"id":122895,"n":"Chips Tuiles Pringles Original - 175g","p":1.65,"u":"9,43 €/KG","img":"https://fd9-photos.leclercdrive.fr/image.ashx?id=2902298&use=l&cat=p&typeid=i","cat":287899},{"id":122912,"n":"Shampoing Déjaunisseur Dessange Cheveux Blancs et Gris - 250ml","p":3.02,"u":"12,08 €/L","img":"https://fd9-photos.leclercdrive.fr/image.ashx?id=2308054&use=l&cat=p&typeid=i","cat":284606},{"id":122973,"n":"Jambon de Paris Tradilège Découenné - 2 tranches - 80g","p":1.2,"u":"15,00 €/KG","img":"https://fd9-photos.leclercdrive.fr/image.ashx?id=2994384&use=l&cat=p&typeid=i","cat":316009},{"id":122993,"n":"Quenelles de brochet Forestière Petit Jean - 2+1offert","p":4.1,"u":"3,42 €/KG","img":"https://fd9-photos.leclercdrive.fr/image.ashx?id=2953869&use=l&cat=p&typeid=i","cat":284441},{"id":123029,"n":"Poisson pané Colin Findus Extra croustillant - x2 250g","p":2.7,"u":"10,80 €/KG","img":"https://fd9-photos.leclercdrive.fr/image.ashx?id=3014548&use=l&cat=p&typeid=i","cat":319788},{"id":123062,"n":"Jambon de Paris Tradilège A l'étouffé - 160g","p":1.69,"u":"10,56 €/KG","img":"https://fd9-photos.leclercdrive.fr/image.ashx?id=2951143&use=l&cat=p&typeid=i","cat":316009},{"id":123063,"n":"Jambon de Paris Tradilège Découenné dégraissé x6 - 240g","p":2.39,"u":"9,96 €/KG","img":"https://fd9-photos.leclercdrive.fr/image.ashx?id=2951146&use=l&cat=p&typeid=i","cat":316009},{"id":123067,"n":"Jambon de Paris Tradilège Découenné dégraissé x10 - 400g","p":3.85,"u":"9,63 €/KG","img":"https://fd9-photos.leclercdrive.fr/image.ashx?id=2930787&use=l&cat=p&typeid=i","cat":316009},{"id":123071,"n":"Jambon de Paris Tradilège -25% de sel - 6 tranches - 210g","p":2.49,"u":"11,86 €/KG","img":"https://fd9-photos.leclercdrive.fr/image.ashx?id=2208612&use=l&cat=p&typeid=i","cat":316009},{"id":123103,"n":"Jambon supérieur Tradilège Sans couenne x8 - 320g","p":4.29,"u":"13,41 €/KG","img":"https://fd9-photos.leclercdrive.fr/image.ashx?id=2943692&use=l&cat=p&typeid=i","cat":316009},{"id":123105,"n":"Jambon supérieur Tradilège Avec couenne 4 tranches - 160g","p":2.04,"u":"12,75 €/KG","img":"https://fd9-photos.leclercdrive.fr/image.ashx?id=2925756&use=l&cat=p&typeid=i","cat":316009},{"id":123121,"n":"Oeufs Marque rèpere De Nos Régions - x20","p":4.29,"u":"0,21 €/P","img":"https://fd9-photos.leclercdrive.fr/image.ashx?id=2969809&use=l&cat=p&typeid=i","cat":284378},{"id":123358,"n":"Cordon bleu Marie 2x280g","p":6.75,"u":"12,05 €/KG","img":"https://fd9-photos.leclercdrive.fr/image.ashx?id=2331807&use=l&cat=p&typeid=i","cat":333665},{"id":123360,"n":"Pétales Tables du Monde A la crevette ASC - 50g","p":0.65,"u":"13,00 €/KG","img":"https://fd9-photos.leclercdrive.fr/image.ashx?id=2920220&use=l&cat=p&typeid=i","cat":288992},{"id":123386,"n":"Vin d'Union Européenne blanc François D'Aubigné - 6x25 cl","p":3.49,"u":"2,33 €/L","img":"https://fd9-photos.leclercdrive.fr/image.ashx?id=2591382&use=l&cat=p&typeid=i","cat":289557},{"id":123393,"n":"Bière sans alcool Tourtel Twist Agrume 0,0° - 6x27,5cl","p":4.27,"u":"2,59 €/L","img":"https://fd9-photos.leclercdrive.fr/image.ashx?id=2730736&use=l&cat=p&typeid=i","cat":334877},{"id":123397,"n":"Bière sans alcool Tourtel Twist Framboise 0,0° - 6x27,5cl","p":4.02,"u":"2,44 €/L","img":"https://fd9-photos.leclercdrive.fr/image.ashx?id=2886705&use=l&cat=p&typeid=i","cat":334877},{"id":123407,"n":"Bière sans alcool Tourtel Twist Citron 0,0° - 6x27,5cl","p":3.85,"u":"2,33 €/L","img":"https://fd9-photos.leclercdrive.fr/image.ashx?id=2886702&use=l&cat=p&typeid=i","cat":334877},{"id":123416,"n":"Soda Coca-Cola Original Bouteille - Pack 6x1,75L","p":13.92,"u":"1,33 €/L","img":"https://fd9-photos.leclercdrive.fr/image.ashx?id=2878333&use=l&cat=p&typeid=i","cat":284530},{"id":123418,"n":"Bière blonde Leffe sans alcool 0,0% - 6x25cl","p":4.49,"u":"2,99 €/L","img":"https://fd9-photos.leclercdrive.fr/image.ashx?id=2548303&use=l&cat=p&typeid=i","cat":334877},{"id":123422,"n":"Soda Coca-Cola Sans Sucres Bouteille - 1,75L","p":1.69,"pp":1.12,"u":"0,64 €/L","img":"https://fd9-photos.leclercdrive.fr/image.ashx?id=2971748&use=l&cat=p&typeid=i","cat":284530},{"id":123436,"n":"Boisson fruit shoot Teisseire Tropical - 6x20cl","p":2.66,"u":"2,22 €/L","img":"https://fd9-photos.leclercdrive.fr/image.ashx?id=2858204&use=l&cat=p&typeid=i","cat":295018},{"id":123437,"n":"Boisson Fruit shoot Teisseire Multivamine - 6x20cl","p":2.68,"u":"2,23 €/L","img":"https://fd9-photos.leclercdrive.fr/image.ashx?id=2858201&use=l&cat=p&typeid=i","cat":295018},{"id":123448,"n":"Biscuits cacao Kinder Cards Au lait et au cacao 2x5 - 128g","p":3.5,"u":"13,67 €/KG","img":"https://fd9-photos.leclercdrive.fr/image.ashx?id=2672608&use=l&cat=p&typeid=i","cat":284488},{"id":123486,"n":"Pâtes Coquillage Panzani Créatives - 500G","p":1.39,"u":"2,78 €/KG","img":"https://fd9-photos.leclercdrive.fr/image.ashx?id=2902939&use=l&cat=p&typeid=i","cat":284427},{"id":123491,"n":"Crêpe fourrée Whaou Chocolat - x8 - 256g","p":1.94,"u":"7,58 €/KG","img":"https://fd9-photos.leclercdrive.fr/image.ashx?id=2962863&use=l&cat=p&typeid=i","cat":284494},{"id":123492,"n":"Crêpes Whaou! Chocolat x15 - 480g","p":3.42,"u":"7,13 €/KG","img":"https://fd9-photos.leclercdrive.fr/image.ashx?id=2986449&use=l&cat=p&typeid=i","cat":284494},{"id":123503,"n":"Yaourt fjord fromage blanc Nature - 4x125g","p":1.89,"u":"3,78 €/KG","img":"https://fd9-photos.leclercdrive.fr/image.ashx?id=2956993&use=l&cat=p&typeid=i","cat":284409},{"id":123504,"n":"Yaourt fjord fromage blanc Nature - 8x125g","p":3.31,"u":"3,31 €/KG","img":"https://fd9-photos.leclercdrive.fr/image.ashx?id=2653222&use=l&cat=p&typeid=i","cat":284409},{"id":123540,"n":"Eau minérale naturelle Volvic 6x50cl","p":2.06,"u":"0,69 €/L","img":"https://fd9-photos.leclercdrive.fr/image.ashx?id=2730247&use=l&cat=p&typeid=i","cat":284535},{"id":123541,"n":"Eau minérale naturelle Evian  12x33cl","p":4.49,"u":"1,13 €/L","img":"https://fd9-photos.leclercdrive.fr/image.ashx?id=2973556&use=l&cat=p&typeid=i","cat":284535},{"id":123545,"n":"Quiche lorraine Marie Pur beurre - 400g","p":3.34,"u":"8,35 €/KG","img":"https://fd9-photos.leclercdrive.fr/image.ashx?id=2318546&use=l&cat=p&typeid=i","cat":333680},{"id":123550,"n":"Yaourt aux fruits brassés Velouté fruix Danone - 16x125g","p":4.32,"u":"2,16 €/KG","img":"https://fd9-photos.leclercdrive.fr/image.ashx?id=2912923&use=l&cat=p&typeid=i","cat":284410},{"id":123551,"n":"Yaourt aux fruits brassés Velouté fruix Danone - 12x125g","p":3.9,"u":"2,60 €/KG","img":"https://fd9-photos.leclercdrive.fr/image.ashx?id=2912929&use=l&cat=p&typeid=i","cat":284410},{"id":123552,"n":"Yaourt fruits rouges brassés Velouté fruix Danone - 8x125g","p":2.63,"u":"2,63 €/KG","img":"https://fd9-photos.leclercdrive.fr/image.ashx?id=2912932&use=l&cat=p&typeid=i","cat":284410},{"id":123553,"n":"Yaourt aux fruits velouté fruix Danone brassé fraise - 4x125g","p":1.9,"u":"3,80 €/KG","img":"https://fd9-photos.leclercdrive.fr/image.ashx?id=2911855&use=l&cat=p&typeid=i","cat":284410},{"id":123555,"n":"Yaourt fruits jaunes brassés Velouté fruix Danone - 8x125g","p":2.7,"u":"2,70 €/KG","img":"https://fd9-photos.leclercdrive.fr/image.ashx?id=2912926&use=l&cat=p&typeid=i","cat":284410},{"id":123693,"n":"Pâtes Eco+ Vermicelles - 1kg","p":1.34,"u":"1,34 €/KG","img":"https://fd9-photos.leclercdrive.fr/image.ashx?id=2535247&use=l&cat=p&typeid=i","cat":284427},{"id":123710,"n":"Tomato Ketchup Zéro Heinz sans sucre ni sel - 425g","p":2.59,"u":"6,09 €/KG","img":"https://fd9-photos.leclercdrive.fr/image.ashx?id=2927723&use=l&cat=p&typeid=i","cat":284455},{"id":123841,"n":"Sardines sans arêtes au citron Connétable - 140g","p":2.78,"u":"19,86 €/KG","img":"https://fd9-photos.leclercdrive.fr/image.ashx?id=2677333&use=l&cat=p&typeid=i","cat":305146},{"id":123864,"n":"Crème Pieds Anti-Crevasses Talons 24h - 60 ml","p":4.47,"u":"74,50 €/L","img":"https://fd9-photos.leclercdrive.fr/image.ashx?id=2980878&use=l&cat=p&typeid=i","cat":325354},{"id":123924,"n":"Barres choco caram biscuit 348g","p":1.97,"u":"5,66 €/KG","img":"https://fd9-photos.leclercdrive.fr/image.ashx?id=2739721&use=l&cat=p&typeid=i","cat":284498},{"id":123960,"n":"Bière sans alcool Desperados Virgin - Agrumes 3x33cl","p":3.91,"u":"3,95 €/L","img":"https://fd9-photos.leclercdrive.fr/image.ashx?id=2977966&use=l&cat=p&typeid=i","cat":334877},{"id":124035,"n":"Jus de raisin ABC Eco+ 1L","p":0.98,"u":"0,98 €/L","img":"https://fd9-photos.leclercdrive.fr/image.ashx?id=2594407&use=l&cat=p&typeid=i","cat":284915},{"id":124052,"n":"Nouilles de riz Table du monde 250g","p":1.99,"u":"7,96 €/KG","img":"https://fd9-photos.leclercdrive.fr/image.ashx?id=2679780&use=l&cat=p&typeid=i","cat":288992},{"id":124271,"n":"Morceaux de thon Eco+ A l'huile de tournesol - 130g","p":1.33,"u":"10,23 €/KG","img":"https://fd9-photos.leclercdrive.fr/image.ashx?id=2476089&use=l&cat=p&typeid=i","cat":303867},{"id":124272,"n":"Thon nature entier Saupiquet MSC - 140g","p":2.59,"u":"18,50 €/KG","img":"https://fd9-photos.leclercdrive.fr/image.ashx?id=2731540&use=l&cat=p&typeid=i","cat":303867},{"id":124478,"n":"IGP Méditérranée rosé Les Calandières - 75cl","p":3.81,"u":"5,08 €/L","img":"https://fd9-photos.leclercdrive.fr/image.ashx?id=2996608&use=l&cat=p&typeid=i","cat":289558},{"id":124584,"n":"Brosse à dents Inava Parodontie - 1 pièce","p":3.99,"img":"https://fd9-photos.leclercdrive.fr/image.ashx?id=2377715&use=l&cat=p&typeid=i","cat":290417},{"id":124594,"n":"Capsules Nescafé Dolce Gusto Espresso - x16","p":4.32,"u":"49,09 €/KG","img":"https://fd9-photos.leclercdrive.fr/image.ashx?id=2952025&use=l&cat=p&typeid=i","cat":293239},{"id":124595,"n":"Nutella Biscuit pâte à tartiner Cacao Noisettes - 166g","p":1.83,"u":"11,02 €/KG","img":"https://fd9-photos.leclercdrive.fr/image.ashx?id=2922200&use=l&cat=p&typeid=i","cat":284488},{"id":124617,"n":"Chocolat Peluche mix Kinder Kangourou - 133g","p":13.94,"u":"104,81 €/KG","img":"https://fd9-photos.leclercdrive.fr/image.ashx?id=1899696&use=l&cat=p&typeid=i","cat":327789},{"id":124618,"n":"Chocolat Peluche mix Kinder Jaguar  - 133g","p":13.94,"u":"104,81 €/KG","img":"https://fd9-photos.leclercdrive.fr/image.ashx?id=1899699&use=l&cat=p&typeid=i","cat":327789},{"id":124646,"n":"Bouchées à garnir Les 3 Toques x6 - 159g","p":1.29,"u":"8,11 €/KG","img":"https://fd9-photos.leclercdrive.fr/image.ashx?id=2007938&use=l&cat=p&typeid=i","cat":284441},{"id":124694,"n":"Saucisson Mini Justin Bridou  Bâton de Berger nature - 160g","p":3.08,"u":"19,25 €/KG","img":"https://fd9-photos.leclercdrive.fr/image.ashx?id=2921786&use=l&cat=p&typeid=i","cat":316006},{"id":124723,"n":"Champignon Bonduelle Emincé - 3x115g","p":2.74,"u":"7,94 €/KG","img":"https://fd9-photos.leclercdrive.fr/image.ashx?id=2913121&use=l&cat=p&typeid=i","cat":312610},{"id":124744,"n":"Gratte éponge Spontex x3","p":2.4,"u":"0,80 €/P","img":"https://fd9-photos.leclercdrive.fr/image.ashx?id=2973084&use=l&cat=p&typeid=i","cat":284667},{"id":124787,"n":"Shampooing sec Batiste Volume - 200ml","p":4.45,"u":"22,25 €/L","img":"https://fd9-photos.leclercdrive.fr/image.ashx?id=2557979&use=l&cat=p&typeid=i","cat":289143},{"id":124788,"n":"Crème Solaire Spray Nivea Sun FPS 50+ Bébé et Enfant - 200ml","p":8.61,"u":"43,05 €/L","img":"https://fd9-photos.leclercdrive.fr/image.ashx?id=3005224&use=l&cat=p&typeid=i","cat":325355},{"id":124791,"n":"Serviette Nana Maxi goodnight - x12","p":1.94,"u":"0,16 €/P","img":"https://fd9-photos.leclercdrive.fr/image.ashx?id=2806402&use=l&cat=p&typeid=i","cat":284624},{"id":124901,"n":"Pâte à tartiner Nutella 630g","p":4.74,"u":"7,52 €/KG","img":"https://fd9-photos.leclercdrive.fr/image.ashx?id=2968841&use=l&cat=p&typeid=i","cat":284481},{"id":124902,"n":"Eponges végétales Eco+ x2","p":0.46,"u":"0,23 €/P","img":"https://fd9-photos.leclercdrive.fr/image.ashx?id=2770242&use=l&cat=p&typeid=i","cat":284667},{"id":124905,"n":"Sacs poubelle coulissants Eco+ 30 l - x20","p":1.23,"u":"0,06 €/P","img":"https://fd9-photos.leclercdrive.fr/image.ashx?id=1901701&use=l&cat=p&typeid=i","cat":285168},{"id":124906,"n":"Sacs poubelle Eco+ 50L Coulissants - x25","p":2.22,"u":"0,09 €/P","img":"https://fd9-photos.leclercdrive.fr/image.ashx?id=1916286&use=l&cat=p&typeid=i","cat":285168},{"id":124909,"n":"Culotte Enuresie Mots d'Enfants 4-7 ans -17-30 kg - x15","p":9.49,"u":"0,63 €/P","img":"https://fd9-photos.leclercdrive.fr/image.ashx?id=2900169&use=l&cat=p&typeid=i","cat":290633},{"id":124910,"n":"Culotte Enuresie Mots d'enfants 8/15 ans -27/57 kg- x12","p":9.29,"u":"0,77 €/P","img":"https://fd9-photos.leclercdrive.fr/image.ashx?id=1949975&use=l&cat=p&typeid=i","cat":290633},{"id":124912,"n":"Insecticide Insectivor Anti-acariens puce- 400ml","p":4.99,"u":"12,48 €/L","img":"https://fd9-photos.leclercdrive.fr/image.ashx?id=2805051&use=l&cat=p&typeid=i","cat":298368},{"id":124917,"n":"Vinaigrette Tête Noire Moutarde de Dijon / miel - 55cl","p":3.03,"u":"5,51 €/L","img":"https://fd9-photos.leclercdrive.fr/image.ashx?id=2851719&use=l&cat=p&typeid=i","cat":284456},{"id":124919,"n":"Chips Bret's sel et vinaigre 2x125g + 1 offert","p":2.2,"u":"5,87 €/KG","img":"https://fd9-photos.leclercdrive.fr/image.ashx?id=1904453&use=l&cat=p&typeid=i","cat":284447},{"id":124936,"n":"Serviettes hygiéniques Eco+ Normales Ultra minces - x14","p":0.51,"u":"0,04 €/P","img":"https://fd9-photos.leclercdrive.fr/image.ashx?id=2177517&use=l&cat=p&typeid=i","cat":284624},{"id":124957,"n":"Serviettes hygiéniques Eco+ Normales - x20","p":0.7,"u":"0,04 €/P","img":"https://fd9-photos.leclercdrive.fr/image.ashx?id=2923381&use=l&cat=p&typeid=i","cat":284624},{"id":125216,"n":"Cacahuètes Eco+ Grillées à sec - 150g","p":0.46,"u":"3,07 €/KG","img":"https://fd9-photos.leclercdrive.fr/image.ashx?id=1944228&use=l&cat=p&typeid=i","cat":284448},{"id":125217,"n":"Soufflés Eco+ Goût fromage - 100g","p":0.54,"u":"5,40 €/KG","img":"https://fd9-photos.leclercdrive.fr/image.ashx?id=2887392&use=l&cat=p&typeid=i","cat":284449},{"id":125218,"n":"Cacahuètes Eco  Grillées et salées - 250g","p":0.7,"u":"2,80 €/KG","img":"https://fd9-photos.leclercdrive.fr/image.ashx?id=1946078&use=l&cat=p&typeid=i","cat":284448},{"id":125222,"n":"Assortiment biscuit Eco+ Soufflé - 125g","p":0.87,"u":"6,96 €/KG","img":"https://fd9-photos.leclercdrive.fr/image.ashx?id=2283972&use=l&cat=p&typeid=i","cat":284449},{"id":125223,"n":"Pistaches grillées à sec Eco+ 200g","p":2.58,"u":"12,90 €/KG","img":"https://fd9-photos.leclercdrive.fr/image.ashx?id=2746784&use=l&cat=p&typeid=i","cat":284448},{"id":125224,"n":"Pop corn Eco+ Salé - 100g","p":0.97,"u":"9,70 €/KG","img":"https://fd9-photos.leclercdrive.fr/image.ashx?id=1953636&use=l&cat=p&typeid=i","cat":304249},{"id":125227,"n":"Mini cookies P'tit Déli 160g","p":1.49,"u":"9,31 €/KG","img":"https://fd9-photos.leclercdrive.fr/image.ashx?id=2932426&use=l&cat=p&typeid=i","cat":325066},{"id":125238,"n":"Cookies P'tit Déli Chocolat noisette - 200g","p":1.69,"u":"8,45 €/KG","img":"https://fd9-photos.leclercdrive.fr/image.ashx?id=1943253&use=l&cat=p&typeid=i","cat":325066},{"id":125328,"n":"Ketchup Rustica Nature - 560g","p":1.25,"u":"2,23 €/KG","img":"https://fd9-photos.leclercdrive.fr/image.ashx?id=2870050&use=l&cat=p&typeid=i","cat":284455},{"id":125339,"n":"Eponge gratounett Spontex 4+2 gratuit","p":3.47,"u":"0,58 €/P","img":"https://fd9-photos.leclercdrive.fr/image.ashx?id=1904252&use=l&cat=p&typeid=i","cat":284667},{"id":125383,"n":"Comté fromage râpé Les Croisés 130g","p":1.95,"u":"15,00 €/KG","img":"https://fd9-photos.leclercdrive.fr/image.ashx?id=2897820&use=l&cat=p&typeid=i","cat":314035},{"id":125572,"n":"Yaourt bifidus Activia Citron - 12x125g","p":3.94,"u":"2,63 €/KG","img":"https://fd9-photos.leclercdrive.fr/image.ashx?id=2741805&use=l&cat=p&typeid=i","cat":315000},{"id":125916,"n":"Fromages frais Pat'Patrouille Yoplait goûts fruits - 24x50g","p":3.35,"u":"2,79 €/KG","img":"https://fd9-photos.leclercdrive.fr/image.ashx?id=2733688&use=l&cat=p&typeid=i","cat":284414},{"id":125958,"n":"Chips Bret's Saveur vinaigre - 125g","p":1.19,"u":"9,52 €/KG","img":"https://fd9-photos.leclercdrive.fr/image.ashx?id=1925081&use=l&cat=p&typeid=i","cat":284447},{"id":126007,"n":"Caresse antillaise banane-passion- 1L","p":3.3,"pp":2.31,"u":"2,31 €/L","img":"https://fd9-photos.leclercdrive.fr/image.ashx?id=1908631&use=l&cat=p&typeid=i","cat":284916},{"id":126178,"n":"Riz long thaï Eco+ 1kg","p":1.61,"u":"1,61 €/KG","img":"https://fd9-photos.leclercdrive.fr/image.ashx?id=2643363&use=l&cat=p&typeid=i","cat":284428},{"id":126186,"n":"Riz rond Eco+ 1kg","p":1.77,"u":"1,77 €/KG","img":"https://fd9-photos.leclercdrive.fr/image.ashx?id=2704594&use=l&cat=p&typeid=i","cat":284428},{"id":126206,"n":"Galettes La mère poulard Grande - beurre - 135g","p":1.33,"u":"9,85 €/KG","img":"https://fd9-photos.leclercdrive.fr/image.ashx?id=2905465&use=l&cat=p&typeid=i","cat":284487},{"id":126310,"n":"Crème dépilatoire Pure Veet Corps Peaux normales 200ml","p":4.45,"u":"22,25 €/L","img":"https://fd9-photos.leclercdrive.fr/image.ashx?id=3014437&use=l&cat=p&typeid=i","cat":325351},{"id":126314,"n":"Crème dépilatoire Pure Veet Corps Peaux sensibles 200ml","p":4.23,"u":"21,15 €/L","img":"https://fd9-photos.leclercdrive.fr/image.ashx?id=2965692&use=l&cat=p&typeid=i","cat":325351},{"id":126421,"n":"Biscuits Figolu LU Figue - 192g","p":1.42,"u":"7,40 €/KG","img":"https://fd9-photos.leclercdrive.fr/image.ashx?id=2967950&use=l&cat=p&typeid=i","cat":284489},{"id":126422,"n":"Dinosaurus Lotus Chocolat au lait - 2x225g","p":4.06,"u":"9,02 €/KG","img":"https://fd9-photos.leclercdrive.fr/image.ashx?id=2694992&use=l&cat=p&typeid=i","cat":284488},{"id":126424,"n":"Biscuits Sprits sablés Delacre Chocolat au lait - 200g","p":1.73,"u":"8,65 €/KG","img":"https://fd9-photos.leclercdrive.fr/image.ashx?id=2855873&use=l&cat=p&typeid=i","cat":284488},{"id":126430,"n":"Dosettes café Senseo Milka x8","p":2.93,"u":"26,16 €/KG","img":"https://fd9-photos.leclercdrive.fr/image.ashx?id=2127012&use=l&cat=p&typeid=i","cat":293238},{"id":126478,"n":"Morceaux Thon PETIT NAVIRE 160g Nature Démarche Responsable","p":1.89,"u":"16,88 €/KG","img":"https://fd9-photos.leclercdrive.fr/image.ashx?id=2549453&use=l&cat=p&typeid=i","cat":303867},{"id":126519,"n":"Bloc WC Bref Color Activ+  Marine toilettes - 50g x1","p":1.8,"u":"360,00 €/KG","img":"https://fd9-photos.leclercdrive.fr/image.ashx?id=2890112&use=l&cat=p&typeid=i","cat":284662},{"id":126541,"n":"Clémentines Eco+ Filet 1kg","p":1.9,"u":"1,90 €/KG","img":"https://fd9-photos.leclercdrive.fr/image.ashx?id=2607987&use=l&cat=p&typeid=i","cat":284356},{"id":126555,"n":"Noix de coco 1p","p":1.85,"img":"https://fd9-photos.leclercdrive.fr/image.ashx?id=1629549&use=l&cat=p&typeid=i","cat":284356},{"id":126570,"n":"Soda Sprite Original  Bouteille  - 1.25L","p":1.24,"u":"0,99 €/L","img":"https://fd9-photos.leclercdrive.fr/image.ashx?id=2796989&use=l&cat=p&typeid=i","cat":284531},{"id":126571,"n":"Gaufres de Liège Lotus 315g","p":1.72,"u":"5,46 €/KG","img":"https://fd9-photos.leclercdrive.fr/image.ashx?id=2694995&use=l&cat=p&typeid=i","cat":294777},{"id":126583,"n":"Kiwi vert Eco+ Barquette 1kg","p":3.99,"u":"3,99 €/KG","img":"https://fd9-photos.leclercdrive.fr/image.ashx?id=2922373&use=l&cat=p&typeid=i","cat":284356},{"id":126589,"n":"Endives Eco+ Sachet 500g","p":1.49,"u":"2,98 €/KG","img":"https://fd9-photos.leclercdrive.fr/image.ashx?id=2922917&use=l&cat=p&typeid=i","cat":284352},{"id":126591,"n":"Echalotes Eco+ Filet 500g","p":1.19,"u":"2,38 €/KG","img":"https://fd9-photos.leclercdrive.fr/image.ashx?id=2777946&use=l&cat=p&typeid=i","cat":284352},{"id":126643,"n":"Gaufres de liège Lotus Chocolat - 363g","p":3.01,"u":"8,29 €/KG","img":"https://fd9-photos.leclercdrive.fr/image.ashx?id=2859824&use=l&cat=p&typeid=i","cat":294777},{"id":126646,"n":"Gaufres de liège Lotus Chocolat au lait - 363g","p":3.37,"u":"9,28 €/KG","img":"https://fd9-photos.leclercdrive.fr/image.ashx?id=2859827&use=l&cat=p&typeid=i","cat":294777},{"id":126658,"n":"Poisson pané Colin Alaska  Findus MSC herbes ail x2 - 225g","p":3.03,"u":"13,47 €/KG","img":"https://fd9-photos.leclercdrive.fr/image.ashx?id=2650699&use=l&cat=p&typeid=i","cat":319788},{"id":126659,"n":"Fromage fondu Eco+ 24 portions - 400g","p":2.45,"u":"6,13 €/KG","img":"https://fd9-photos.leclercdrive.fr/image.ashx?id=2415746&use=l&cat=p&typeid=i","cat":314030},{"id":126907,"n":"Pesto verde Garofalo 175g","p":2.49,"u":"14,23 €/KG","img":"https://fd9-photos.leclercdrive.fr/image.ashx?id=2884651&use=l&cat=p&typeid=i","cat":287599},{"id":126908,"n":"IGP Pesto rosso Garofalo 175g","p":2.49,"u":"14,23 €/KG","img":"https://fd9-photos.leclercdrive.fr/image.ashx?id=2884654&use=l&cat=p&typeid=i","cat":287599},{"id":126914,"n":"Lorina limonade artisanale 6x20cl","p":4.85,"u":"4,04 €/L","img":"https://fd9-photos.leclercdrive.fr/image.ashx?id=2735140&use=l&cat=p&typeid=i","cat":284531},{"id":126960,"n":"Cheeseburgers Côté Croc x6 - 780g","p":6.28,"u":"8,05 €/KG","img":"https://fd9-photos.leclercdrive.fr/image.ashx?id=2077373&use=l&cat=p&typeid=i","cat":319822},{"id":127021,"n":"Chou blanc 1p","p":1.19,"img":"https://fd9-photos.leclercdrive.fr/image.ashx?id=560849&use=l&cat=p&typeid=i","cat":284352},{"id":127027,"n":"Bouchées Feuilletées 3 Toques x12 - 318g","p":2.49,"u":"7,83 €/KG","img":"https://fd9-photos.leclercdrive.fr/image.ashx?id=1913859&use=l&cat=p&typeid=i","cat":284441},{"id":127430,"n":"Céréales fourrées P'tit Déli Chocolat au lait - 450g","p":2.58,"u":"5,73 €/KG","img":"https://fd9-photos.leclercdrive.fr/image.ashx?id=2297497&use=l&cat=p&typeid=i","cat":309513},{"id":127432,"n":"Vol-au-Vent Gourmet beurre - x4 - 160g","p":3.89,"u":"24,31 €/KG","img":"https://fd9-photos.leclercdrive.fr/image.ashx?id=1915524&use=l&cat=p&typeid=i","cat":284441},{"id":127556,"n":"Litière chats Tranquille Cristale charbon actif - 4L","p":5.99,"u":"1,50 €/L","img":"https://fd9-photos.leclercdrive.fr/image.ashx?id=2421874&use=l&cat=p&typeid=i","cat":284683},{"id":128155,"n":"Classeur Oxford school A5 Orange","p":3.19,"img":"https://fd9-photos.leclercdrive.fr/image.ashx?id=1932153&use=l&cat=p&typeid=i","cat":284745},{"id":128156,"n":"Classeur Oxford school A5 Bleu","p":3.19,"img":"https://fd9-photos.leclercdrive.fr/image.ashx?id=1932156&use=l&cat=p&typeid=i","cat":284745},{"id":128157,"n":"Classeur Oxford school A5 Vert","p":3.19,"img":"https://fd9-photos.leclercdrive.fr/image.ashx?id=1932159&use=l&cat=p&typeid=i","cat":284745},{"id":128230,"n":"Ardoise blanche Maped Bleu","p":2.99,"img":"https://fd9-photos.leclercdrive.fr/image.ashx?id=1922485&use=l&cat=p&typeid=i","cat":334133},{"id":128237,"n":"Compas balustre precision Maped Rose","p":7.93,"img":"https://fd9-photos.leclercdrive.fr/image.ashx?id=1925576&use=l&cat=p&typeid=i","cat":334133},{"id":128429,"n":"Paire de ciseaux zenoafit Maped Bleu","p":4.99,"img":"https://fd9-photos.leclercdrive.fr/image.ashx?id=1925645&use=l&cat=p&typeid=i","cat":334133},{"id":128430,"n":"Paire de ciseaux zenoafit Maped Gris","p":4.99,"img":"https://fd9-photos.leclercdrive.fr/image.ashx?id=1925648&use=l&cat=p&typeid=i","cat":334133},{"id":128826,"n":"Boisson a base de vin Don Simon Sangria blanche 1,5L","p":2.64,"u":"1,76 €/L","img":"https://fd9-photos.leclercdrive.fr/image.ashx?id=1918577&use=l&cat=p&typeid=i","cat":304569},{"id":128865,"n":"Répare toile Ultra Résistant 25m x 48 mm - 1 pièce","p":7.9,"img":"https://fd9-photos.leclercdrive.fr/image.ashx?id=2431755&use=l&cat=p&typeid=i","cat":300576},{"id":128870,"n":"Fixation double face blanc 1.5 m x 19 mm - 1 pièce","p":3.79,"img":"https://fd9-photos.leclercdrive.fr/image.ashx?id=2365291&use=l&cat=p&typeid=i","cat":300576},{"id":128947,"n":"AOP Fronton vin rosé 2019 Grande réserve du comte - 75cl","p":4.75,"pp":3.32,"u":"4,43 €/L","img":"https://fd9-photos.leclercdrive.fr/image.ashx?id=2106292&use=l&cat=p&typeid=i","cat":289558},{"id":128976,"n":"Sucre poudre Daddy 750g","p":1.69,"u":"2,25 €/KG","img":"https://fd9-photos.leclercdrive.fr/image.ashx?id=2944699&use=l&cat=p&typeid=i","cat":284502},{"id":129002,"n":"Crème douche Atoderm Bioderma Ultra-nourissante - 1L","p":11.49,"u":"11,49 €/L","img":"https://fd9-photos.leclercdrive.fr/image.ashx?id=2981205&use=l&cat=p&typeid=i","cat":301591},{"id":129054,"n":"Haricots verts Bio Village Bio - 185g","p":2.1,"u":"11,35 €/KG","img":"https://fd9-photos.leclercdrive.fr/image.ashx?id=3002698&use=l&cat=p&typeid=i","cat":312606},{"id":129055,"n":"Double concentré bio BioVillage Tomates - 200g","p":1.45,"u":"7,25 €/KG","img":"https://fd9-photos.leclercdrive.fr/image.ashx?id=1993227&use=l&cat=p&typeid=i","cat":288384},{"id":129123,"n":"Gel Lubrifiant Perfect Gliss Durex Longue Durée 100ml","p":7.95,"u":"79,50 €/L","img":"https://fd9-photos.leclercdrive.fr/image.ashx?id=2960693&use=l&cat=p&typeid=i","cat":285160},{"id":129162,"n":"Boisson énergisante Monster Mango Loco - 50cl","p":1.73,"u":"3,46 €/L","img":"https://fd9-photos.leclercdrive.fr/image.ashx?id=2433443&use=l&cat=p&typeid=i","cat":284533},{"id":129235,"n":"Soda Coca-Cola sans sucres Bouteille - 6x1.75L","p":10.14,"u":"0,97 €/L","img":"https://fd9-photos.leclercdrive.fr/image.ashx?id=2878330&use=l&cat=p&typeid=i","cat":284530},{"id":129278,"n":"Ultracourte coton bio Tissaia gris noir blanc 35/37 -lot de 3","p":3.95,"u":"1,32 €/P","img":"https://fd9-photos.leclercdrive.fr/image.ashx?id=849676&use=l&cat=p&typeid=i","cat":334130},{"id":129285,"n":"Ultracourtes  coton bio Tissaia Blanc - 35/37  x3","p":3.95,"u":"1,32 €/P","img":"https://fd9-photos.leclercdrive.fr/image.ashx?id=850155&use=l&cat=p&typeid=i","cat":334130},{"id":129287,"n":"Ultracourtes  coton bio Tissaia Blanc - 38/41  x3","p":3.95,"u":"1,32 €/P","img":"https://fd9-photos.leclercdrive.fr/image.ashx?id=850155&use=l&cat=p&typeid=i","cat":334130},{"id":129288,"n":"Ultracourte coton bio Tissaia Noire 35/37 - x3","p":3.95,"u":"1,32 €/P","img":"https://fd9-photos.leclercdrive.fr/image.ashx?id=805719&use=l&cat=p&typeid=i","cat":334130},{"id":129289,"n":"Ultracourte coton bio Tissaia Noire 38/41 - x3","p":3.95,"u":"1,32 €/P","img":"https://fd9-photos.leclercdrive.fr/image.ashx?id=805719&use=l&cat=p&typeid=i","cat":334130},{"id":129290,"n":"Ultracourte coton bio Tissaia gris noir blanc 38/41- lot de 3","p":3.95,"u":"1,32 €/P","img":"https://fd9-photos.leclercdrive.fr/image.ashx?id=849676&use=l&cat=p&typeid=i","cat":334130},{"id":129560,"n":"Filets cabillaud MSC 800g","p":11.98,"u":"14,98 €/KG","img":"https://fd9-photos.leclercdrive.fr/image.ashx?id=1983986&use=l&cat=p&typeid=i","cat":319786},{"id":129602,"n":"Lait demi-écrémé Grandlait Candia Bouteille - 6x25cl","p":4.29,"u":"2,86 €/L","img":"https://fd9-photos.leclercdrive.fr/image.ashx?id=2916189&use=l&cat=p&typeid=i","cat":284377},{"id":129802,"n":"Café dosettes Tassimo Columbus Lungo x14","p":5.68,"u":"63,11 €/KG","img":"https://fd9-photos.leclercdrive.fr/image.ashx?id=2154833&use=l&cat=p&typeid=i","cat":293240},{"id":129807,"n":"Biscuits Biarritz Delacre Noix de coco et Chocolat - 175g","p":3.09,"u":"17,66 €/KG","img":"https://fd9-photos.leclercdrive.fr/image.ashx?id=2867963&use=l&cat=p&typeid=i","cat":284490},{"id":129958,"n":"IGP Méditerrannée rosé Saint Sagnol 13% vol - 3L","p":12.2,"u":"4,07 €/L","img":"https://fd9-photos.leclercdrive.fr/image.ashx?id=2445106&use=l&cat=p&typeid=i","cat":289558},{"id":130357,"n":"Lait Sans Lactose Candia  Bouteille 1%MG - 6x1L","p":9.66,"u":"1,61 €/L","img":"https://fd9-photos.leclercdrive.fr/image.ashx?id=2481357&use=l&cat=p&typeid=i","cat":317169},{"id":130461,"n":"Bière blonde sans alcool 1664 0,0° - 6x25cl","p":3.78,"u":"2,52 €/L","img":"https://fd9-photos.leclercdrive.fr/image.ashx?id=2120656&use=l&cat=p&typeid=i","cat":334877},{"id":130594,"n":"Classeur Esquisse Bleu - pour fiches bristol","p":1.69,"img":"https://fd9-photos.leclercdrive.fr/image.ashx?id=1936752&use=l&cat=p&typeid=i","cat":284745},{"id":130595,"n":"Classeur Esquisse Rouge - pour fiches bristol","p":1.69,"img":"https://fd9-photos.leclercdrive.fr/image.ashx?id=1936755&use=l&cat=p&typeid=i","cat":284745},{"id":130597,"n":"Classeur Esquisse Blanc - pour fiches bristol","p":1.69,"img":"https://fd9-photos.leclercdrive.fr/image.ashx?id=1936758&use=l&cat=p&typeid=i","cat":284745},{"id":130598,"n":"Classeur Esquisse Noir - pour fiches bristol","p":1.69,"img":"https://fd9-photos.leclercdrive.fr/image.ashx?id=1936761&use=l&cat=p&typeid=i","cat":284745},{"id":130714,"n":"IGP Quart Serrano Tranché 160g","p":3.75,"pp":1.2,"u":"7,50 €/KG","img":"https://fd9-photos.leclercdrive.fr/image.ashx?id=1942190&use=l&cat=p&typeid=i","cat":316007},{"id":130717,"n":"Spaghetti courts Lustucru 3 min - 500g","p":1.35,"u":"2,70 €/KG","img":"https://fd9-photos.leclercdrive.fr/image.ashx?id=2023167&use=l&cat=p&typeid=i","cat":284427},{"id":130744,"n":"Nouilles aux oeufs Suzi Wan 250g","p":1.69,"u":"6,76 €/KG","img":"https://fd9-photos.leclercdrive.fr/image.ashx?id=2892928&use=l&cat=p&typeid=i","cat":288992},{"id":130752,"n":"Maquereau Petit Navire 175g Vin blanc et aromates - 175g","p":2.09,"u":"11,94 €/KG","img":"https://fd9-photos.leclercdrive.fr/image.ashx?id=2989063&use=l&cat=p&typeid=i","cat":303868},{"id":130755,"n":"Maquereau Moutarde PETIT NAVIRE Moutarde sans arome ajouté 169g","p":1.91,"u":"11,30 €/KG","img":"https://fd9-photos.leclercdrive.fr/image.ashx?id=2989060&use=l&cat=p&typeid=i","cat":303868},{"id":130776,"n":"Confiture  Bonne Maman Fraise framboise intenses 335g","p":2.47,"u":"7,37 €/KG","img":"https://fd9-photos.leclercdrive.fr/image.ashx?id=2396378&use=l&cat=p&typeid=i","cat":284480},{"id":130786,"n":"Crème de marron Roger Descours 500g","p":2.83,"u":"5,66 €/KG","img":"https://fd9-photos.leclercdrive.fr/image.ashx?id=1989159&use=l&cat=p&typeid=i","cat":284481},{"id":130788,"n":"Tablette chocolat au lait Eco+ Ménage - 5x100g","p":3.49,"u":"6,98 €/KG","img":"https://fd9-photos.leclercdrive.fr/image.ashx?id=2607891&use=l&cat=p&typeid=i","cat":284497},{"id":130789,"n":"Préparation Gâteau alsa Moelleux Nature - 435g","p":2.19,"u":"5,03 €/KG","img":"https://fd9-photos.leclercdrive.fr/image.ashx?id=2996431&use=l&cat=p&typeid=i","cat":284505},{"id":130790,"n":"Préparation Gâteau alsa Moelleux Chocolat - 435g","p":2.19,"u":"5,03 €/KG","img":"https://fd9-photos.leclercdrive.fr/image.ashx?id=2996434&use=l&cat=p&typeid=i","cat":284505},{"id":130792,"n":"Préparation Gâteau alsa Moelleux Citron - 435g","p":2.23,"u":"5,13 €/KG","img":"https://fd9-photos.leclercdrive.fr/image.ashx?id=2961864&use=l&cat=p&typeid=i","cat":284505},{"id":130804,"n":"Préparation Gâteau alsa Fondant au Chocolat - 435g","p":2.66,"u":"8,31 €/KG","img":"https://fd9-photos.leclercdrive.fr/image.ashx?id=2996437&use=l&cat=p&typeid=i","cat":284505},{"id":130811,"n":"Brosse à Dents Signal Système Blancheur Medium x1","p":2.63,"img":"https://fd9-photos.leclercdrive.fr/image.ashx?id=2832539&use=l&cat=p&typeid=i","cat":284614},{"id":130812,"n":"Brosse à Dents Signal Ultra Access Medium x1","p":3.22,"img":"https://fd9-photos.leclercdrive.fr/image.ashx?id=3009263&use=l&cat=p&typeid=i","cat":284614},{"id":130816,"n":"Dentifrice Zendium Protection complète - 75ml","p":2.7,"img":"https://fd9-photos.leclercdrive.fr/image.ashx?id=2927711&use=l&cat=p&typeid=i","cat":284612},{"id":130857,"n":"Truite fumée de france Ovive 100g","p":3.26,"u":"32,60 €/KG","img":"https://fd9-photos.leclercdrive.fr/image.ashx?id=2902061&use=l&cat=p&typeid=i","cat":285188},{"id":130918,"n":"Lait bébé poudre Guigoz Evolia  2ème âge - 6-12 mois - 800g","p":14.32,"u":"17,90 €/KG","img":"https://fd9-photos.leclercdrive.fr/image.ashx?id=2737111&use=l&cat=p&typeid=i","cat":284727},{"id":130919,"n":"Cereales Bio nuit Modilac 4mois 250g","p":5.6,"u":"22,40 €/KG","img":"https://fd9-photos.leclercdrive.fr/image.ashx?id=2766006&use=l&cat=p&typeid=i","cat":312225},{"id":131388,"n":"Capsules Starbucks by Nespresso  Colombia Int 7 - x10","p":3.28,"u":"57,54 €/KG","img":"https://fd9-photos.leclercdrive.fr/image.ashx?id=2868152&use=l&cat=p&typeid=i","cat":284749},{"id":131390,"n":"Capsules Starbucks by Nespresso  House Blend Int 8 - x10","p":3.28,"u":"57,54 €/KG","img":"https://fd9-photos.leclercdrive.fr/image.ashx?id=2868143&use=l&cat=p&typeid=i","cat":284749},{"id":131424,"n":"Capsules Starbucks by Nespresso  Blonde Espresso Int 6 - x10","p":3.28,"u":"61,89 €/KG","img":"https://fd9-photos.leclercdrive.fr/image.ashx?id=2868146&use=l&cat=p&typeid=i","cat":284749},{"id":131431,"n":"Café Capsules by DOLCE GUSTO Starbucks Caramel Macchiato 2x6","p":4.39,"u":"34,57 €/KG","img":"https://fd9-photos.leclercdrive.fr/image.ashx?id=2966785&use=l&cat=p&typeid=i","cat":293239},{"id":131777,"n":"Ananas en morceaux Eco+ Sirop léger - 340 g","p":1.01,"u":"2,81 €/KG","img":"https://fd9-photos.leclercdrive.fr/image.ashx?id=2313172&use=l&cat=p&typeid=i","cat":284507},{"id":131784,"n":"Barres céréales Eco+ Choco/banane - 125g","p":0.71,"u":"5,68 €/KG","img":"https://fd9-photos.leclercdrive.fr/image.ashx?id=2003329&use=l&cat=p&typeid=i","cat":285869},{"id":131788,"n":"Barres céréales Eco+ Pomme/abricot - 125g","p":0.69,"u":"5,52 €/KG","img":"https://fd9-photos.leclercdrive.fr/image.ashx?id=2967652&use=l&cat=p&typeid=i","cat":285869},{"id":131790,"n":"Barres céréales Eco+ Chocolat & cacahuètes x6 - 126g","p":0.71,"u":"5,63 €/KG","img":"https://fd9-photos.leclercdrive.fr/image.ashx?id=1942533&use=l&cat=p&typeid=i","cat":285869},{"id":131794,"n":"Betteraves rouges 3x130g","p":1.79,"u":"4,59 €/KG","img":"https://fd9-photos.leclercdrive.fr/image.ashx?id=2537848&use=l&cat=p&typeid=i","cat":312611},{"id":131806,"n":"Céréales fourrées P'tit Déli Chocolat au lait - 450g","p":2.45,"u":"5,44 €/KG","img":"https://fd9-photos.leclercdrive.fr/image.ashx?id=2297494&use=l&cat=p&typeid=i","cat":309513},{"id":131809,"n":"Chocolat noir dégustation 100g","p":1.0,"u":"10,00 €/KG","img":"https://fd9-photos.leclercdrive.fr/image.ashx?id=2611928&use=l&cat=p&typeid=i","cat":284956},{"id":131811,"n":"Chicorée café Eco+ Soluble - 200g","p":2.06,"u":"10,30 €/KG","img":"https://fd9-photos.leclercdrive.fr/image.ashx?id=1942518&use=l&cat=p&typeid=i","cat":284843},{"id":131814,"n":"Confiture Eco+ Fraise - 1kg","p":2.3,"u":"2,30 €/KG","img":"https://fd9-photos.leclercdrive.fr/image.ashx?id=2953197&use=l&cat=p&typeid=i","cat":284480},{"id":131816,"n":"Couscous boulettes volaille 1050g","p":3.1,"u":"2,95 €/KG","img":"https://fd9-photos.leclercdrive.fr/image.ashx?id=2476918&use=l&cat=p&typeid=i","cat":325094},{"id":131821,"n":"Croissants Eco+ x10 - 400g","p":1.47,"u":"3,68 €/KG","img":"https://fd9-photos.leclercdrive.fr/image.ashx?id=2922914&use=l&cat=p&typeid=i","cat":296366},{"id":131822,"n":"Delicioso format familial x10 - 350g","p":2.54,"u":"7,26 €/KG","img":"https://fd9-photos.leclercdrive.fr/image.ashx?id=1942584&use=l&cat=p&typeid=i","cat":284495},{"id":131823,"n":"Gratin dauphinois 850g","p":1.35,"u":"1,59 €/KG","img":"https://fd9-photos.leclercdrive.fr/image.ashx?id=2841747&use=l&cat=p&typeid=i","cat":284441},{"id":131825,"n":"Mais croquant Eco+ 3x140g","p":1.68,"u":"4,00 €/KG","img":"https://fd9-photos.leclercdrive.fr/image.ashx?id=2874675&use=l&cat=p&typeid=i","cat":312611},{"id":131826,"n":"Miettes thon à la tomate Eco + 160g","p":0.77,"u":"4,81 €/KG","img":"https://fd9-photos.leclercdrive.fr/image.ashx?id=2076631&use=l&cat=p&typeid=i","cat":303867},{"id":131829,"n":"Noix de Muscade Ducros 18g","p":2.78,"u":"154,44 €/KG","img":"https://fd9-photos.leclercdrive.fr/image.ashx?id=2559466&use=l&cat=p&typeid=i","cat":298297},{"id":131831,"n":"Pâté de campagne Eco+ 3x78g","p":1.31,"u":"5,60 €/KG","img":"https://fd9-photos.leclercdrive.fr/image.ashx?id=2342719&use=l&cat=p&typeid=i","cat":305149},{"id":131832,"n":"Olives vertes dénoyautées 490g","p":2.52,"u":"5,14 €/KG","img":"https://fd9-photos.leclercdrive.fr/image.ashx?id=1942575&use=l&cat=p&typeid=i","cat":284458},{"id":131833,"n":"Olives vertes réduite en sel Dénoyautées - 160g","p":1.69,"u":"10,56 €/KG","img":"https://fd9-photos.leclercdrive.fr/image.ashx?id=1942587&use=l&cat=p&typeid=i","cat":284458},{"id":131834,"n":"Pain de mie Epi d'Or Extra moelleux - 500g","p":0.99,"u":"1,98 €/KG","img":"https://fd9-photos.leclercdrive.fr/image.ashx?id=2860781&use=l&cat=p&typeid=i","cat":284477},{"id":131836,"n":"Pêches demi-fruits Eco+ Sirop léger - 465 g","p":1.4,"u":"3,01 €/KG","img":"https://fd9-photos.leclercdrive.fr/image.ashx?id=2486775&use=l&cat=p&typeid=i","cat":284507},{"id":131853,"n":"Potage tomate vermicelle Eco + 66g","p":0.79,"u":"11,97 €/KG","img":"https://fd9-photos.leclercdrive.fr/image.ashx?id=2674017&use=l&cat=p&typeid=i","cat":284463},{"id":131855,"n":"Saucisses fumées lentilles 840g","p":1.75,"u":"2,08 €/KG","img":"https://fd9-photos.leclercdrive.fr/image.ashx?id=2518532&use=l&cat=p&typeid=i","cat":312609},{"id":132005,"n":"Verrines Hénaff Camp./Lapin/P.Hénaff - 3x180g","p":6.49,"u":"12,02 €/KG","img":"https://fd9-photos.leclercdrive.fr/image.ashx?id=2407628&use=l&cat=p&typeid=i","cat":305149},{"id":132067,"n":"Mayonnaise Rustica 830g","p":3.59,"u":"4,33 €/KG","img":"https://fd9-photos.leclercdrive.fr/image.ashx?id=2994827&use=l&cat=p&typeid=i","cat":298295},{"id":132086,"n":"Paupiette de porc  x12 - 1.56kg","p":16.5,"u":"10,58 €/KG","img":"https://fd9-photos.leclercdrive.fr/image.ashx?id=1955441&use=l&cat=p&typeid=i","cat":284331},{"id":132087,"n":"Fromage de Brebis Les Croisés - Tranche - 100g","p":1.29,"u":"12,90 €/KG","img":"https://fd9-photos.leclercdrive.fr/image.ashx?id=2655716&use=l&cat=p&typeid=i","cat":314031},{"id":132088,"n":"Sauce Barilla Tomates Cuisinées - 400g","p":1.65,"u":"4,13 €/KG","img":"https://fd9-photos.leclercdrive.fr/image.ashx?id=2832527&use=l&cat=p&typeid=i","cat":287599},{"id":132156,"n":"Râpé Emmental Entremont 300g + 34% offert","p":3.34,"u":"8,31 €/KG","img":"https://fd9-photos.leclercdrive.fr/image.ashx?id=2962197&use=l&cat=p&typeid=i","cat":314035},{"id":132234,"n":"Flocons d'avoine Grainea 500g","p":0.84,"u":"1,68 €/KG","img":"https://fd9-photos.leclercdrive.fr/image.ashx?id=2595948&use=l&cat=p&typeid=i","cat":309512},{"id":132243,"n":"Lessive liquide couleur Epsil 25 lavages - 1.25L","p":2.54,"u":"2,03 €/L","img":"https://fd9-photos.leclercdrive.fr/image.ashx?id=2450083&use=l&cat=p&typeid=i","cat":284640},{"id":132285,"n":"Feta grecque AOP Les Croisés - Tranche - 150g","p":1.84,"u":"12,27 €/KG","img":"https://fd9-photos.leclercdrive.fr/image.ashx?id=2210750&use=l&cat=p&typeid=i","cat":314026},{"id":132289,"n":"Café moulu L'Or Décaféiné 100% Arabica - 250g","p":4.48,"u":"17,92 €/KG","img":"https://fd9-photos.leclercdrive.fr/image.ashx?id=1947006&use=l&cat=p&typeid=i","cat":284750},{"id":132290,"n":"Huile d'Olive Carapelli Extra Vierge Classico - 75cl","p":10.19,"u":"13,59 €/L","img":"https://fd9-photos.leclercdrive.fr/image.ashx?id=2737480&use=l&cat=p&typeid=i","cat":284453},{"id":132330,"n":"Ail semoule Eco + 54g","p":0.79,"u":"14,63 €/KG","img":"https://fd9-photos.leclercdrive.fr/image.ashx?id=2717249&use=l&cat=p&typeid=i","cat":298297},{"id":132342,"n":"Tablette de chocolat Eco+ Blanc - 4x100g","p":3.67,"u":"9,18 €/KG","img":"https://fd9-photos.leclercdrive.fr/image.ashx?id=2987464&use=l&cat=p&typeid=i","cat":284957},{"id":132368,"n":"Repas bébé Blédichef 15 mois Pâtes sauce tomate jambon -250g","p":1.89,"u":"7,56 €/KG","img":"https://fd9-photos.leclercdrive.fr/image.ashx?id=2643743&use=l&cat=p&typeid=i","cat":312238},{"id":132369,"n":"Repas bébé Blédichef 24 mois  Pâtes légumes cabillaud - 250g","p":1.95,"u":"7,80 €/KG","img":"https://fd9-photos.leclercdrive.fr/image.ashx?id=2644725&use=l&cat=p&typeid=i","cat":312238},{"id":132392,"n":"Gratte éponge Spontex Longue durée - x3","p":2.02,"u":"0,67 €/P","img":"https://fd9-photos.leclercdrive.fr/image.ashx?id=2973072&use=l&cat=p&typeid=i","cat":284667},{"id":132393,"n":"Lait croissance Guigoz Optipro En poudre - dès 18 mois - 900g","p":10.05,"u":"11,17 €/KG","img":"https://fd9-photos.leclercdrive.fr/image.ashx?id=2517589&use=l&cat=p&typeid=i","cat":290219},{"id":132585,"n":"Skyr Yoplait  Nature 0%Mg - 4x100g","p":2.01,"u":"5,03 €/KG","img":"https://fd9-photos.leclercdrive.fr/image.ashx?id=2884435&use=l&cat=p&typeid=i","cat":315000},{"id":132601,"n":"Fan of Pik Haribo  Sachet bonbons acidulés - 200g","p":1.85,"u":"9,25 €/KG","img":"https://fd9-photos.leclercdrive.fr/image.ashx?id=2789766&use=l&cat=p&typeid=i","cat":304250},{"id":132613,"n":"Café dosettes Tassimo L'Or XL Intense x16","p":5.5,"u":"40,44 €/KG","img":"https://fd9-photos.leclercdrive.fr/image.ashx?id=1949081&use=l&cat=p&typeid=i","cat":293240},{"id":132641,"n":"Mini batonnets Trium Vanille - x8 - 288g","p":2.78,"u":"9,65 €/KG","img":"https://fd9-photos.leclercdrive.fr/image.ashx?id=1948131&use=l&cat=p&typeid=i","cat":284265},{"id":132644,"n":"Huile Cadum Bébé  Huile Merveilleuse - 100ml","p":3.0,"u":"30,00 €/L","img":"https://fd9-photos.leclercdrive.fr/image.ashx?id=2518352&use=l&cat=p&typeid=i","cat":284741},{"id":132793,"n":"Rôti de veau farci Tendriade 770g","p":11.38,"u":"14,78 €/KG","img":"https://fd9-photos.leclercdrive.fr/image.ashx?id=2848923&use=l&cat=p&typeid=i","cat":284329},{"id":132796,"n":"Haché moelleux Eco+ 500g","p":4.49,"u":"8,98 €/KG","img":"https://fd9-photos.leclercdrive.fr/image.ashx?id=2930606&use=l&cat=p&typeid=i","cat":284332},{"id":132811,"n":"Skyr Yoplait  Sur Lit Myrtilles 0%MG - 4x100G","p":2.3,"u":"5,75 €/KG","img":"https://fd9-photos.leclercdrive.fr/image.ashx?id=2884441&use=l&cat=p&typeid=i","cat":315000},{"id":133039,"n":"Lessive liquide noir Epsil 25 Lavages - 1.25L","p":2.54,"u":"2,03 €/L","img":"https://fd9-photos.leclercdrive.fr/image.ashx?id=2450086&use=l&cat=p&typeid=i","cat":284640},{"id":133044,"n":"Lessive laine & soie Epsil 25 lavages - 1.25L","p":2.54,"u":"2,03 €/L","img":"https://fd9-photos.leclercdrive.fr/image.ashx?id=2450089&use=l&cat=p&typeid=i","cat":284640},{"id":133102,"n":"Tapis de bain chenille Tissaia Gris - 50x80 cm","p":6.9,"img":"https://fd9-photos.leclercdrive.fr/image.ashx?id=2083981&use=l&cat=p&typeid=i","cat":286694},{"id":133115,"n":"Sauce Mayomix Heinz Mix mayonnaise & ketchup - 425g","p":2.6,"u":"6,12 €/KG","img":"https://fd9-photos.leclercdrive.fr/image.ashx?id=2926936&use=l&cat=p&typeid=i","cat":318431},{"id":133121,"n":"Poisson Pané Colin Alaska Findus Céréales graines - 250g","p":3.05,"u":"12,20 €/KG","img":"https://fd9-photos.leclercdrive.fr/image.ashx?id=3008764&use=l&cat=p&typeid=i","cat":319788},{"id":133173,"n":"IGP Pays d'Oc blanc Ormes De Cambras Sauvignon 12% 75cl","p":3.02,"u":"4,03 €/L","img":"https://fd9-photos.leclercdrive.fr/image.ashx?id=2105155&use=l&cat=p&typeid=i","cat":289557},{"id":133179,"n":"Yaourt protéiné Hipro Vanille 0%mg - 2x160g","p":2.01,"u":"6,28 €/KG","img":"https://fd9-photos.leclercdrive.fr/image.ashx?id=2807414&use=l&cat=p&typeid=i","cat":315000},{"id":133180,"n":"Yaourt bifidus Activia céréales Muesli quinoa noisette - 8x120g","p":4.7,"u":"4,90 €/KG","img":"https://fd9-photos.leclercdrive.fr/image.ashx?id=2861981&use=l&cat=p&typeid=i","cat":315000},{"id":133236,"n":"Shampooing Anasphase Ducray complément anti chute - 400ml","p":13.48,"u":"33,70 €/L","img":"https://fd9-photos.leclercdrive.fr/image.ashx?id=2960861&use=l&cat=p&typeid=i","cat":290400},{"id":133258,"n":"Margarine St Hubert Doux - 500g","p":3.64,"u":"7,28 €/KG","img":"https://fd9-photos.leclercdrive.fr/image.ashx?id=2393686&use=l&cat=p&typeid=i","cat":315229},{"id":133387,"n":"Pain surgras A-Derma 2x100g","p":8.77,"u":"43,85 €/KG","img":"https://fd9-photos.leclercdrive.fr/image.ashx?id=2008793&use=l&cat=p&typeid=i","cat":301591},{"id":133426,"n":"Capsules Nescafé Dolce Gusto Marrakech Tea - x16","p":4.32,"u":"52,05 €/KG","img":"https://fd9-photos.leclercdrive.fr/image.ashx?id=2467510&use=l&cat=p&typeid=i","cat":293239},{"id":133448,"n":"Crème émolliente Ictyane Ducray Nutritive visage/corps -2x200ml","p":12.98,"u":"32,45 €/L","img":"https://fd9-photos.leclercdrive.fr/image.ashx?id=2056819&use=l&cat=p&typeid=i","cat":290421},{"id":133455,"n":"Dentifrice Elgydium blancheur - 2x75ml","p":7.95,"u":"53,00 €/L","img":"https://fd9-photos.leclercdrive.fr/image.ashx?id=1982509&use=l&cat=p&typeid=i","cat":290419},{"id":133462,"n":"Bain de bouche Eluday Care action antiplaque - 500ml","p":5.78,"u":"11,56 €/L","img":"https://fd9-photos.leclercdrive.fr/image.ashx?id=2788745&use=l&cat=p&typeid=i","cat":290416},{"id":133501,"n":"Shampooing Klorane petit junior Démêlant pêche - 500ml","p":8.98,"u":"17,96 €/L","img":"https://fd9-photos.leclercdrive.fr/image.ashx?id=2373534&use=l&cat=p&typeid=i","cat":290400},{"id":133512,"n":"Brossettes interdentaires Inava mono compact 1.2mm oranges- x6","p":3.49,"u":"0,58 €/P","img":"https://fd9-photos.leclercdrive.fr/image.ashx?id=1982521&use=l&cat=p&typeid=i","cat":301595},{"id":133548,"n":"Spray solaire Klorane SPF50 Polysianes Sublime - 200ml","p":18.2,"u":"91,00 €/L","img":"https://fd9-photos.leclercdrive.fr/image.ashx?id=2607704&use=l&cat=p&typeid=i","cat":290396},{"id":133559,"n":"Crème sublimatrice Klorane après-soleil - 200ml","p":19.93,"u":"99,65 €/L","img":"https://fd9-photos.leclercdrive.fr/image.ashx?id=2377250&use=l&cat=p&typeid=i","cat":290396},{"id":134047,"n":"Barres de céréales Lion Chocolat caramel - 12x25g","p":4.44,"u":"14,80 €/KG","img":"https://fd9-photos.leclercdrive.fr/image.ashx?id=2846787&use=l&cat=p&typeid=i","cat":285869},{"id":134057,"n":"Barre Enrobage Blanc KitKat x4 barres - 166g","p":2.93,"u":"17,65 €/KG","img":"https://fd9-photos.leclercdrive.fr/image.ashx?id=2802680&use=l&cat=p&typeid=i","cat":284498},{"id":134121,"n":"Poivre noir moulu Eco+ 44g","p":0.55,"u":"12,50 €/KG","img":"https://fd9-photos.leclercdrive.fr/image.ashx?id=2717246&use=l&cat=p&typeid=i","cat":284457},{"id":134122,"n":"Poivre noir moulu Eco+ 90g","p":1.15,"u":"12,78 €/KG","img":"https://fd9-photos.leclercdrive.fr/image.ashx?id=1960503&use=l&cat=p&typeid=i","cat":284457},{"id":134124,"n":"Velouté PurSoup' Liebig Poireaux pomme de terre - 1L","p":2.22,"u":"2,22 €/L","img":"https://fd9-photos.leclercdrive.fr/image.ashx?id=2864324&use=l&cat=p&typeid=i","cat":284462},{"id":134129,"n":"Verrine de Paté Eco+ 3x180g","p":2.71,"u":"5,02 €/KG","img":"https://fd9-photos.leclercdrive.fr/image.ashx?id=2519405&use=l&cat=p&typeid=i","cat":305149},{"id":134130,"n":"Mélange paella Ducros 20g","p":1.49,"u":"74,50 €/KG","img":"https://fd9-photos.leclercdrive.fr/image.ashx?id=2490500&use=l&cat=p&typeid=i","cat":298297},{"id":134146,"n":"Biscuits Nustikao Fourrés pâte à tartiner - 200g","p":1.67,"u":"8,35 €/KG","img":"https://fd9-photos.leclercdrive.fr/image.ashx?id=2473999&use=l&cat=p&typeid=i","cat":284488},{"id":134152,"n":"Biscuits Kinder Happy Hippo Au lait et au cacao - 103,5g","p":1.57,"u":"15,10 €/KG","img":"https://fd9-photos.leclercdrive.fr/image.ashx?id=2454499&use=l&cat=p&typeid=i","cat":284488},{"id":134165,"n":"Yaourt à la Grecque Délisse Stracciatella - 4x150g","p":2.39,"u":"3,98 €/KG","img":"https://fd9-photos.leclercdrive.fr/image.ashx?id=2753487&use=l&cat=p&typeid=i","cat":314999},{"id":134218,"n":"Lardons fumés Tradilège Sans nitrite - 2x75g","p":1.57,"u":"10,47 €/KG","img":"https://fd9-photos.leclercdrive.fr/image.ashx?id=2965828&use=l&cat=p&typeid=i","cat":316011},{"id":134223,"n":"Allumettes fumées Tradilège Sans nitrite - 2x75g","p":1.61,"u":"10,73 €/KG","img":"https://fd9-photos.leclercdrive.fr/image.ashx?id=2965825&use=l&cat=p&typeid=i","cat":316011},{"id":134257,"n":"Corn Flakes Grainéa Nature - 500g","p":2.08,"u":"4,16 €/KG","img":"https://fd9-photos.leclercdrive.fr/image.ashx?id=2617249&use=l&cat=p&typeid=i","cat":309513},{"id":134316,"n":"Goûters P'tit Déli Croc' Goût Vanille - 300g","p":1.01,"u":"3,06 €/KG","img":"https://fd9-photos.leclercdrive.fr/image.ashx?id=2391895&use=l&cat=p&typeid=i","cat":284489},{"id":134317,"n":"Biscuit Croc Break P'tit Déli Goût Chocolat - 300g","p":1.15,"u":"3,83 €/KG","img":"https://fd9-photos.leclercdrive.fr/image.ashx?id=2536730&use=l&cat=p&typeid=i","cat":284488},{"id":134318,"n":"Biscuits P'tit déli Pirates Chocolat - 2x300g","p":2.12,"u":"3,53 €/KG","img":"https://fd9-photos.leclercdrive.fr/image.ashx?id=2539460&use=l&cat=p&typeid=i","cat":284488},{"id":134319,"n":"Biscuit Croc Break P'tit Déli Goût Tout Chocolat - 300g","p":1.09,"u":"3,63 €/KG","img":"https://fd9-photos.leclercdrive.fr/image.ashx?id=2472662&use=l&cat=p&typeid=i","cat":284488},{"id":134331,"n":"Muesli croustillant Grainéa Chocolat noir - 500g","p":2.29,"u":"4,58 €/KG","img":"https://fd9-photos.leclercdrive.fr/image.ashx?id=2375858&use=l&cat=p&typeid=i","cat":309512},{"id":134333,"n":"Muesli croustillant Grainéa Noix - 500g","p":2.02,"u":"4,04 €/KG","img":"https://fd9-photos.leclercdrive.fr/image.ashx?id=2368653&use=l&cat=p&typeid=i","cat":309512},{"id":134336,"n":"Muesli croustillant Grainéa  Aux fruits - 500g","p":1.87,"u":"3,74 €/KG","img":"https://fd9-photos.leclercdrive.fr/image.ashx?id=2371557&use=l&cat=p&typeid=i","cat":309512},{"id":134352,"n":"Muesli croustillant Grainéa  Fraise - 500g","p":2.27,"u":"4,54 €/KG","img":"https://fd9-photos.leclercdrive.fr/image.ashx?id=2374600&use=l&cat=p&typeid=i","cat":309512},{"id":134353,"n":"Muesli croustillant Grainéa Chocolat lait - 500g","p":2.27,"u":"4,54 €/KG","img":"https://fd9-photos.leclercdrive.fr/image.ashx?id=2363805&use=l&cat=p&typeid=i","cat":309512},{"id":134398,"n":"Saucisson Fuet d'Olot 150g","p":2.44,"u":"16,27 €/KG","img":"https://fd9-photos.leclercdrive.fr/image.ashx?id=1971722&use=l&cat=p&typeid=i","cat":316006},{"id":134534,"n":"Café en grains L'OR Absolu N° 7 1kg","p":18.98,"u":"18,98 €/KG","img":"https://fd9-photos.leclercdrive.fr/image.ashx?id=2716837&use=l&cat=p&typeid=i","cat":293237},{"id":134617,"n":"Couscous parfumé Tipiak 510g","p":1.91,"u":"3,75 €/KG","img":"https://fd9-photos.leclercdrive.fr/image.ashx?id=2839187&use=l&cat=p&typeid=i","cat":284429},{"id":134618,"n":"Méli Mélo gourmand Tipiak 330g","p":2.24,"u":"6,79 €/KG","img":"https://fd9-photos.leclercdrive.fr/image.ashx?id=2314434&use=l&cat=p&typeid=i","cat":284429},{"id":134631,"n":"Pommes de terre pour four purée potage Panier du Primeur - 2kg","p":2.29,"u":"1,15 €/KG","img":"https://fd9-photos.leclercdrive.fr/image.ashx?id=2959641&use=l&cat=p&typeid=i","cat":284352},{"id":134676,"n":"Friandises chien Pedigree  Schmackos multi mix x20 - 144g","p":2.19,"u":"15,21 €/KG","img":"https://fd9-photos.leclercdrive.fr/image.ashx?id=2338579&use=l&cat=p&typeid=i","cat":294527},{"id":134677,"n":"Friandise petit chien Pedigree  Os à mâcher x4 - 160g","p":2.3,"u":"14,38 €/KG","img":"https://fd9-photos.leclercdrive.fr/image.ashx?id=2997253&use=l&cat=p&typeid=i","cat":294527},{"id":134745,"n":"Yaourt nature ECO+ 12x125g","p":1.69,"u":"1,13 €/KG","img":"https://fd9-photos.leclercdrive.fr/image.ashx?id=2791194&use=l&cat=p&typeid=i","cat":284409},{"id":134751,"n":"Boisson végétale Bio Village Riz coco bio - 1l","p":1.89,"u":"1,89 €/L","img":"https://fd9-photos.leclercdrive.fr/image.ashx?id=2352243&use=l&cat=p&typeid=i","cat":316067},{"id":134753,"n":"Assortiment de bonbons Eco+ 720g","p":3.32,"u":"4,61 €/KG","img":"https://fd9-photos.leclercdrive.fr/image.ashx?id=2756837&use=l&cat=p&typeid=i","cat":304250},{"id":134758,"n":"Compote Allégée en sucres Eco+ Coupelle pomme banane - 4x100g","p":0.59,"u":"1,48 €/KG","img":"https://fd9-photos.leclercdrive.fr/image.ashx?id=2953191&use=l&cat=p&typeid=i","cat":284508},{"id":134770,"n":"Compote bio Bio Village Gourdes multivariétés - 12x90g","p":6.35,"u":"5,88 €/KG","img":"https://fd9-photos.leclercdrive.fr/image.ashx?id=1965920&use=l&cat=p&typeid=i","cat":284508},{"id":134772,"n":"Huile de noisette Rustica 25cl","p":2.89,"u":"11,56 €/L","img":"https://fd9-photos.leclercdrive.fr/image.ashx?id=3002635&use=l&cat=p&typeid=i","cat":284453},{"id":134775,"n":"Lait de coco Bio Village Bio - 200ml","p":1.28,"u":"6,40 €/L","img":"https://fd9-photos.leclercdrive.fr/image.ashx?id=1965929&use=l&cat=p&typeid=i","cat":288992},{"id":134791,"n":"Thon à la catalane Eco + 135g","p":0.82,"u":"6,07 €/KG","img":"https://fd9-photos.leclercdrive.fr/image.ashx?id=2476921&use=l&cat=p&typeid=i","cat":303867},{"id":134792,"n":"Thon blanc Pêche océan MSC Entier nature - France - 112g","p":2.75,"u":"24,55 €/KG","img":"https://fd9-photos.leclercdrive.fr/image.ashx?id=2942232&use=l&cat=p&typeid=i","cat":303867},{"id":134796,"n":"Tomates entières pelées Eco+ 240g","p":0.55,"u":"2,29 €/KG","img":"https://fd9-photos.leclercdrive.fr/image.ashx?id=2762501&use=l&cat=p&typeid=i","cat":312608},{"id":134797,"n":"Tuiles goût barbecue Tokapi 170g","p":1.39,"u":"8,18 €/KG","img":"https://fd9-photos.leclercdrive.fr/image.ashx?id=2609595&use=l&cat=p&typeid=i","cat":287899},{"id":134799,"n":"Vinaigre de vin 6° Eco +  1L","p":0.55,"u":"0,55 €/L","img":"https://fd9-photos.leclercdrive.fr/image.ashx?id=2606034&use=l&cat=p&typeid=i","cat":298543},{"id":134811,"n":"Pur jus d'orange Eco + Brique - 2l","p":3.14,"u":"1,57 €/L","img":"https://fd9-photos.leclercdrive.fr/image.ashx?id=2751859&use=l&cat=p&typeid=i","cat":284521},{"id":134815,"n":"Pur jus 4 agrumes Eco +  1L","p":1.43,"u":"1,43 €/L","img":"https://fd9-photos.leclercdrive.fr/image.ashx?id=2762943&use=l&cat=p&typeid=i","cat":284917},{"id":134816,"n":"Jus d'orange ABC Eco + Brique - 1L","p":1.3,"u":"1,30 €/L","img":"https://fd9-photos.leclercdrive.fr/image.ashx?id=2595049&use=l&cat=p&typeid=i","cat":284521},{"id":134817,"n":"Jus de pamplemousse rose Eco + ABC - 1L","p":0.98,"u":"0,98 €/L","img":"https://fd9-photos.leclercdrive.fr/image.ashx?id=2595077&use=l&cat=p&typeid=i","cat":284914},{"id":134819,"n":"Nectar d'orange Eco + Brique - 2L","p":1.83,"u":"0,92 €/L","img":"https://fd9-photos.leclercdrive.fr/image.ashx?id=2842444&use=l&cat=p&typeid=i","cat":284521},{"id":134829,"n":"Bière forte 7.9% Millbrau 50CL","p":0.85,"u":"1,70 €/L","img":"https://fd9-photos.leclercdrive.fr/image.ashx?id=2955578&use=l&cat=p&typeid=i","cat":334853},{"id":134900,"n":"Boule crème chocolat Jacquot Orange, framboise vanille - 1kg","p":8.12,"u":"8,12 €/KG","img":"https://fd9-photos.leclercdrive.fr/image.ashx?id=2665889&use=l&cat=p&typeid=i","cat":327595},{"id":134989,"n":"Amora Cornichons Extra-Fins Bocal Croq'Vert 370g","p":2.74,"u":"7,41 €/KG","img":"https://fd9-photos.leclercdrive.fr/image.ashx?id=2670911&use=l&cat=p&typeid=i","cat":284458},{"id":134998,"n":"Collants Le Bourget Modacolors Semi-opaque noir mat - T1/2","p":5.5,"img":"https://fd9-photos.leclercdrive.fr/image.ashx?id=2561679&use=l&cat=p&typeid=i","cat":334130},{"id":134999,"n":"Collant Modacolors semi opaque T3/4 Noir mat - 1 pièce","p":5.5,"img":"https://fd9-photos.leclercdrive.fr/image.ashx?id=2561682&use=l&cat=p&typeid=i","cat":334130},{"id":135104,"n":"Salade & Cie Sodebo Brooklyn Poulet Rôti Pâtes - 320g","p":3.91,"u":"12,22 €/KG","img":"https://fd9-photos.leclercdrive.fr/image.ashx?id=2795719&use=l&cat=p&typeid=i","cat":333657},{"id":135179,"n":"Sauce béchamel Bridélice 50cl","p":2.66,"u":"5,32 €/L","img":"https://fd9-photos.leclercdrive.fr/image.ashx?id=2904718&use=l&cat=p&typeid=i","cat":284382},{"id":135191,"n":"Yaourt aromatisé sucré Eco+ Pack 12x125g","p":1.86,"u":"1,24 €/KG","img":"https://fd9-photos.leclercdrive.fr/image.ashx?id=2759774&use=l&cat=p&typeid=i","cat":286006},{"id":135203,"n":"Yaourt nature Eco+ 4x125g","p":0.58,"u":"1,16 €/KG","img":"https://fd9-photos.leclercdrive.fr/image.ashx?id=2671789&use=l&cat=p&typeid=i","cat":284409},{"id":135229,"n":"Emmental rapé Eco+ 29%mg - 1kg","p":7.43,"u":"7,43 €/KG","img":"https://fd9-photos.leclercdrive.fr/image.ashx?id=1973952&use=l&cat=p&typeid=i","cat":314035},{"id":135246,"n":"Crème fraiche Eco+ Légère - 15% MG - 50cl","p":1.35,"u":"2,70 €/L","img":"https://fd9-photos.leclercdrive.fr/image.ashx?id=2891869&use=l&cat=p&typeid=i","cat":284381},{"id":135247,"n":"Fromage fondu Eco+ 17%mg - x10 - 200g","p":1.08,"u":"5,40 €/KG","img":"https://fd9-photos.leclercdrive.fr/image.ashx?id=2084829&use=l&cat=p&typeid=i","cat":314028},{"id":135270,"n":"Pomme de terre rouge Vapeur  Sautées Panier du Primeur - 2kg","p":2.29,"u":"1,15 €/KG","img":"https://fd9-photos.leclercdrive.fr/image.ashx?id=2959638&use=l&cat=p&typeid=i","cat":284352},{"id":135271,"n":"Lait demi-écrémé Eco+ UHT Bouteille -  6x1L","p":5.76,"u":"0,96 €/L","img":"https://fd9-photos.leclercdrive.fr/image.ashx?id=2100757&use=l&cat=p&typeid=i","cat":284377},{"id":135276,"n":"Pomme de terre Panier Primeur Micro-ondes - 750g","p":1.79,"u":"2,39 €/KG","img":"https://fd9-photos.leclercdrive.fr/image.ashx?id=2649903&use=l&cat=p&typeid=i","cat":284352},{"id":135278,"n":"Fromage blanc aromatisé Eco+ 2.8%MG - 12x60g","p":1.79,"u":"2,49 €/KG","img":"https://fd9-photos.leclercdrive.fr/image.ashx?id=2794817&use=l&cat=p&typeid=i","cat":284409},{"id":135279,"n":"Ail violet Panier du Primeur x3","p":2.99,"u":"1,00 €/P","img":"https://fd9-photos.leclercdrive.fr/image.ashx?id=2960520&use=l&cat=p&typeid=i","cat":284352},{"id":135282,"n":"Oignons sauciers Filière Panier du Primeur Filet 500g","p":1.49,"u":"2,98 €/KG","img":"https://fd9-photos.leclercdrive.fr/image.ashx?id=2966370&use=l&cat=p&typeid=i","cat":284352},{"id":135294,"n":"Crème dessert Eco+ Chocolat - 4x125g","p":0.74,"u":"1,48 €/KG","img":"https://fd9-photos.leclercdrive.fr/image.ashx?id=2777791&use=l&cat=p&typeid=i","cat":285041},{"id":135295,"n":"Tranchette de gouda Eco+ 28%mg - 300g","p":2.53,"u":"8,43 €/KG","img":"https://fd9-photos.leclercdrive.fr/image.ashx?id=1974470&use=l&cat=p&typeid=i","cat":314028},{"id":135296,"n":"Fromage mi-chèvre Eco+ 23%mg - 180g","p":1.67,"u":"9,28 €/KG","img":"https://fd9-photos.leclercdrive.fr/image.ashx?id=2978504&use=l&cat=p&typeid=i","cat":314031},{"id":135302,"n":"Hauts de cuisse Eco+ Poulet jaune - 1kg","p":4.49,"u":"4,49 €/KG","img":"https://fd9-photos.leclercdrive.fr/image.ashx?id=1974518&use=l&cat=p&typeid=i","cat":284336},{"id":135343,"n":"Râpé 3 fromages Les Croisés  Format familial - 350g","p":3.12,"u":"8,91 €/KG","img":"https://fd9-photos.leclercdrive.fr/image.ashx?id=2436326&use=l&cat=p&typeid=i","cat":314035},{"id":135429,"n":"Pommes Dauphine Findus 540g","p":3.19,"u":"5,91 €/KG","img":"https://fd9-photos.leclercdrive.fr/image.ashx?id=2009954&use=l&cat=p&typeid=i","cat":319792},{"id":135444,"n":"Croco Baby -30% de sucre Haribo Sachet bonbons - 165g","p":1.88,"u":"11,39 €/KG","img":"https://fd9-photos.leclercdrive.fr/image.ashx?id=2806111&use=l&cat=p&typeid=i","cat":304250},{"id":135454,"n":"Brioche tranchée Harrys Nature sans additif Maxi - 680g","p":3.2,"u":"4,71 €/KG","img":"https://fd9-photos.leclercdrive.fr/image.ashx?id=2503022&use=l&cat=p&typeid=i","cat":284478},{"id":135456,"n":"Brioche tranchée Harrys Nature / Sans additifs - 485 g","p":2.36,"u":"4,87 €/KG","img":"https://fd9-photos.leclercdrive.fr/image.ashx?id=2503019&use=l&cat=p&typeid=i","cat":284478},{"id":135458,"n":"Brioche tranchée nature Harrys Allégée en sucre - 485g","p":3.03,"u":"6,25 €/KG","img":"https://fd9-photos.leclercdrive.fr/image.ashx?id=2503031&use=l&cat=p&typeid=i","cat":284478},{"id":135459,"n":"Brioche Tranchée Harrys Pépites de chocolat - 485g","p":2.93,"u":"6,04 €/KG","img":"https://fd9-photos.leclercdrive.fr/image.ashx?id=2503028&use=l&cat=p&typeid=i","cat":284478},{"id":135481,"n":"Barres céréales Nesquik Chocolat - 12x25g","p":4.03,"u":"13,43 €/KG","img":"https://fd9-photos.leclercdrive.fr/image.ashx?id=2843225&use=l&cat=p&typeid=i","cat":285869},{"id":135533,"n":"Chocolat noir Les Citronettes Les Chevaliers d'Argouges 170g","p":7.83,"u":"46,06 €/KG","img":"https://fd9-photos.leclercdrive.fr/image.ashx?id=2842732&use=l&cat=p&typeid=i","cat":327601},{"id":135536,"n":"Chocolat tranche d'oranges Les Chevalier d'Argouges - 180g","p":7.83,"u":"43,50 €/KG","img":"https://fd9-photos.leclercdrive.fr/image.ashx?id=2841415&use=l&cat=p&typeid=i","cat":327601},{"id":135554,"n":"Boules chocolat praliné Jacquot Lait, Amandes, noisettes - 1kg","p":12.73,"u":"12,73 €/KG","img":"https://fd9-photos.leclercdrive.fr/image.ashx?id=2303306&use=l&cat=p&typeid=i","cat":327595},{"id":135658,"n":"Chocolats Ferrero Prestige Assortiments x16- 166g","p":6.36,"u":"38,31 €/KG","img":"https://fd9-photos.leclercdrive.fr/image.ashx?id=2896429&use=l&cat=p&typeid=i","cat":327595},{"id":135729,"n":"Louche trendy HOMESIDE 1 pièce","p":3.9,"img":"https://fd9-photos.leclercdrive.fr/image.ashx?id=2017608&use=l&cat=p&typeid=i","cat":334135},{"id":135758,"n":"Jambon Supérieur VPF Tradilège A l'étouffée Découennéx10 -400g","p":5.13,"u":"12,83 €/KG","img":"https://fd9-photos.leclercdrive.fr/image.ashx?id=2970477&use=l&cat=p&typeid=i","cat":316009},{"id":135817,"n":"Loup-garous best of Asmodée - Dès 10 ans","p":14.7,"img":"https://fd9-photos.leclercdrive.fr/image.ashx?id=1982830&use=l&cat=p&typeid=i","cat":334378},{"id":135962,"n":"Bac 70 pièces rose les maxis Dès 18 mois","p":18.9,"img":"https://fd9-photos.leclercdrive.fr/image.ashx?id=2955809&use=l&cat=p&typeid=i","cat":334379},{"id":136155,"n":"Poupon Bébé Piccolina Dès 10 mois","p":19.9,"u":"Dont 0,22 € d'éco-part.","img":"https://fd9-photos.leclercdrive.fr/image.ashx?id=1979070&use=l&cat=p&typeid=i","cat":334379},{"id":136180,"n":"Journal intime électronique Dès 6 ans","p":44.9,"u":"Dont 0,12 € d'éco-part.","img":"https://fd9-photos.leclercdrive.fr/image.ashx?id=1979040&use=l&cat=p&typeid=i","cat":334378},{"id":136181,"n":"Journal intime électronique Dès 6 ans","p":44.9,"u":"Dont 0,12 € d'éco-part.","img":"https://fd9-photos.leclercdrive.fr/image.ashx?id=1979043&use=l&cat=p&typeid=i","cat":334378},{"id":136200,"n":"Mon poney à tirer  - Clementoni Dès 6 mois","p":12.9,"u":"Dont 0,22 € d'éco-part.","img":"https://fd9-photos.leclercdrive.fr/image.ashx?id=1980004&use=l&cat=p&typeid=i","cat":334379},{"id":136224,"n":"Poupon piccolina interactif Dès 18 mois","p":19.9,"u":"Dont 0,22 € d'éco-part.","img":"https://fd9-photos.leclercdrive.fr/image.ashx?id=1979067&use=l&cat=p&typeid=i","cat":334379},{"id":136255,"n":"Poupon Manon fait pipi Dès 2 ans","p":8.9,"img":"https://fd9-photos.leclercdrive.fr/image.ashx?id=1977529&use=l&cat=p&typeid=i","cat":334379},{"id":136302,"n":"Café moulu Velours Noir 100% Arabica - 250g","p":4.69,"u":"18,76 €/KG","img":"https://fd9-photos.leclercdrive.fr/image.ashx?id=1978401&use=l&cat=p&typeid=i","cat":284750},{"id":136362,"n":"AOC Côtes du Rhône rouge Réserve de Bonpas - 75cl","p":5.1,"u":"6,80 €/L","img":"https://fd9-photos.leclercdrive.fr/image.ashx?id=2991202&use=l&cat=p&typeid=i","cat":289556},{"id":136407,"n":"Giga Candy canez Fizzy Fraise - 50g","p":1.47,"u":"29,40 €/KG","img":"https://fd9-photos.leclercdrive.fr/image.ashx?id=1984813&use=l&cat=p&typeid=i","cat":327592},{"id":136445,"n":"Gateau marbré Savane Chocolat - 310g","p":2.48,"u":"8,00 €/KG","img":"https://fd9-photos.leclercdrive.fr/image.ashx?id=2870719&use=l&cat=p&typeid=i","cat":294776},{"id":136467,"n":"Soupe liquide brique Liebig  Mouliné 5 légumes verts 2x30cl","p":2.18,"u":"3,63 €/L","img":"https://fd9-photos.leclercdrive.fr/image.ashx?id=2186721&use=l&cat=p&typeid=i","cat":284462},{"id":136579,"n":"Soupe liquide brique Liebig  Velouté de 12 légumes - 1L","p":1.96,"u":"1,96 €/L","img":"https://fd9-photos.leclercdrive.fr/image.ashx?id=2172645&use=l&cat=p&typeid=i","cat":284462},{"id":136627,"n":"Pad Thai Céréal Bio  Bio repas express - 220g","p":2.77,"u":"12,59 €/KG","img":"https://fd9-photos.leclercdrive.fr/image.ashx?id=2574089&use=l&cat=p&typeid=i","cat":288992},{"id":136635,"n":"Cassoulet Maison Rivière Confit de canard - 840g","p":5.14,"u":"6,12 €/KG","img":"https://fd9-photos.leclercdrive.fr/image.ashx?id=2734225&use=l&cat=p&typeid=i","cat":284440},{"id":136645,"n":"Blé gourmand l'Original Ebly Cuisson 10min - 1kg","p":2.5,"u":"2,50 €/KG","img":"https://fd9-photos.leclercdrive.fr/image.ashx?id=2286278&use=l&cat=p&typeid=i","cat":284429},{"id":136668,"n":"Champignons de Paris bruns Panier du Primeur - 250g","p":1.79,"u":"7,16 €/KG","img":"https://fd9-photos.leclercdrive.fr/image.ashx?id=2600255&use=l&cat=p&typeid=i","cat":284352},{"id":136670,"n":"Oignons jaunes Eco+ 1.5 Kg","p":1.69,"u":"1,13 €/KG","img":"https://fd9-photos.leclercdrive.fr/image.ashx?id=2772572&use=l&cat=p&typeid=i","cat":284352},{"id":136761,"n":"Attache sapin Père Noël Rohan Aluminium - 200g","p":4.89,"u":"24,45 €/KG","img":"https://fd9-photos.leclercdrive.fr/image.ashx?id=2863461&use=l&cat=p&typeid=i","cat":327592},{"id":136777,"n":"Sachet chat Felix Succulent Campagne - 12x80g","p":5.21,"u":"5,43 €/KG","img":"https://fd9-photos.leclercdrive.fr/image.ashx?id=2861186&use=l&cat=p&typeid=i","cat":285286},{"id":136814,"n":"Barre céréales Chocapic  Chocolat - 12x25g","p":3.99,"u":"13,30 €/KG","img":"https://fd9-photos.leclercdrive.fr/image.ashx?id=2846784&use=l&cat=p&typeid=i","cat":285869},{"id":137011,"n":"Noix de St Jacques Costa 2/3 pers.","p":14.5,"u":"36,90 €/KG","img":"https://fd9-photos.leclercdrive.fr/image.ashx?id=2889802&use=l&cat=p&typeid=i","cat":319787},{"id":137039,"n":"Mini BN Chocolat Lot de 3x175g","p":3.66,"u":"6,97 €/KG","img":"https://fd9-photos.leclercdrive.fr/image.ashx?id=2604497&use=l&cat=p&typeid=i","cat":284488},{"id":137070,"n":"Petits pois Bio Village Bio - 420g","p":2.35,"u":"5,60 €/KG","img":"https://fd9-photos.leclercdrive.fr/image.ashx?id=3002707&use=l&cat=p&typeid=i","cat":312607},{"id":137228,"n":"Sucre en poudre Saint Louis 650g","p":1.51,"u":"2,32 €/KG","img":"https://fd9-photos.leclercdrive.fr/image.ashx?id=2659936&use=l&cat=p&typeid=i","cat":284502},{"id":137244,"n":"Huile d'Olive vierge  Cauvin Extra Bio - 75cl","p":10.04,"u":"13,39 €/L","img":"https://fd9-photos.leclercdrive.fr/image.ashx?id=2498356&use=l&cat=p&typeid=i","cat":284453},{"id":137325,"n":"Lait bébé Candia Baby  croissance 3ème âge - 6x25cl","p":3.97,"u":"2,65 €/L","img":"https://fd9-photos.leclercdrive.fr/image.ashx?id=2963346&use=l&cat=p&typeid=i","cat":284728},{"id":137331,"n":"Kinder moulage avec surprise Bonhomme de neige - 36g","p":2.17,"u":"60,28 €/KG","img":"https://fd9-photos.leclercdrive.fr/image.ashx?id=1984798&use=l&cat=p&typeid=i","cat":327592},{"id":137344,"n":"Giga Candy canez Fizzy Pomme - 50g","p":1.47,"u":"29,40 €/KG","img":"https://fd9-photos.leclercdrive.fr/image.ashx?id=1984816&use=l&cat=p&typeid=i","cat":327592},{"id":137388,"n":"Gel Douche Bio Sans Savon Cadum Huile d'Amandes Douces - 500ml","p":2.34,"u":"4,68 €/L","img":"https://fd9-photos.leclercdrive.fr/image.ashx?id=2575627&use=l&cat=p&typeid=i","cat":284594},{"id":137413,"n":"Pommes Duchesse Findus 720g","p":3.19,"u":"4,43 €/KG","img":"https://fd9-photos.leclercdrive.fr/image.ashx?id=2888512&use=l&cat=p&typeid=i","cat":319792},{"id":137414,"n":"Pommes Étoile 720g","p":3.19,"u":"4,43 €/KG","img":"https://fd9-photos.leclercdrive.fr/image.ashx?id=2023134&use=l&cat=p&typeid=i","cat":319792},{"id":137436,"n":"Masque Protection Couleur Elsève Color-Vive - 310ml","p":5.06,"u":"16,32 €/L","img":"https://fd9-photos.leclercdrive.fr/image.ashx?id=2865875&use=l&cat=p&typeid=i","cat":284608},{"id":137517,"n":"Mini Roc Côte d'Or Praliné - 279g","p":10.77,"u":"38,60 €/KG","img":"https://fd9-photos.leclercdrive.fr/image.ashx?id=2912641&use=l&cat=p&typeid=i","cat":327595},{"id":137538,"n":"Boîte chocolats liqueur Abtey Royal des lys  x20 - 250g","p":8.71,"u":"34,84 €/KG","img":"https://fd9-photos.leclercdrive.fr/image.ashx?id=2662721&use=l&cat=p&typeid=i","cat":327601},{"id":137554,"n":"Moulage de chocolat grand Rohan Père Noël - 150g","p":3.91,"u":"26,07 €/KG","img":"https://fd9-photos.leclercdrive.fr/image.ashx?id=1986865&use=l&cat=p&typeid=i","cat":284958},{"id":137555,"n":"Moulage de chocolat grand Rohan Rennes - 150g","p":3.91,"u":"26,07 €/KG","img":"https://fd9-photos.leclercdrive.fr/image.ashx?id=1986868&use=l&cat=p&typeid=i","cat":284958},{"id":137669,"n":"Croquette chiens Mix  Fido Volaille/légumes - 2.5kg","p":5.89,"u":"2,36 €/KG","img":"https://fd9-photos.leclercdrive.fr/image.ashx?id=2973309&use=l&cat=p&typeid=i","cat":284672},{"id":137680,"n":"Croquette pour chien  Fido Croq' Mix boeuf et légumes 3kg","p":6.28,"u":"2,09 €/KG","img":"https://fd9-photos.leclercdrive.fr/image.ashx?id=2973306&use=l&cat=p&typeid=i","cat":284672},{"id":137682,"n":"Croquette pour chiens Fido Mix Poulet Légumes - 12 kg","p":21.63,"u":"1,80 €/KG","img":"https://fd9-photos.leclercdrive.fr/image.ashx?id=2973300&use=l&cat=p&typeid=i","cat":284672},{"id":137686,"n":"Croquette pour chiens Fido Boeuf & légumes - 7kg","p":14.39,"u":"2,06 €/KG","img":"https://fd9-photos.leclercdrive.fr/image.ashx?id=2973297&use=l&cat=p&typeid=i","cat":284672},{"id":137700,"n":"Compote Douceur du Verger Coupelle fruits rouges -16x100g","p":4.21,"u":"2,63 €/KG","img":"https://fd9-photos.leclercdrive.fr/image.ashx?id=2663560&use=l&cat=p&typeid=i","cat":284508},{"id":137702,"n":"Compote Douceur du Verger Coupelle fruits jaunes -16x100g","p":3.97,"u":"2,48 €/KG","img":"https://fd9-photos.leclercdrive.fr/image.ashx?id=2834890&use=l&cat=p&typeid=i","cat":284508},{"id":137703,"n":"Compote Douceur du Verger Coupelle pomme - 16x100g","p":3.55,"u":"2,22 €/KG","img":"https://fd9-photos.leclercdrive.fr/image.ashx?id=2663551&use=l&cat=p&typeid=i","cat":284508},{"id":137751,"n":"Filet de Limande du Nord MSC Gimbert - 300g","p":5.67,"u":"18,90 €/KG","img":"https://fd9-photos.leclercdrive.fr/image.ashx?id=2905504&use=l&cat=p&typeid=i","cat":319786},{"id":137763,"n":"Filet de Lotte de Chine Gimbert - 300g","p":5.01,"u":"16,70 €/KG","img":"https://fd9-photos.leclercdrive.fr/image.ashx?id=2963403&use=l&cat=p&typeid=i","cat":319786},{"id":137769,"n":"Soupe liquide brique Liebig  Poireaux Pomme de Terre 2x30cl","p":1.93,"u":"3,22 €/L","img":"https://fd9-photos.leclercdrive.fr/image.ashx?id=2864327&use=l&cat=p&typeid=i","cat":284462},{"id":137860,"n":"Riz long blanchi Eco+ 1kg","p":1.22,"u":"1,22 €/KG","img":"https://fd9-photos.leclercdrive.fr/image.ashx?id=2076622&use=l&cat=p&typeid=i","cat":284428},{"id":137862,"n":"Riz long étuvé Eco+ 1kg","p":1.35,"u":"1,35 €/KG","img":"https://fd9-photos.leclercdrive.fr/image.ashx?id=2076625&use=l&cat=p&typeid=i","cat":284428},{"id":137864,"n":"Riz long étuvé Eco+ 4x125g","p":0.87,"u":"1,74 €/KG","img":"https://fd9-photos.leclercdrive.fr/image.ashx?id=1991126&use=l&cat=p&typeid=i","cat":284428},{"id":137866,"n":"Compotes Douceur du Verger Pomme Banane - 4x90g","p":1.39,"u":"3,86 €/KG","img":"https://fd9-photos.leclercdrive.fr/image.ashx?id=1986958&use=l&cat=p&typeid=i","cat":284508},{"id":137900,"n":"Barres de céréales Grainéa Chocolat noir x6 - 126g","p":1.39,"u":"11,03 €/KG","img":"https://fd9-photos.leclercdrive.fr/image.ashx?id=2034142&use=l&cat=p&typeid=i","cat":285869},{"id":137910,"n":"Compote Douceur du Verger Gourdes multivariétés - 20x90g","p":6.09,"u":"3,38 €/KG","img":"https://fd9-photos.leclercdrive.fr/image.ashx?id=2805048&use=l&cat=p&typeid=i","cat":284508},{"id":137957,"n":"Maïs ultra croquant D'Aucy 285g","p":1.04,"u":"3,65 €/KG","img":"https://fd9-photos.leclercdrive.fr/image.ashx?id=2380454&use=l&cat=p&typeid=i","cat":312611},{"id":137988,"n":"Préparation Tablier Blanc Frangipane - 200g","p":2.67,"u":"13,35 €/KG","img":"https://fd9-photos.leclercdrive.fr/image.ashx?id=1990237&use=l&cat=p&typeid=i","cat":284504},{"id":138054,"n":"Macaroni Lustucru Aux oeufs - 500g","p":1.71,"u":"3,42 €/KG","img":"https://fd9-photos.leclercdrive.fr/image.ashx?id=2033109&use=l&cat=p&typeid=i","cat":284427},{"id":138076,"n":"Foie gras de canard Delpeyrat Entier du Sud-ouest - 180 g","p":23.5,"pp":15.51,"u":"86,17 €/KG","img":"https://fd9-photos.leclercdrive.fr/image.ashx?id=2905279&use=l&cat=p&typeid=i","cat":316008},{"id":138298,"n":"Gratte éponge + Microfibre Spontex x6","p":5.4,"u":"0,90 €/P","img":"https://fd9-photos.leclercdrive.fr/image.ashx?id=2673208&use=l&cat=p&typeid=i","cat":284667},{"id":138306,"n":"Gratin de choux fleurs jambon Fleury Michon - Lot 2+1 - 840g","p":5.47,"u":"6,51 €/KG","img":"https://fd9-photos.leclercdrive.fr/image.ashx?id=2047445&use=l&cat=p&typeid=i","cat":333665},{"id":138668,"n":"Masque Cheveux Nutrition Elsève Huile Extraordinaire - 310ml","p":4.74,"u":"15,29 €/L","img":"https://fd9-photos.leclercdrive.fr/image.ashx?id=2511859&use=l&cat=p&typeid=i","cat":284608},{"id":138669,"n":"Masque reconstructeur Elsève Dream Long Cheveu Abîmé - 310ml","p":5.11,"u":"16,48 €/L","img":"https://fd9-photos.leclercdrive.fr/image.ashx?id=2278139&use=l&cat=p&typeid=i","cat":284608},{"id":139255,"n":"Ballotin chocolat  Abtey Royal des lys x17 220g","p":6.46,"u":"29,36 €/KG","img":"https://fd9-photos.leclercdrive.fr/image.ashx?id=2662718&use=l&cat=p&typeid=i","cat":327601},{"id":139334,"n":"Père Noel  Rohan Chocolat au lait - 125g","p":3.42,"u":"27,36 €/KG","img":"https://fd9-photos.leclercdrive.fr/image.ashx?id=2484918&use=l&cat=p&typeid=i","cat":327592},{"id":139339,"n":"Sachet père noel foot Rohan Père noel et ballons 225g","p":6.54,"u":"29,07 €/KG","img":"https://fd9-photos.leclercdrive.fr/image.ashx?id=2900875&use=l&cat=p&typeid=i","cat":327592},{"id":139345,"n":"Sachet Père Noël x5 Rohan 150g","p":3.91,"u":"26,07 €/KG","img":"https://fd9-photos.leclercdrive.fr/image.ashx?id=2485925&use=l&cat=p&typeid=i","cat":327592},{"id":139378,"n":"Père Noël Jacquot Moulage chocolat - 60g","p":1.29,"u":"21,50 €/KG","img":"https://fd9-photos.leclercdrive.fr/image.ashx?id=2304175&use=l&cat=p&typeid=i","cat":327592},{"id":139392,"n":"Gianduiotti misti Praliné de chocolat aux noisettes -195g","p":8.49,"pp":5.6,"u":"28,72 €/KG","img":"https://fd9-photos.leclercdrive.fr/image.ashx?id=2615161&use=l&cat=p&typeid=i","cat":327595},{"id":139401,"n":"Sachet marrons glacés Motta x9 - 117g","p":6.85,"u":"58,55 €/KG","img":"https://fd9-photos.leclercdrive.fr/image.ashx?id=2854768&use=l&cat=p&typeid=i","cat":327603},{"id":139407,"n":"Coffrets Carrés de fruits Motta x25 - 390g","p":9.79,"u":"25,10 €/KG","img":"https://fd9-photos.leclercdrive.fr/image.ashx?id=2298730&use=l&cat=p&typeid=i","cat":327606},{"id":139477,"n":"Pères Noël massif Riegelein Lait - 125g","p":3.74,"u":"29,92 €/KG","img":"https://fd9-photos.leclercdrive.fr/image.ashx?id=2665472&use=l&cat=p&typeid=i","cat":327592},{"id":139905,"n":"Oeufs au sol Eco+ x10","p":1.75,"u":"0,18 €/P","img":"https://fd9-photos.leclercdrive.fr/image.ashx?id=2708856&use=l&cat=p&typeid=i","cat":284378},{"id":139910,"n":"Duo décoré Rohan Père Noel Renne 100g","p":2.5,"u":"25,00 €/KG","img":"https://fd9-photos.leclercdrive.fr/image.ashx?id=2013230&use=l&cat=p&typeid=i","cat":327592},{"id":139911,"n":"Duo décoré Rohan Père noel pingouin 100g","p":2.5,"u":"25,00 €/KG","img":"https://fd9-photos.leclercdrive.fr/image.ashx?id=2013224&use=l&cat=p&typeid=i","cat":284958},{"id":141078,"n":"Clémentine de Corse bio Bio Village Barquette 500g","p":3.99,"u":"7,98 €/KG","img":"https://fd9-photos.leclercdrive.fr/image.ashx?id=2552011&use=l&cat=p&typeid=i","cat":284356},{"id":141129,"n":"Bonbon Giga Twisty Renne de Noël - 65g","p":1.89,"u":"29,08 €/KG","img":"https://fd9-photos.leclercdrive.fr/image.ashx?id=2803963&use=l&cat=p&typeid=i","cat":327592},{"id":141131,"n":"Bonbon Giga Twisty Sapin de noel -  65g","p":1.89,"u":"29,08 €/KG","img":"https://fd9-photos.leclercdrive.fr/image.ashx?id=2025686&use=l&cat=p&typeid=i","cat":327592},{"id":141132,"n":"Bonbon Giga Twisty Père Noel -  65g","p":1.89,"u":"29,08 €/KG","img":"https://fd9-photos.leclercdrive.fr/image.ashx?id=2025692&use=l&cat=p&typeid=i","cat":327592},{"id":141162,"n":"Fond de veau Maggi 110g","p":2.54,"u":"23,09 €/KG","img":"https://fd9-photos.leclercdrive.fr/image.ashx?id=2917546&use=l&cat=p&typeid=i","cat":288379},{"id":141607,"n":"Compléments alimentaires Luxéol 3en1 - x90 gélules","p":29.89,"u":"0,33 €/P","img":"https://fd9-photos.leclercdrive.fr/image.ashx?id=2922542&use=l&cat=p&typeid=i","cat":301266},{"id":141608,"n":"Spray assainissant Puressentiel 41 huiles essentielles - 500ml","p":27.89,"u":"55,78 €/L","img":"https://fd9-photos.leclercdrive.fr/image.ashx?id=2988529&use=l&cat=p&typeid=i","cat":298633},{"id":141617,"n":"Liftactiv Collagen Vichy Specialist crême anti-âge -50ml","p":33.99,"u":"679,80 €/L","img":"https://fd9-photos.leclercdrive.fr/image.ashx?id=2015684&use=l&cat=p&typeid=i","cat":291168},{"id":141622,"n":"Spray assainissant Puressentiel 41 huiles essentielles - 75ml","p":8.89,"u":"118,53 €/L","img":"https://fd9-photos.leclercdrive.fr/image.ashx?id=2003536&use=l&cat=p&typeid=i","cat":298633},{"id":141625,"n":"Gelée royale Forte pharma 1000mg lot 2x20 ampoules 15ml","p":13.99,"img":"https://fd9-photos.leclercdrive.fr/image.ashx?id=2003773&use=l&cat=p&typeid=i","cat":301264},{"id":141630,"n":"Eau oxygénée Lab. Gilbert Eau stabilisée 10 vol. - 250ml","p":2.68,"u":"10,72 €/L","img":"https://fd9-photos.leclercdrive.fr/image.ashx?id=2057194&use=l&cat=p&typeid=i","cat":291163},{"id":141631,"n":"Antibactérien Puressentiel Spray mains & surfaces - 250ml","p":5.73,"u":"22,92 €/L","img":"https://fd9-photos.leclercdrive.fr/image.ashx?id=2988617&use=l&cat=p&typeid=i","cat":298633},{"id":141632,"n":"Xémose crème Uriage Relipidante Anti-irritations - 400ml","p":15.48,"u":"38,70 €/L","img":"https://fd9-photos.leclercdrive.fr/image.ashx?id=2966740&use=l&cat=p&typeid=i","cat":290421},{"id":141636,"n":"Dentifrice Bi-Fluor‚ Fluocaril Dentifrice Blancheur - 2x75ml","p":4.98,"pp":3.73,"u":"24,87 €/L","img":"https://fd9-photos.leclercdrive.fr/image.ashx?id=2770614&use=l&cat=p&typeid=i","cat":290419},{"id":141638,"n":"Huile essentielle Puressentiel Eucalyptus radié Bio - 10 ml","p":3.19,"u":"319,00 €/L","img":"https://fd9-photos.leclercdrive.fr/image.ashx?id=2003626&use=l&cat=p&typeid=i","cat":298633},{"id":141641,"n":"Xémose baume 500ml Uriage Oléo apaisant anti-grattage","p":15.99,"u":"31,98 €/L","img":"https://fd9-photos.leclercdrive.fr/image.ashx?id=2966743&use=l&cat=p&typeid=i","cat":290421},{"id":141644,"n":"Dentifrice Sensodyne Soin Complet bitube - 2x75ml","p":6.44,"u":"42,93 €/L","img":"https://fd9-photos.leclercdrive.fr/image.ashx?id=2868512&use=l&cat=p&typeid=i","cat":290419},{"id":141645,"n":"Dentifrice Bi-Fluor‚ Fluocaril Dentifrice gencives 2x75ml","p":4.98,"pp":3.73,"u":"24,87 €/L","img":"https://fd9-photos.leclercdrive.fr/image.ashx?id=2206988&use=l&cat=p&typeid=i","cat":290419},{"id":141649,"n":"Vitamine C Nutrisanté 500mg 24 comprimés effervescents","p":3.75,"u":"0,16 €/P","img":"https://fd9-photos.leclercdrive.fr/image.ashx?id=2963328&use=l&cat=p&typeid=i","cat":301264},{"id":141650,"n":"Inhaleur Puressentiel 19 huiles essentielles - 1ml","p":3.79,"img":"https://fd9-photos.leclercdrive.fr/image.ashx?id=2538755&use=l&cat=p&typeid=i","cat":301256},{"id":141651,"n":"Lingettes quotidiennes Hydralin Le paquet de 10 lingettes","p":3.17,"u":"0,32 €/P","img":"https://fd9-photos.leclercdrive.fr/image.ashx?id=2003527&use=l&cat=p&typeid=i","cat":328622},{"id":141659,"n":"Baume intensif Atoderm Bioderma 500ml","p":16.28,"u":"32,56 €/L","img":"https://fd9-photos.leclercdrive.fr/image.ashx?id=2979938&use=l&cat=p&typeid=i","cat":290421},{"id":141666,"n":"Rectangles de coton Gilbert Le lot de 180 rectangles","p":2.99,"u":"0,02 €/P","img":"https://fd9-photos.leclercdrive.fr/image.ashx?id=2944131&use=l&cat=p&typeid=i","cat":291163},{"id":141667,"n":"Arkorelax Sommeil Fort 8h La boîte de 30 comprimés","p":11.99,"u":"0,40 €/P","img":"https://fd9-photos.leclercdrive.fr/image.ashx?id=2780475&use=l&cat=p&typeid=i","cat":301265},{"id":141668,"n":"Sommeil fort Arkopharma La boîte de 15 comprimés","p":8.99,"u":"0,60 €/P","img":"https://fd9-photos.leclercdrive.fr/image.ashx?id=2551324&use=l&cat=p&typeid=i","cat":301265},{"id":141669,"n":"Baume Atoderm Bioderma 500ml","p":16.95,"u":"33,90 €/L","img":"https://fd9-photos.leclercdrive.fr/image.ashx?id=2981115&use=l&cat=p&typeid=i","cat":290421},{"id":141672,"n":"D-stress 80 comprimés","p":9.89,"u":"0,12 €/P","img":"https://fd9-photos.leclercdrive.fr/image.ashx?id=2003608&use=l&cat=p&typeid=i","cat":301265},{"id":141674,"n":"Menthe poivrée bio Puressentiel Huile essentielle - 10 ml","p":3.99,"pp":3.19,"u":"319,00 €/L","img":"https://fd9-photos.leclercdrive.fr/image.ashx?id=2988544&use=l&cat=p&typeid=i","cat":298633},{"id":141676,"n":"Lavande vraie bio Puressentiel Huile essentielle - 10 ml","p":5.28,"u":"528,00 €/L","img":"https://fd9-photos.leclercdrive.fr/image.ashx?id=2988540&use=l&cat=p&typeid=i","cat":298633},{"id":141678,"n":"Huile essentielle Puressentiel Arbre à the Bio - 10 ml","p":4.21,"u":"421,00 €/L","img":"https://fd9-photos.leclercdrive.fr/image.ashx?id=2003620&use=l&cat=p&typeid=i","cat":298633},{"id":141684,"n":"Huile essentielle Puressentiel Citron Bio - 10 ml","p":3.19,"u":"319,00 €/L","img":"https://fd9-photos.leclercdrive.fr/image.ashx?id=2003623&use=l&cat=p&typeid=i","cat":298633},{"id":141693,"n":"Dentifrice Bi-Fluor‚ Fluocaril Dents sensibles 2x75ml","p":5.98,"pp":4.48,"u":"29,87 €/L","img":"https://fd9-photos.leclercdrive.fr/image.ashx?id=2206985&use=l&cat=p&typeid=i","cat":290419},{"id":141694,"n":"Vitamine C Nutrisanté  24 comprimés à croquer 500mg","p":3.75,"u":"0,16 €/P","img":"https://fd9-photos.leclercdrive.fr/image.ashx?id=2963325&use=l&cat=p&typeid=i","cat":301264},{"id":141696,"n":"Ultrabiotique Nutrisanté La boîte de 90 gélules","p":19.99,"u":"0,22 €/P","img":"https://fd9-photos.leclercdrive.fr/image.ashx?id=2415341&use=l&cat=p&typeid=i","cat":301268},{"id":141697,"n":"Ultrabiotique Nutrisanté La boîte de 30 gélules","p":9.95,"u":"829,17 €/KG","img":"https://fd9-photos.leclercdrive.fr/image.ashx?id=2003713&use=l&cat=p&typeid=i","cat":301268},{"id":141703,"n":"Huile lavante Uriage Flacon pompe - 1L","p":9.48,"u":"9,48 €/L","img":"https://fd9-photos.leclercdrive.fr/image.ashx?id=2768234&use=l&cat=p&typeid=i","cat":301591},{"id":141704,"n":"Contour des yeux Filorga Optim-Eyes - 15ml","p":31.77,"img":"https://fd9-photos.leclercdrive.fr/image.ashx?id=2003557&use=l&cat=p&typeid=i","cat":291172},{"id":141705,"n":"D-stress booster La boîte de 20 sticks","p":10.99,"u":"0,55 €/P","img":"https://fd9-photos.leclercdrive.fr/image.ashx?id=2652263&use=l&cat=p&typeid=i","cat":301265},{"id":141709,"n":"Huile Grenade Weleda Régénératrice - 100ml","p":20.29,"u":"202,90 €/L","img":"https://fd9-photos.leclercdrive.fr/image.ashx?id=2505124&use=l&cat=p&typeid=i","cat":290422},{"id":141711,"n":"Huile de massage Arnica Weleda Le flacon de 100ml","p":10.89,"u":"108,90 €/L","img":"https://fd9-photos.leclercdrive.fr/image.ashx?id=2924056&use=l&cat=p&typeid=i","cat":290422},{"id":141712,"n":"Huile de massage Arnica Weleda Le flacon de 200ml","p":14.8,"u":"74,00 €/L","img":"https://fd9-photos.leclercdrive.fr/image.ashx?id=2990754&use=l&cat=p&typeid=i","cat":290422},{"id":141713,"n":"Vaseline Laboratoires Gilbert Flacon - 100ml","p":2.58,"u":"25,80 €/L","img":"https://fd9-photos.leclercdrive.fr/image.ashx?id=2057191&use=l&cat=p&typeid=i","cat":290405},{"id":141721,"n":"Alcool modifié 70% Gilbert 250ml","p":2.23,"u":"8,92 €/L","img":"https://fd9-photos.leclercdrive.fr/image.ashx?id=2087421&use=l&cat=p&typeid=i","cat":291163},{"id":141724,"n":"Soin lavant doux Saforelle Le flacon de 100ml","p":3.08,"u":"30,80 €/L","img":"https://fd9-photos.leclercdrive.fr/image.ashx?id=2003563&use=l&cat=p&typeid=i","cat":301348},{"id":141725,"n":"Soin lavant doux Saforelle Le flacon de 250ml","p":5.98,"u":"23,92 €/L","img":"https://fd9-photos.leclercdrive.fr/image.ashx?id=2003560&use=l&cat=p&typeid=i","cat":301348},{"id":141728,"n":"Hygiène du nez Sterimar 100ml","p":4.89,"u":"48,90 €/L","img":"https://fd9-photos.leclercdrive.fr/image.ashx?id=2733784&use=l&cat=p&typeid=i","cat":301256},{"id":141730,"n":"Nez bouché Sterimar Hypertonique - 100ml","p":5.69,"u":"56,90 €/L","img":"https://fd9-photos.leclercdrive.fr/image.ashx?id=2733787&use=l&cat=p&typeid=i","cat":301256},{"id":141737,"n":"Huile de soin Bi Oil 200ml","p":23.88,"u":"119,40 €/L","img":"https://fd9-photos.leclercdrive.fr/image.ashx?id=2944969&use=l&cat=p&typeid=i","cat":291159},{"id":141741,"n":"Soin lavant doux duo Saforelle Le lot de 2x250ml","p":9.99,"u":"19,98 €/L","img":"https://fd9-photos.leclercdrive.fr/image.ashx?id=2583407&use=l&cat=p&typeid=i","cat":301348},{"id":141746,"n":"Dentifrice blancheur Parodontax Le lot de 2x75ml","p":6.94,"u":"46,27 €/L","img":"https://fd9-photos.leclercdrive.fr/image.ashx?id=2536966&use=l&cat=p&typeid=i","cat":290419},{"id":141747,"n":"Bicarbonate de sodium Gilbert BoÏte - 250g","p":1.89,"u":"7,56 €/KG","img":"https://fd9-photos.leclercdrive.fr/image.ashx?id=2087415&use=l&cat=p&typeid=i","cat":291163},{"id":141750,"n":"Aromaforce spray nasal bio Spray - 15ml","p":5.88,"u":"392,00 €/L","img":"https://fd9-photos.leclercdrive.fr/image.ashx?id=2057824&use=l&cat=p&typeid=i","cat":301256},{"id":141754,"n":"Gel Arnican Cooper Choc, coup, chute  - 50g","p":2.98,"u":"59,60 €/KG","img":"https://fd9-photos.leclercdrive.fr/image.ashx?id=2003545&use=l&cat=p&typeid=i","cat":291163},{"id":141757,"n":"Gel vaginal Mucogyne Le tube de 40ml","p":9.48,"u":"237,00 €/L","img":"https://fd9-photos.leclercdrive.fr/image.ashx?id=2913298&use=l&cat=p&typeid=i","cat":328622},{"id":141758,"n":"Gel dentifrice Gum Paroex 75ml","p":2.58,"u":"34,40 €/L","img":"https://fd9-photos.leclercdrive.fr/image.ashx?id=2827833&use=l&cat=p&typeid=i","cat":290419},{"id":141761,"n":"Baume du tigre rouge Le pot de 19g","p":6.7,"u":"352,63 €/KG","img":"https://fd9-photos.leclercdrive.fr/image.ashx?id=2489968&use=l&cat=p&typeid=i","cat":290421},{"id":141762,"n":"Baume du tigre rouge Le pot de 30g","p":10.3,"u":"343,33 €/KG","img":"https://fd9-photos.leclercdrive.fr/image.ashx?id=2489971&use=l&cat=p&typeid=i","cat":290421},{"id":141763,"n":"Stick lèvres Neutrogena Le lot de 3","p":6.65,"u":"2,22 €/P","img":"https://fd9-photos.leclercdrive.fr/image.ashx?id=2989315&use=l&cat=p&typeid=i","cat":291172},{"id":141764,"n":"Densitium Bi-sérum SVR 2 x 15ml","p":36.88,"img":"https://fd9-photos.leclercdrive.fr/image.ashx?id=2359474&use=l&cat=p&typeid=i","cat":291168},{"id":141773,"n":"Rescue nuit spray Fleurs de Bach - 20ml","p":14.04,"u":"702,00 €/L","img":"https://fd9-photos.leclercdrive.fr/image.ashx?id=2003809&use=l&cat=p&typeid=i","cat":298633},{"id":141774,"n":"Rescue gouttes Fleurs de Bach - 20ml","p":11.48,"u":"574,00 €/L","img":"https://fd9-photos.leclercdrive.fr/image.ashx?id=2506639&use=l&cat=p&typeid=i","cat":298633},{"id":141775,"n":"Rescue spray Fleurs de Bach - 20ml","p":14.04,"u":"702,00 €/L","img":"https://fd9-photos.leclercdrive.fr/image.ashx?id=2003803&use=l&cat=p&typeid=i","cat":298633},{"id":141809,"n":"Friandise pour chat Dentalife Poulet - 40g","p":1.35,"u":"33,75 €/KG","img":"https://fd9-photos.leclercdrive.fr/image.ashx?id=2424716&use=l&cat=p&typeid=i","cat":285285},{"id":142084,"n":"Pommes de terre Grenailles  Panier du Primeur - 1kg","p":1.99,"u":"1,99 €/KG","img":"https://fd9-photos.leclercdrive.fr/image.ashx?id=2233214&use=l&cat=p&typeid=i","cat":284352},{"id":142199,"n":"Spatule pâtisserie Homeside 1 pièce","p":1.9,"img":"https://fd9-photos.leclercdrive.fr/image.ashx?id=2017542&use=l&cat=p&typeid=i","cat":334135},{"id":142201,"n":"Bacs à glaçons Homeside 1 pièce","p":1.9,"img":"https://fd9-photos.leclercdrive.fr/image.ashx?id=2017509&use=l&cat=p&typeid=i","cat":334135},{"id":142204,"n":"Allume gaz Homeside 1 pièce","p":3.99,"img":"https://fd9-photos.leclercdrive.fr/image.ashx?id=2017554&use=l&cat=p&typeid=i","cat":334135},{"id":142205,"n":"Mini piques brochettes Homeside 1 pièce","p":0.79,"img":"https://fd9-photos.leclercdrive.fr/image.ashx?id=2017503&use=l&cat=p&typeid=i","cat":334135},{"id":142206,"n":"Piques brochettes Homeside 25cm - 1 pièce","p":0.62,"img":"https://fd9-photos.leclercdrive.fr/image.ashx?id=2017500&use=l&cat=p&typeid=i","cat":334135},{"id":142213,"n":"Gant de cuisine Homeside 1 pièce","p":5.5,"img":"https://fd9-photos.leclercdrive.fr/image.ashx?id=2017566&use=l&cat=p&typeid=i","cat":334135},{"id":142220,"n":"Cuillère à glace Homeside 1 pièce","p":3.99,"img":"https://fd9-photos.leclercdrive.fr/image.ashx?id=2017530&use=l&cat=p&typeid=i","cat":334135},{"id":142222,"n":"Râpe  Homeside 1 pièce","p":2.59,"img":"https://fd9-photos.leclercdrive.fr/image.ashx?id=2017614&use=l&cat=p&typeid=i","cat":334135},{"id":142223,"n":"Rinces doigts Homeside 1 pièce","p":1.9,"img":"https://fd9-photos.leclercdrive.fr/image.ashx?id=2017623&use=l&cat=p&typeid=i","cat":334135},{"id":142228,"n":"Pailles en papier Homeside x24","p":1.05,"u":"0,04 €/P","img":"https://fd9-photos.leclercdrive.fr/image.ashx?id=2017620&use=l&cat=p&typeid=i","cat":334135},{"id":142229,"n":"Cuillère à infusion Homeside 1 pièce","p":1.49,"img":"https://fd9-photos.leclercdrive.fr/image.ashx?id=2017515&use=l&cat=p&typeid=i","cat":334135},{"id":142230,"n":"Filtre à café Homeside 1 pièce","p":2.5,"img":"https://fd9-photos.leclercdrive.fr/image.ashx?id=2017512&use=l&cat=p&typeid=i","cat":334135},{"id":142999,"n":"Cassolette saint jacques Tipiak Royale - 2x110g","p":5.89,"u":"26,77 €/KG","img":"https://fd9-photos.leclercdrive.fr/image.ashx?id=2798096&use=l&cat=p&typeid=i","cat":319775},{"id":143001,"n":"Dosettes café Plantation CLassique - x60 - 416g","p":6.09,"u":"14,64 €/KG","img":"https://fd9-photos.leclercdrive.fr/image.ashx?id=2166224&use=l&cat=p&typeid=i","cat":293238},{"id":143037,"n":"Toast apéro Pasquier Campagne - 100g","p":1.77,"u":"17,70 €/KG","img":"https://fd9-photos.leclercdrive.fr/image.ashx?id=2600674&use=l&cat=p&typeid=i","cat":285454},{"id":143237,"n":"Piles Eco+ AAA/LR3 - x8","p":1.29,"img":"https://fd9-photos.leclercdrive.fr/image.ashx?id=2036221&use=l&cat=p&typeid=i","cat":300572},{"id":143344,"n":"Biscottes Eco+ 90 tranches - 750g","p":2.08,"u":"2,77 €/KG","img":"https://fd9-photos.leclercdrive.fr/image.ashx?id=2319195&use=l&cat=p&typeid=i","cat":284479},{"id":143345,"n":"Biscottes Epi d'Or x108 - 900g","p":2.52,"u":"2,80 €/KG","img":"https://fd9-photos.leclercdrive.fr/image.ashx?id=2532847&use=l&cat=p&typeid=i","cat":284479},{"id":143460,"n":"Cassolettes St Jacques Tipiak Crème Sauternes - x2 - 220g","p":5.89,"u":"26,77 €/KG","img":"https://fd9-photos.leclercdrive.fr/image.ashx?id=2030018&use=l&cat=p&typeid=i","cat":319775},{"id":143477,"n":"Dessert liégeois Viennois  Café - 4x100g","p":1.54,"u":"3,85 €/KG","img":"https://fd9-photos.leclercdrive.fr/image.ashx?id=2692110&use=l&cat=p&typeid=i","cat":285042},{"id":143478,"n":"Dessert liégeois Viennois  Chocolat - 4x100g","p":1.53,"u":"3,83 €/KG","img":"https://fd9-photos.leclercdrive.fr/image.ashx?id=2849689&use=l&cat=p&typeid=i","cat":285042},{"id":143528,"n":"Dessert liégeois Viennois  Panaché Chocolat Café - 8x100g","p":2.76,"u":"3,45 €/KG","img":"https://fd9-photos.leclercdrive.fr/image.ashx?id=2675298&use=l&cat=p&typeid=i","cat":285042},{"id":143602,"n":"Barres de céréales Grainéa Chocolat lait, noisette x6-126g","p":1.63,"u":"12,94 €/KG","img":"https://fd9-photos.leclercdrive.fr/image.ashx?id=2721376&use=l&cat=p&typeid=i","cat":285869},{"id":143603,"n":"Barre de céréales Grainéa Fruits rouges x6 - 126g","p":1.4,"u":"11,11 €/KG","img":"https://fd9-photos.leclercdrive.fr/image.ashx?id=2912869&use=l&cat=p&typeid=i","cat":285869},{"id":143605,"n":"Barre de céréales Chocolat au lait & coco - 126g","p":1.7,"u":"13,49 €/KG","img":"https://fd9-photos.leclercdrive.fr/image.ashx?id=2034145&use=l&cat=p&typeid=i","cat":285869},{"id":143840,"n":"Giga Candy canes Fizzy 50g","p":1.47,"u":"29,40 €/KG","img":"https://fd9-photos.leclercdrive.fr/image.ashx?id=2426439&use=l&cat=p&typeid=i","cat":327592},{"id":143857,"n":"Drap housse Tissaia Marine 90x190cm coton bio","p":11.45,"img":"https://fd9-photos.leclercdrive.fr/image.ashx?id=2380340&use=l&cat=p&typeid=i","cat":286694},{"id":143861,"n":"Drap housse Tissaia Marine 140x190cm coton bio","p":15.95,"img":"https://fd9-photos.leclercdrive.fr/image.ashx?id=2380292&use=l&cat=p&typeid=i","cat":286694},{"id":143865,"n":"Taie d'oreiller Tissaia Marine 63x63cm coton bio","p":6.45,"img":"https://fd9-photos.leclercdrive.fr/image.ashx?id=2380298&use=l&cat=p&typeid=i","cat":286694},{"id":143869,"n":"Taie d'oreiller Tissaia Marine 50x70cm coton bio","p":6.45,"img":"https://fd9-photos.leclercdrive.fr/image.ashx?id=2380304&use=l&cat=p&typeid=i","cat":286694},{"id":143876,"n":"Drap housse Tissaia Blanc 140x190cm coton bio","p":15.95,"img":"https://fd9-photos.leclercdrive.fr/image.ashx?id=2380316&use=l&cat=p&typeid=i","cat":286694},{"id":143882,"n":"Drap housse Tissaia Blanc 90x190cm coton bio","p":11.45,"img":"https://fd9-photos.leclercdrive.fr/image.ashx?id=2380328&use=l&cat=p&typeid=i","cat":286694},{"id":143884,"n":"Drap housse Tissaia Blanc 160x200cm coton bio","p":18.45,"img":"https://fd9-photos.leclercdrive.fr/image.ashx?id=2380334&use=l&cat=p&typeid=i","cat":286694},{"id":143885,"n":"Taie d'oreiller Tissaia Blanc 70x50cm coton bio","p":6.45,"img":"https://fd9-photos.leclercdrive.fr/image.ashx?id=2380337&use=l&cat=p&typeid=i","cat":286694},{"id":143888,"n":"Drap housse Tissaia Gris 90x190 cm coton bio","p":11.45,"img":"https://fd9-photos.leclercdrive.fr/image.ashx?id=2380268&use=l&cat=p&typeid=i","cat":286694},{"id":143894,"n":"Taie d'oreiller Tissaia Gris 70x50 cm coton bio","p":6.45,"img":"https://fd9-photos.leclercdrive.fr/image.ashx?id=2380256&use=l&cat=p&typeid=i","cat":286694},{"id":143900,"n":"Taie d'oreiller Tissaia Gris 63x63 cm coton bio","p":6.45,"img":"https://fd9-photos.leclercdrive.fr/image.ashx?id=2380259&use=l&cat=p&typeid=i","cat":286694},{"id":144636,"n":"Boisson énergisante Monster Energy Pacific Punch - 50CL","p":1.69,"u":"3,38 €/L","img":"https://fd9-photos.leclercdrive.fr/image.ashx?id=2148407&use=l&cat=p&typeid=i","cat":284533},{"id":144773,"n":"Yaourt ferments lactiques Alsa 4 sachets - 8g","p":2.7,"u":"337,50 €/KG","img":"https://fd9-photos.leclercdrive.fr/image.ashx?id=2813875&use=l&cat=p&typeid=i","cat":284505},{"id":144783,"n":"Vinaigre spécial jardin \"Onyx\" 5 L","p":8.9,"u":"1,78 €/L","img":"https://fd9-photos.leclercdrive.fr/image.ashx?id=2842663&use=l&cat=p&typeid=i","cat":300576},{"id":144834,"n":"Dosettes café Plantation  Corsé - x60 - 417g","p":5.79,"u":"13,88 €/KG","img":"https://fd9-photos.leclercdrive.fr/image.ashx?id=2824292&use=l&cat=p&typeid=i","cat":293238},{"id":145115,"n":"Anti-moustiques Labo Marie Rose Répulsif & apaisant 6h - 100ml","p":6.32,"u":"63,20 €/L","img":"https://fd9-photos.leclercdrive.fr/image.ashx?id=2666743&use=l&cat=p&typeid=i","cat":299654},{"id":145117,"n":"Coupe-ongles Mercurochrome 1 pièce","p":3.92,"img":"https://fd9-photos.leclercdrive.fr/image.ashx?id=2665616&use=l&cat=p&typeid=i","cat":325354},{"id":145121,"n":"Préservatifs Classic Intimy Lubrifiés - x28","p":8.61,"u":"0,31 €/P","img":"https://fd9-photos.leclercdrive.fr/image.ashx?id=2927324&use=l&cat=p&typeid=i","cat":284631},{"id":145205,"n":"Eau de roses Christian Lenart 200ml","p":3.83,"u":"19,15 €/L","img":"https://fd9-photos.leclercdrive.fr/image.ashx?id=2036140&use=l&cat=p&typeid=i","cat":284603},{"id":145209,"n":"Pomme de terre grenailles bio Bio Village - 750g","p":2.49,"u":"3,32 €/KG","img":"https://fd9-photos.leclercdrive.fr/image.ashx?id=2960574&use=l&cat=p&typeid=i","cat":284352},{"id":145227,"n":"Shampooing Marie Rose Anti-poux & Lentes  - 125ml","p":5.78,"u":"46,24 €/L","img":"https://fd9-photos.leclercdrive.fr/image.ashx?id=2689523&use=l&cat=p&typeid=i","cat":299654},{"id":145410,"n":"Amandes grillées Couleurs Vives Décortiquées - non salé - 250g","p":3.46,"u":"13,84 €/KG","img":"https://fd9-photos.leclercdrive.fr/image.ashx?id=2542929&use=l&cat=p&typeid=i","cat":284357},{"id":145500,"n":"Chips extra croquante Vico 150g","p":1.01,"u":"6,73 €/KG","img":"https://fd9-photos.leclercdrive.fr/image.ashx?id=2917822&use=l&cat=p&typeid=i","cat":284447},{"id":145513,"n":"Fond de veau Kubor Maggi Dégraissé - 100g","p":2.42,"u":"24,20 €/KG","img":"https://fd9-photos.leclercdrive.fr/image.ashx?id=2917540&use=l&cat=p&typeid=i","cat":288379},{"id":145559,"n":"Fond de volaille Maggi 110g","p":2.64,"u":"24,00 €/KG","img":"https://fd9-photos.leclercdrive.fr/image.ashx?id=2917549&use=l&cat=p&typeid=i","cat":288379},{"id":145560,"n":"Frites rustique Pom'lisse 600g","p":1.99,"u":"3,32 €/KG","img":"https://fd9-photos.leclercdrive.fr/image.ashx?id=2770690&use=l&cat=p&typeid=i","cat":319791},{"id":145810,"n":"Chocolat Peluche mix Kinder Renne -  133g","p":13.94,"u":"104,81 €/KG","img":"https://fd9-photos.leclercdrive.fr/image.ashx?id=2039380&use=l&cat=p&typeid=i","cat":327789},{"id":145881,"n":"Coulis de tomate NRT De Provence - 400g","p":1.31,"u":"3,28 €/KG","img":"https://fd9-photos.leclercdrive.fr/image.ashx?id=2840001&use=l&cat=p&typeid=i","cat":288384},{"id":146412,"n":"Infusion bio Jardin Bio Digestion légère x20 - 30g","p":2.61,"u":"87,00 €/KG","img":"https://fd9-photos.leclercdrive.fr/image.ashx?id=2792603&use=l&cat=p&typeid=i","cat":293234},{"id":146413,"n":"Infusion bio Jardin Bio Détente sommeil x20 - 30g","p":2.54,"u":"84,67 €/KG","img":"https://fd9-photos.leclercdrive.fr/image.ashx?id=3011449&use=l&cat=p&typeid=i","cat":293234},{"id":146414,"n":"Infusion bio Jardin Bio Nuits paisibles x20 - 30g","p":2.61,"u":"87,00 €/KG","img":"https://fd9-photos.leclercdrive.fr/image.ashx?id=2792612&use=l&cat=p&typeid=i","cat":293234},{"id":146417,"n":"Infusion Jardin Bio Bio Thym citron - 30g - x20","p":2.62,"u":"87,33 €/KG","img":"https://fd9-photos.leclercdrive.fr/image.ashx?id=2792621&use=l&cat=p&typeid=i","cat":293234},{"id":146418,"n":"Infusion Jardin Bio Bio ventre plat - x20 - 30g","p":2.57,"u":"85,67 €/KG","img":"https://fd9-photos.leclercdrive.fr/image.ashx?id=2986564&use=l&cat=p&typeid=i","cat":293234},{"id":146419,"n":"Infusion Jardin Bio Bio bruleur de graisse x20 -30g","p":2.51,"u":"83,67 €/KG","img":"https://fd9-photos.leclercdrive.fr/image.ashx?id=2968322&use=l&cat=p&typeid=i","cat":293234},{"id":146421,"n":"Infusion Jardin Bio Bio detox - x20 - 30g","p":2.55,"u":"85,00 €/KG","img":"https://fd9-photos.leclercdrive.fr/image.ashx?id=2792630&use=l&cat=p&typeid=i","cat":293234},{"id":146422,"n":"Thé vert Jardin Bio Bio minceur - x20 - 30g","p":2.66,"u":"88,67 €/KG","img":"https://fd9-photos.leclercdrive.fr/image.ashx?id=2948066&use=l&cat=p&typeid=i","cat":293233},{"id":146425,"n":"Thé Jardin Bio Bio détox - x20 - 30g","p":2.51,"u":"83,67 €/KG","img":"https://fd9-photos.leclercdrive.fr/image.ashx?id=2578205&use=l&cat=p&typeid=i","cat":293233},{"id":146426,"n":"Thé vert bio Jardin Bio Gingembre citron vert x20 - 30g","p":2.62,"u":"87,33 €/KG","img":"https://fd9-photos.leclercdrive.fr/image.ashx?id=3011452&use=l&cat=p&typeid=i","cat":293233},{"id":146738,"n":"Café Soluble Nescafé Cappuccino Noisette - 270g","p":4.69,"u":"17,37 €/KG","img":"https://fd9-photos.leclercdrive.fr/image.ashx?id=2867791&use=l&cat=p&typeid=i","cat":284843},{"id":146740,"n":"Petits Pois Bonduelle Sans Arôme Ajouté 560g","p":1.98,"u":"3,54 €/KG","img":"https://fd9-photos.leclercdrive.fr/image.ashx?id=2939256&use=l&cat=p&typeid=i","cat":312607},{"id":146916,"n":"Préparation alsa Crème Pâtissière - 390g","p":2.88,"u":"7,38 €/KG","img":"https://fd9-photos.leclercdrive.fr/image.ashx?id=3007990&use=l&cat=p&typeid=i","cat":284505},{"id":146954,"n":"Pizza la moelleuse Burger - 625g","p":3.94,"u":"6,30 €/KG","img":"https://fd9-photos.leclercdrive.fr/image.ashx?id=2953644&use=l&cat=p&typeid=i","cat":284256},{"id":147002,"n":"Feuilleté de Mousse La Laitière Chocolat - 4x57g","p":1.62,"u":"7,11 €/KG","img":"https://fd9-photos.leclercdrive.fr/image.ashx?id=2858594&use=l&cat=p&typeid=i","cat":284417},{"id":147024,"n":"Raviolis farcis Ajinomoto Gyoza poulet légumes - 400g","p":5.89,"u":"14,73 €/KG","img":"https://fd9-photos.leclercdrive.fr/image.ashx?id=2590294&use=l&cat=p&typeid=i","cat":284254},{"id":147026,"n":"Raviolis farcis Ajinomoto Gyoza crevettes - 400g","p":5.83,"u":"14,58 €/KG","img":"https://fd9-photos.leclercdrive.fr/image.ashx?id=2590297&use=l&cat=p&typeid=i","cat":284254},{"id":147067,"n":"Gyoza Boeuf et Légumes Ajinomoto - 212g","p":4.13,"u":"19,48 €/KG","img":"https://fd9-photos.leclercdrive.fr/image.ashx?id=2590628&use=l&cat=p&typeid=i","cat":319774},{"id":147076,"n":"Bouillon Cube Maggi Volaille - 80g","p":0.87,"u":"10,88 €/KG","img":"https://fd9-photos.leclercdrive.fr/image.ashx?id=2737036&use=l&cat=p&typeid=i","cat":288379},{"id":147119,"n":"Lave glace Tech 9 -20°C - 5L","p":5.99,"u":"1,20 €/L","img":"https://fd9-photos.leclercdrive.fr/image.ashx?id=2054896&use=l&cat=p&typeid=i","cat":298252},{"id":147196,"n":"Pilon de poulet Maitre Coq Blanc - Nourri au blé - 750g","p":4.45,"u":"5,93 €/KG","img":"https://fd9-photos.leclercdrive.fr/image.ashx?id=2855522&use=l&cat=p&typeid=i","cat":284336},{"id":147202,"n":"Haut de cuisse jaune Maitre Coq Poulet -nourri au maïs - 750g","p":4.8,"u":"6,40 €/KG","img":"https://fd9-photos.leclercdrive.fr/image.ashx?id=2855519&use=l&cat=p&typeid=i","cat":284336},{"id":147224,"n":"Capsules Nescafé Dolce Gusto  Espresso - x30","p":7.74,"u":"46,91 €/KG","img":"https://fd9-photos.leclercdrive.fr/image.ashx?id=2737105&use=l&cat=p&typeid=i","cat":293239},{"id":147248,"n":"Muesli  Grainea chocolat Noisette 350g","p":2.84,"u":"8,11 €/KG","img":"https://fd9-photos.leclercdrive.fr/image.ashx?id=3002827&use=l&cat=p&typeid=i","cat":309512},{"id":147250,"n":"Préparation Flan Entremets alsa Vanille - 192g","p":1.47,"u":"7,66 €/KG","img":"https://fd9-photos.leclercdrive.fr/image.ashx?id=2805117&use=l&cat=p&typeid=i","cat":284504},{"id":147254,"n":"Confiture Eco+ Fraise - 450g","p":1.14,"u":"2,53 €/KG","img":"https://fd9-photos.leclercdrive.fr/image.ashx?id=2721346&use=l&cat=p&typeid=i","cat":284480},{"id":147255,"n":"Confiture Eco+ Abricot - 450g","p":1.23,"u":"2,73 €/KG","img":"https://fd9-photos.leclercdrive.fr/image.ashx?id=2369161&use=l&cat=p&typeid=i","cat":284480},{"id":147422,"n":"Bière Brewdog Punk IPA 33cl","p":2.45,"u":"7,42 €/L","img":"https://fd9-photos.leclercdrive.fr/image.ashx?id=2941859&use=l&cat=p&typeid=i","cat":334872},{"id":147438,"n":"Tablette chocolat Milka Chocolat au lait - 5x100g","p":7.3,"u":"14,60 €/KG","img":"https://fd9-photos.leclercdrive.fr/image.ashx?id=2955203&use=l&cat=p&typeid=i","cat":284497},{"id":147442,"n":"Pochons Tous mes amis Sauce viande - 12x100g","p":3.59,"u":"2,99 €/KG","img":"https://fd9-photos.leclercdrive.fr/image.ashx?id=2054993&use=l&cat=p&typeid=i","cat":288578},{"id":147455,"n":"Capsules café Plantation Décaféiné n°5 - x30 - 156g","p":5.19,"u":"33,27 €/KG","img":"https://fd9-photos.leclercdrive.fr/image.ashx?id=2418149&use=l&cat=p&typeid=i","cat":284749},{"id":147464,"n":"Infusion bien-être Jardin Bio Bio x20 - 28g","p":2.67,"u":"95,36 €/KG","img":"https://fd9-photos.leclercdrive.fr/image.ashx?id=2792606&use=l&cat=p&typeid=i","cat":293234},{"id":147466,"n":"Protège oreiller carré Tissaia Blanc 65x65cm","p":6.95,"img":"https://fd9-photos.leclercdrive.fr/image.ashx?id=2380352&use=l&cat=p&typeid=i","cat":288835},{"id":147500,"n":"Socquette semi bouclette Gris chiné - 39/42 x3","p":4.8,"u":"1,60 €/P","img":"https://fd9-photos.leclercdrive.fr/image.ashx?id=2049181&use=l&cat=p&typeid=i","cat":334130},{"id":147501,"n":"Socquette semi bouclette Gris chiné T46/48  - x3","p":4.8,"u":"1,60 €/P","img":"https://fd9-photos.leclercdrive.fr/image.ashx?id=2049187&use=l&cat=p&typeid=i","cat":334130},{"id":147502,"n":"Socquette semi bouclette Gris chiné - T43/45 X3","p":4.8,"u":"1,60 €/P","img":"https://fd9-photos.leclercdrive.fr/image.ashx?id=2049184&use=l&cat=p&typeid=i","cat":334130},{"id":147504,"n":"Mi chaussette Semi bouclette Gris chiné - T39/42 x3","p":5.5,"u":"1,83 €/P","img":"https://fd9-photos.leclercdrive.fr/image.ashx?id=2049190&use=l&cat=p&typeid=i","cat":334130},{"id":147505,"n":"Mi chaussette semi bouclette Gris chiné - T43/45","p":5.5,"u":"1,83 €/P","img":"https://fd9-photos.leclercdrive.fr/image.ashx?id=2049247&use=l&cat=p&typeid=i","cat":334130},{"id":147519,"n":"Moulin poivre Ducros 35g","p":3.0,"u":"85,71 €/KG","img":"https://fd9-photos.leclercdrive.fr/image.ashx?id=2498678&use=l&cat=p&typeid=i","cat":284457},{"id":147531,"n":"Bain moussant Eco + Pêche - 750ml","p":0.52,"u":"0,69 €/L","img":"https://fd9-photos.leclercdrive.fr/image.ashx?id=2779175&use=l&cat=p&typeid=i","cat":284594},{"id":147532,"n":"Crème à récurer Eco + Parfum citron - 750ml","p":0.6,"u":"0,80 €/L","img":"https://fd9-photos.leclercdrive.fr/image.ashx?id=2579111&use=l&cat=p&typeid=i","cat":325357},{"id":147536,"n":"Liquide vaisselle Eco + Concentré citron - 500ml","p":0.42,"u":"0,84 €/L","img":"https://fd9-photos.leclercdrive.fr/image.ashx?id=2048947&use=l&cat=p&typeid=i","cat":284655},{"id":147537,"n":"Nettoyant ménager Eco + Citron - 2L","p":1.11,"u":"0,56 €/L","img":"https://fd9-photos.leclercdrive.fr/image.ashx?id=2946148&use=l&cat=p&typeid=i","cat":284907},{"id":147539,"n":"Capsules café Plantation Café au lait - x16 - 152g","p":3.29,"u":"21,64 €/KG","img":"https://fd9-photos.leclercdrive.fr/image.ashx?id=2649750&use=l&cat=p&typeid=i","cat":293239},{"id":147543,"n":"Gel WC détartrant Eco + Citron - 750ml","p":0.58,"u":"0,77 €/L","img":"https://fd9-photos.leclercdrive.fr/image.ashx?id=2396601&use=l&cat=p&typeid=i","cat":284662},{"id":147544,"n":"Pastilles lave-vaisselle Eco + x50 - 750g","p":2.59,"u":"3,45 €/KG","img":"https://fd9-photos.leclercdrive.fr/image.ashx?id=2865032&use=l&cat=p&typeid=i","cat":284656},{"id":147550,"n":"Nettoyant vitres Eco + 1L","p":0.76,"u":"0,76 €/L","img":"https://fd9-photos.leclercdrive.fr/image.ashx?id=2074885&use=l&cat=p&typeid=i","cat":325363},{"id":148048,"n":"Ravioles aux 3 fromages Persil de la Drôme Saint Jean 310g","p":3.34,"u":"10,77 €/KG","img":"https://fd9-photos.leclercdrive.fr/image.ashx?id=2438651&use=l&cat=p&typeid=i","cat":333682},{"id":148070,"n":"Thermomètre Primoplast Electronique - 1 pièce","p":3.89,"img":"https://fd9-photos.leclercdrive.fr/image.ashx?id=2988123&use=l&cat=p&typeid=i","cat":284630},{"id":148073,"n":"Crème fixative Polident Soin & Tolérance - 70g","p":5.24,"u":"74,86 €/KG","img":"https://fd9-photos.leclercdrive.fr/image.ashx?id=2276195&use=l&cat=p&typeid=i","cat":285158},{"id":148124,"n":"Datte ravier Favorite Deglet nour - 500g","p":1.72,"u":"3,44 €/KG","img":"https://fd9-photos.leclercdrive.fr/image.ashx?id=2730610&use=l&cat=p&typeid=i","cat":284357},{"id":148291,"n":"Bière Aromatisée Grimbergen Rouge 5,5° - 6x25cl","p":5.12,"u":"3,41 €/L","img":"https://fd9-photos.leclercdrive.fr/image.ashx?id=2873327&use=l&cat=p&typeid=i","cat":334878},{"id":148341,"n":"Spray hygiène du nez Prorhinel à l'aloe vera - enfant - 100ml","p":5.79,"u":"57,90 €/L","img":"https://fd9-photos.leclercdrive.fr/image.ashx?id=2917858&use=l&cat=p&typeid=i","cat":284630},{"id":148344,"n":"Torti à la bolognaise Stéphan - 800g","p":3.46,"u":"4,33 €/KG","img":"https://fd9-photos.leclercdrive.fr/image.ashx?id=2757048&use=l&cat=p&typeid=i","cat":284441},{"id":148384,"n":"Donut nappé chocolat 180g","p":1.39,"u":"7,72 €/KG","img":"https://fd9-photos.leclercdrive.fr/image.ashx?id=2590707&use=l&cat=p&typeid=i","cat":284495},{"id":148498,"n":"Pack de 3 microdiscs Brita Filtrants - 1 pièce","p":13.15,"img":"https://fd9-photos.leclercdrive.fr/image.ashx?id=2878264&use=l&cat=p&typeid=i","cat":334135},{"id":148511,"n":"Glace coppa Saporit Amarena vanille x2 - 180g","p":3.5,"u":"19,44 €/KG","img":"https://fd9-photos.leclercdrive.fr/image.ashx?id=2296664&use=l&cat=p&typeid=i","cat":284263},{"id":148743,"n":"Galette moelleuse Saint Michel Chocolat au lait - 180g","p":1.89,"u":"10,50 €/KG","img":"https://fd9-photos.leclercdrive.fr/image.ashx?id=2936248&use=l&cat=p&typeid=i","cat":284495},{"id":148756,"n":"Saumon fumé de Norvège Vici au sel de Guérande 4t - 150g","p":5.4,"u":"36,00 €/KG","img":"https://fd9-photos.leclercdrive.fr/image.ashx?id=2061454&use=l&cat=p&typeid=i","cat":285188},{"id":148957,"n":"Pavé saumon Eco+ MSC - x2 - 250g","p":3.09,"u":"12,36 €/KG","img":"https://fd9-photos.leclercdrive.fr/image.ashx?id=2800225&use=l&cat=p&typeid=i","cat":319786},{"id":148998,"n":"Papier cuisson Elembal Feuilles - x30","p":0.99,"u":"0,03 €/P","img":"https://fd9-photos.leclercdrive.fr/image.ashx?id=2059971&use=l&cat=p&typeid=i","cat":334134},{"id":149326,"n":"Tissus microfibre multi usage x1","p":2.49,"img":"https://fd9-photos.leclercdrive.fr/image.ashx?id=2068348&use=l&cat=p&typeid=i","cat":298252},{"id":149327,"n":"Microfibres pour vitre x1","p":3.45,"img":"https://fd9-photos.leclercdrive.fr/image.ashx?id=2068351&use=l&cat=p&typeid=i","cat":298252},{"id":149329,"n":"Chiffon anti buée x1","p":1.85,"img":"https://fd9-photos.leclercdrive.fr/image.ashx?id=2068357&use=l&cat=p&typeid=i","cat":298252},{"id":149342,"n":"Brosse anti poils d'animaux x1","p":5.5,"img":"https://fd9-photos.leclercdrive.fr/image.ashx?id=2068354&use=l&cat=p&typeid=i","cat":298252},{"id":149388,"n":"Shampooing sec Batiste Nude aérosol - 200ml","p":3.41,"u":"17,05 €/L","img":"https://fd9-photos.leclercdrive.fr/image.ashx?id=2558334&use=l&cat=p&typeid=i","cat":289143},{"id":149428,"n":"Boisson à base de vin rosé  Pamplemousse - 7.5% vol - 75cl","p":3.09,"u":"4,12 €/L","img":"https://fd9-photos.leclercdrive.fr/image.ashx?id=2958525&use=l&cat=p&typeid=i","cat":304569},{"id":149465,"n":"Brosse à Dents Signal Soin Gencives Souple x4","p":2.44,"u":"0,61 €/P","img":"https://fd9-photos.leclercdrive.fr/image.ashx?id=2964234&use=l&cat=p&typeid=i","cat":284614},{"id":149817,"n":"Rouleau Râpe Velvet Smooth Ultra Exfoliant Pieds - x2","p":13.69,"u":"6,85 €/P","img":"https://fd9-photos.leclercdrive.fr/image.ashx?id=2628404&use=l&cat=p&typeid=i","cat":325354},{"id":149819,"n":"Sérum Visage Correcteur Nivea Anti-taches Luminous - 30ml","p":14.2,"u":"473,33 €/L","img":"https://fd9-photos.leclercdrive.fr/image.ashx?id=2639720&use=l&cat=p&typeid=i","cat":325345},{"id":149854,"n":"Dentifrice Elmex enfant 0-6ans Anti-caries - 75ml","p":3.44,"u":"45,87 €/L","img":"https://fd9-photos.leclercdrive.fr/image.ashx?id=2745289&use=l&cat=p&typeid=i","cat":288898},{"id":149879,"n":"Raclette anti-buée Avec manche télescopique x1","p":5.75,"img":"https://fd9-photos.leclercdrive.fr/image.ashx?id=2068360&use=l&cat=p&typeid=i","cat":298252},{"id":149920,"n":"Mini gougères Tipiak Coeur fondant - x10 - 110g","p":3.14,"u":"28,55 €/KG","img":"https://fd9-photos.leclercdrive.fr/image.ashx?id=2672185&use=l&cat=p&typeid=i","cat":319774},{"id":149935,"n":"Sérum Effaclar La Roche Posay Visage - 30ml","p":25.89,"u":"863,00 €/L","img":"https://fd9-photos.leclercdrive.fr/image.ashx?id=2128884&use=l&cat=p&typeid=i","cat":291166},{"id":149951,"n":"Soin hydratant La Roche Posay Tolériane Sensitive Riche -40ml","p":13.78,"u":"344,50 €/L","img":"https://fd9-photos.leclercdrive.fr/image.ashx?id=2087014&use=l&cat=p&typeid=i","cat":291171},{"id":149953,"n":"Dentifrice Fluocaril Junior 6-12ans Fruits rouges - 2x75ml","p":4.98,"pp":3.73,"u":"24,87 €/L","img":"https://fd9-photos.leclercdrive.fr/image.ashx?id=2585276&use=l&cat=p&typeid=i","cat":290418},{"id":149997,"n":"Compléments Duo Phyto Phytophanère - 2x120 capsules","p":19.9,"u":"0,08 €/P","img":"https://fd9-photos.leclercdrive.fr/image.ashx?id=2065391&use=l&cat=p&typeid=i","cat":301266},{"id":149998,"n":"Brûleur de graisse Forte Pharma Xtraslim700 45+ - 120 gélules","p":38.06,"u":"623,93 €/KG","img":"https://fd9-photos.leclercdrive.fr/image.ashx?id=2067185&use=l&cat=p&typeid=i","cat":301267},{"id":150002,"n":"Shampooing coco Natessance 250ml","p":4.84,"u":"19,36 €/L","img":"https://fd9-photos.leclercdrive.fr/image.ashx?id=2761399&use=l&cat=p&typeid=i","cat":290400},{"id":150004,"n":"Huile de ricin Ntessance 50ml","p":4.0,"u":"80,00 €/L","img":"https://fd9-photos.leclercdrive.fr/image.ashx?id=2065430&use=l&cat=p&typeid=i","cat":290422},{"id":150008,"n":"Soin Sécheresse Hyralin 400ml","p":11.48,"u":"28,70 €/L","img":"https://fd9-photos.leclercdrive.fr/image.ashx?id=2905432&use=l&cat=p&typeid=i","cat":301348},{"id":150010,"n":"Pansement Elastoplast Aqua Protect - x20","p":3.09,"u":"0,15 €/P","img":"https://fd9-photos.leclercdrive.fr/image.ashx?id=2181014&use=l&cat=p&typeid=i","cat":291163},{"id":150014,"n":"Soin intime Hydralin Gyn Irritation - 400ml","p":10.78,"u":"26,95 €/L","img":"https://fd9-photos.leclercdrive.fr/image.ashx?id=2929900&use=l&cat=p&typeid=i","cat":301348},{"id":150015,"n":"Gel lubrifiant Hydralin 50ml","p":10.59,"u":"211,80 €/L","img":"https://fd9-photos.leclercdrive.fr/image.ashx?id=2959085&use=l&cat=p&typeid=i","cat":328622},{"id":150127,"n":"Brûleur de graisse Forte Pharma  Xtraslim700 - 120 gélules","p":38.06,"u":"0,32 €/P","img":"https://fd9-photos.leclercdrive.fr/image.ashx?id=2066848&use=l&cat=p&typeid=i","cat":301267},{"id":150129,"n":"Shampooing tea tree Natessance Equilibrant Purifiant  - 250ml","p":4.84,"u":"19,36 €/L","img":"https://fd9-photos.leclercdrive.fr/image.ashx?id=2761402&use=l&cat=p&typeid=i","cat":290400},{"id":150235,"n":"Sachet pieces de monnaie Rohan Vert - 100g","p":2.43,"u":"24,30 €/KG","img":"https://fd9-photos.leclercdrive.fr/image.ashx?id=2068438&use=l&cat=p&typeid=i","cat":284958},{"id":150236,"n":"Sachet pieces de monnaie Rohan Bleu - 100g","p":2.43,"u":"24,30 €/KG","img":"https://fd9-photos.leclercdrive.fr/image.ashx?id=2068441&use=l&cat=p&typeid=i","cat":284958},{"id":150237,"n":"Sachet pieces de monnaie Rohan Rouge - 100g","p":2.43,"u":"24,30 €/KG","img":"https://fd9-photos.leclercdrive.fr/image.ashx?id=2068444&use=l&cat=p&typeid=i","cat":284958},{"id":150284,"n":"AOP La Clape Rouge Domaine Ferri Arnaud - 75 cl","p":5.6,"pp":4.48,"u":"5,97 €/L","img":"https://fd9-photos.leclercdrive.fr/image.ashx?id=2068288&use=l&cat=p&typeid=i","cat":289556},{"id":150285,"n":"AOP la Clape Blanc Domaine Ferri Arnaud - 75 cl","p":5.6,"pp":4.48,"u":"5,97 €/L","img":"https://fd9-photos.leclercdrive.fr/image.ashx?id=2068285&use=l&cat=p&typeid=i","cat":289557},{"id":150303,"n":"Yaourt bifidus Activia Céréales noix - 4x120g","p":2.15,"u":"4,48 €/KG","img":"https://fd9-photos.leclercdrive.fr/image.ashx?id=2792123&use=l&cat=p&typeid=i","cat":315000},{"id":150304,"n":"Yaourt bifidus Activia  Muesli - 4x120g","p":2.15,"u":"4,48 €/KG","img":"https://fd9-photos.leclercdrive.fr/image.ashx?id=2792117&use=l&cat=p&typeid=i","cat":315000},{"id":150307,"n":"Liquide refroidissement TECH9 -25°C - 5L","p":9.99,"u":"2,00 €/L","img":"https://fd9-photos.leclercdrive.fr/image.ashx?id=2162711&use=l&cat=p&typeid=i","cat":298253},{"id":150485,"n":"Chocolat Pâtissier Lindt Noir - 70% cacao - 200g","p":3.27,"u":"16,35 €/KG","img":"https://fd9-photos.leclercdrive.fr/image.ashx?id=2730223&use=l&cat=p&typeid=i","cat":285562},{"id":150488,"n":"Tartine pain campagne Pasquier - 180g","p":2.09,"u":"11,61 €/KG","img":"https://fd9-photos.leclercdrive.fr/image.ashx?id=2967028&use=l&cat=p&typeid=i","cat":285543},{"id":150763,"n":"Imperméabilisant protecteur Cuir Daim Nubuck 250ml","p":2.68,"u":"10,72 €/L","img":"https://fd9-photos.leclercdrive.fr/image.ashx?id=2835208&use=l&cat=p&typeid=i","cat":285201},{"id":150788,"n":"HERTA Tendre Croc Jambon Fromage sans nitrite 200g x2","p":1.71,"u":"8,55 €/KG","img":"https://fd9-photos.leclercdrive.fr/image.ashx?id=2752885&use=l&cat=p&typeid=i","cat":333671},{"id":150789,"n":"Détartrant multi-usages Melitta 375ml","p":3.55,"u":"9,47 €/L","img":"https://fd9-photos.leclercdrive.fr/image.ashx?id=2871070&use=l&cat=p&typeid=i","cat":325362},{"id":150793,"n":"HERTA Tendre Croc Jambon Fromage sans nitrite 400g x4","p":3.37,"u":"8,43 €/KG","img":"https://fd9-photos.leclercdrive.fr/image.ashx?id=2070144&use=l&cat=p&typeid=i","cat":333671},{"id":150798,"n":"HERTA Tendre Croc Comté Jambon sans nitrite 200g x2","p":1.91,"u":"9,55 €/KG","img":"https://fd9-photos.leclercdrive.fr/image.ashx?id=2070147&use=l&cat=p&typeid=i","cat":333671},{"id":150821,"n":"Kinder Mix peluche Kinder 133g","p":13.94,"u":"104,81 €/KG","img":"https://fd9-photos.leclercdrive.fr/image.ashx?id=2428914&use=l&cat=p&typeid=i","cat":327789},{"id":151103,"n":"Vin France Cabernet Sauvignon Rosé - Cambras - Merlot - 75cl","p":2.6,"u":"3,47 €/L","img":"https://fd9-photos.leclercdrive.fr/image.ashx?id=2941026&use=l&cat=p&typeid=i","cat":289558},{"id":151106,"n":"Vin France Cambras rouge -12,5% Merlot Cabernet Sauvignon -75cl","p":2.56,"u":"3,41 €/L","img":"https://fd9-photos.leclercdrive.fr/image.ashx?id=2941029&use=l&cat=p&typeid=i","cat":289556},{"id":151111,"n":"Crème glacée Haagen-Dazs Caramel beurre salée - 560g","p":6.62,"u":"11,82 €/KG","img":"https://fd9-photos.leclercdrive.fr/image.ashx?id=2893420&use=l&cat=p&typeid=i","cat":284725},{"id":151235,"n":"HERTA Blanc de poulet nature sans nitrite - 140g 4T","p":2.02,"u":"14,43 €/KG","img":"https://fd9-photos.leclercdrive.fr/image.ashx?id=2731348&use=l&cat=p&typeid=i","cat":316010},{"id":151290,"n":"Herta Blanc de poulet -25% de sel sans nitrite 140g 4T","p":2.05,"u":"14,64 €/KG","img":"https://fd9-photos.leclercdrive.fr/image.ashx?id=2307733&use=l&cat=p&typeid=i","cat":316010},{"id":151381,"n":"Saucisse de toulouse confites bocal de 380g","p":8.46,"u":"22,26 €/KG","img":"https://fd9-photos.leclercdrive.fr/image.ashx?id=2073730&use=l&cat=p&typeid=i","cat":284441},{"id":151472,"n":"Fromage blanc Calin Extra Nature - 850g","p":2.29,"u":"2,69 €/KG","img":"https://fd9-photos.leclercdrive.fr/image.ashx?id=2973739&use=l&cat=p&typeid=i","cat":284409},{"id":151494,"n":"Saucisse sèche perche Seigneurie - 330g","p":4.3,"u":"13,03 €/KG","img":"https://fd9-photos.leclercdrive.fr/image.ashx?id=2085108&use=l&cat=p&typeid=i","cat":316006},{"id":151505,"n":"Cèpes morceaux Grosse Coupe Champiland - 800g","p":14.95,"pp":9.87,"u":"12,34 €/KG","img":"https://fd9-photos.leclercdrive.fr/image.ashx?id=2340909&use=l&cat=p&typeid=i","cat":319805},{"id":151795,"n":"AOP Corbières rouge Hérésie - 75cl","p":7.5,"u":"10,00 €/L","img":"https://fd9-photos.leclercdrive.fr/image.ashx?id=2742138&use=l&cat=p&typeid=i","cat":289556},{"id":151910,"n":"Kinder chocolat Moulage Poussin - 36g","p":2.17,"u":"60,28 €/KG","img":"https://fd9-photos.leclercdrive.fr/image.ashx?id=2065607&use=l&cat=p&typeid=i","cat":327592},{"id":151911,"n":"Kinder chocolat Moulage Ecureuil - 36g","p":2.17,"u":"60,28 €/KG","img":"https://fd9-photos.leclercdrive.fr/image.ashx?id=2077763&use=l&cat=p&typeid=i","cat":327592},{"id":151915,"n":"Kinder chocolat Moulage Mouton - 36g","p":2.17,"u":"60,28 €/KG","img":"https://fd9-photos.leclercdrive.fr/image.ashx?id=2077766&use=l&cat=p&typeid=i","cat":327592},{"id":151917,"n":"Kinder chocolat Moulage Coccinelle - 36g","p":2.17,"u":"60,28 €/KG","img":"https://fd9-photos.leclercdrive.fr/image.ashx?id=2077769&use=l&cat=p&typeid=i","cat":327592},{"id":151918,"n":"Kinder chocolat Moulage Grenouille - 36g","p":2.17,"u":"60,28 €/KG","img":"https://fd9-photos.leclercdrive.fr/image.ashx?id=2077772&use=l&cat=p&typeid=i","cat":327592},{"id":151935,"n":"Romaine Panier du Primeur x1","p":0.99,"img":"https://fd9-photos.leclercdrive.fr/image.ashx?id=2529555&use=l&cat=p&typeid=i","cat":284352},{"id":151936,"n":"Yaourt brassé Bio Les 2 Vaches Vanille - 4x115g","p":1.94,"u":"4,22 €/KG","img":"https://fd9-photos.leclercdrive.fr/image.ashx?id=2571542&use=l&cat=p&typeid=i","cat":284410},{"id":151996,"n":"Fromage enfant Kiri crème 24 portions à tartiner - 432g","p":5.1,"u":"0,21 €/P","img":"https://fd9-photos.leclercdrive.fr/image.ashx?id=2973568&use=l&cat=p&typeid=i","cat":314030},{"id":152001,"n":"Gnocchi à poêler Roll Lustucru  300g","p":1.73,"u":"5,77 €/KG","img":"https://fd9-photos.leclercdrive.fr/image.ashx?id=2792408&use=l&cat=p&typeid=i","cat":333682},{"id":152023,"n":"Renovateur blanc La Vachette avec applicateur - 75ml","p":2.16,"u":"28,80 €/L","img":"https://fd9-photos.leclercdrive.fr/image.ashx?id=2075287&use=l&cat=p&typeid=i","cat":285201},{"id":152473,"n":"Billes Chocolat au Lait KitKat Sachet - 400g","p":6.0,"u":"15,00 €/KG","img":"https://fd9-photos.leclercdrive.fr/image.ashx?id=2807087&use=l&cat=p&typeid=i","cat":304238},{"id":152507,"n":"Charbon de bois Beaux Jours Qualité standard - 20L","p":6.29,"u":"0,31 €/L","img":"https://fd9-photos.leclercdrive.fr/image.ashx?id=2078368&use=l&cat=p&typeid=i","cat":335917},{"id":152576,"n":"Crêpes 1/2 lune Eco+ Jambon emmental - x20 - 1kg","p":2.33,"u":"2,33 €/KG","img":"https://fd9-photos.leclercdrive.fr/image.ashx?id=2698144&use=l&cat=p&typeid=i","cat":319776},{"id":152610,"n":"Pasta Box Sodebo Fusilli à la Bolognaise - 330g","p":2.5,"u":"7,58 €/KG","img":"https://fd9-photos.leclercdrive.fr/image.ashx?id=2991996&use=l&cat=p&typeid=i","cat":334983},{"id":152612,"n":"Pasta Box Sodebo Fusilli à la Carbonara - 330g","p":2.45,"u":"7,42 €/KG","img":"https://fd9-photos.leclercdrive.fr/image.ashx?id=2919781&use=l&cat=p&typeid=i","cat":334983},{"id":152615,"n":"Pasta Box Sodebo Fusilli Fromages Italiens -330g","p":2.66,"u":"8,06 €/KG","img":"https://fd9-photos.leclercdrive.fr/image.ashx?id=2919784&use=l&cat=p&typeid=i","cat":334983},{"id":152736,"n":"Camembert Le Rustique Extra coulant - 240g","p":3.26,"u":"13,58 €/KG","img":"https://fd9-photos.leclercdrive.fr/image.ashx?id=2797479&use=l&cat=p&typeid=i","cat":314033},{"id":152954,"n":"Canettes Coca-cola Boite - 18+2 offertes 20x33cl","p":11.71,"u":"1,77 €/L","img":"https://fd9-photos.leclercdrive.fr/image.ashx?id=3009002&use=l&cat=p&typeid=i","cat":284530},{"id":152984,"n":"AOP Prosecco rosé  Vilaveroni - 75cl","p":7.58,"u":"10,11 €/L","img":"https://fd9-photos.leclercdrive.fr/image.ashx?id=2492354&use=l&cat=p&typeid=i","cat":289558},{"id":153015,"n":"Cassonade pure canne Daddy 750g","p":2.26,"u":"3,01 €/KG","img":"https://fd9-photos.leclercdrive.fr/image.ashx?id=2944702&use=l&cat=p&typeid=i","cat":284502},{"id":153073,"n":"Cônes glacés Trium Vanille chocolat - x6 - 426g","p":1.93,"u":"4,53 €/KG","img":"https://fd9-photos.leclercdrive.fr/image.ashx?id=2119552&use=l&cat=p&typeid=i","cat":284264},{"id":153151,"n":"Jambon Supérieur Fleury Michon sans nitrite x4 - 140g","p":2.11,"u":"15,07 €/KG","img":"https://fd9-photos.leclercdrive.fr/image.ashx?id=2889475&use=l&cat=p&typeid=i","cat":316009},{"id":153192,"n":"Canettes Coca-cola Zéro Soda sans sucre - 12x33cl","p":6.56,"u":"1,66 €/L","img":"https://fd9-photos.leclercdrive.fr/image.ashx?id=2209194&use=l&cat=p&typeid=i","cat":284530},{"id":153229,"n":"Mayonnaise de Dijon Amora Tube - 175g","p":1.46,"u":"8,34 €/KG","img":"https://fd9-photos.leclercdrive.fr/image.ashx?id=2082711&use=l&cat=p&typeid=i","cat":298295},{"id":153313,"n":"Gateau Savane Brossard Pocket chocolat - x7  210g","p":2.12,"u":"10,10 €/KG","img":"https://fd9-photos.leclercdrive.fr/image.ashx?id=2870722&use=l&cat=p&typeid=i","cat":284495},{"id":153342,"n":"Véritable Saucisse de Toulouse Salaisons de Saint Sauveur 1kg","p":9.95,"u":"9,95 €/KG","img":"https://fd9-photos.leclercdrive.fr/image.ashx?id=2085504&use=l&cat=p&typeid=i","cat":284334},{"id":153929,"n":"Bûche de chèvre frais cendrée L'Atelier Fromagerie - 200g","p":2.78,"u":"13,90 €/KG","img":"https://fd9-photos.leclercdrive.fr/image.ashx?id=2999646&use=l&cat=p&typeid=i","cat":314036},{"id":153994,"n":"Lentilles vertes Vivien Paille 500g","p":1.72,"u":"3,44 €/KG","img":"https://fd9-photos.leclercdrive.fr/image.ashx?id=2247697&use=l&cat=p&typeid=i","cat":312609},{"id":154461,"n":"Mega bloks Pikachu Pokémon Dès 7 ans","p":16.5,"img":"https://fd9-photos.leclercdrive.fr/image.ashx?id=2859173&use=l&cat=p&typeid=i","cat":334380},{"id":154631,"n":"Boisson multifruits Jafun Format poche - 10x20Cl","p":3.35,"u":"1,68 €/L","img":"https://fd9-photos.leclercdrive.fr/image.ashx?id=2992561&use=l&cat=p&typeid=i","cat":284524},{"id":154643,"n":"Gel lavant émollient A-Derma Exomega Control - 500ml","p":10.48,"u":"20,96 €/L","img":"https://fd9-photos.leclercdrive.fr/image.ashx?id=2377163&use=l&cat=p&typeid=i","cat":301591},{"id":154647,"n":"Crème apaisante Avène Tolerance Control - 40ml","p":16.89,"u":"422,25 €/L","img":"https://fd9-photos.leclercdrive.fr/image.ashx?id=2373468&use=l&cat=p&typeid=i","cat":291171},{"id":154648,"n":"Gel moussant A-Derma Dermalibour + Cica - 200ml","p":10.79,"u":"53,95 €/L","img":"https://fd9-photos.leclercdrive.fr/image.ashx?id=2377175&use=l&cat=p&typeid=i","cat":301591},{"id":154650,"n":"Baume apaisant Avène Tolerance Control - 40ml","p":16.89,"u":"422,25 €/L","img":"https://fd9-photos.leclercdrive.fr/image.ashx?id=2373471&use=l&cat=p&typeid=i","cat":290421},{"id":154651,"n":"Gel moussant émollient A-Derma Exomega Control - 500ml","p":11.48,"u":"22,96 €/L","img":"https://fd9-photos.leclercdrive.fr/image.ashx?id=2377151&use=l&cat=p&typeid=i","cat":301591},{"id":154658,"n":"Shampooing Klorane Quinine Eldeweiss Bio - 400ml","p":9.98,"u":"24,95 €/L","img":"https://fd9-photos.leclercdrive.fr/image.ashx?id=2854495&use=l&cat=p&typeid=i","cat":290400},{"id":154663,"n":"Shampooing Klorane Menthe Aquatique Bio - 400ml","p":9.48,"u":"23,70 €/L","img":"https://fd9-photos.leclercdrive.fr/image.ashx?id=2968247&use=l&cat=p&typeid=i","cat":290400},{"id":154664,"n":"Shampooing traitant Ducray  Kélual DS - 100ml","p":11.49,"u":"114,90 €/L","img":"https://fd9-photos.leclercdrive.fr/image.ashx?id=2326964&use=l&cat=p&typeid=i","cat":290400},{"id":154672,"n":"Crème hydratante A-Derma 150ml","p":13.48,"u":"89,87 €/L","img":"https://fd9-photos.leclercdrive.fr/image.ashx?id=2377142&use=l&cat=p&typeid=i","cat":291171},{"id":154675,"n":"Antiseptique Naturel Saugella Flacon - 250ml","p":5.38,"u":"21,52 €/L","img":"https://fd9-photos.leclercdrive.fr/image.ashx?id=2677444&use=l&cat=p&typeid=i","cat":301348},{"id":154676,"n":"Lait 2ème âge Biostime Infantile bio - 800g","p":21.48,"u":"26,85 €/KG","img":"https://fd9-photos.leclercdrive.fr/image.ashx?id=2172765&use=l&cat=p&typeid=i","cat":300523},{"id":154682,"n":"Créaline H2O Bioderma Sans parfum - 250ml","p":8.49,"u":"33,96 €/L","img":"https://fd9-photos.leclercdrive.fr/image.ashx?id=2979842&use=l&cat=p&typeid=i","cat":301587},{"id":154693,"n":"Patch articulation Puressentiel 14 huiles essentielles - x3","p":8.38,"u":"2,79 €/P","img":"https://fd9-photos.leclercdrive.fr/image.ashx?id=2988520&use=l&cat=p&typeid=i","cat":298633},{"id":154695,"n":"Serviettes Nuit Saugella x12","p":3.68,"u":"0,31 €/P","img":"https://fd9-photos.leclercdrive.fr/image.ashx?id=2087619&use=l&cat=p&typeid=i","cat":301349},{"id":154696,"n":"Argile verte Cattier  Ultra ventilée - 250g","p":3.46,"u":"13,84 €/KG","img":"https://fd9-photos.leclercdrive.fr/image.ashx?id=2829144&use=l&cat=p&typeid=i","cat":291165},{"id":154697,"n":"Shampooing Natessance Ricin - 250ml","p":4.84,"u":"19,36 €/L","img":"https://fd9-photos.leclercdrive.fr/image.ashx?id=2735008&use=l&cat=p&typeid=i","cat":290400},{"id":154698,"n":"Eau micellaire Sensifine AR SVR 400ml","p":6.98,"u":"17,45 €/L","img":"https://fd9-photos.leclercdrive.fr/image.ashx?id=2985243&use=l&cat=p&typeid=i","cat":301587},{"id":154704,"n":"Crème Pieds Xerial 50 SVR 50ml","p":8.99,"u":"179,80 €/L","img":"https://fd9-photos.leclercdrive.fr/image.ashx?id=2969136&use=l&cat=p&typeid=i","cat":290424},{"id":154709,"n":"Crème Douceur Saugella Tube - 30ml","p":4.98,"u":"166,00 €/L","img":"https://fd9-photos.leclercdrive.fr/image.ashx?id=2711017&use=l&cat=p&typeid=i","cat":301348},{"id":154713,"n":"Soin Intime Soyeux Hydralin 200ml","p":6.5,"u":"32,50 €/L","img":"https://fd9-photos.leclercdrive.fr/image.ashx?id=2905733&use=l&cat=p&typeid=i","cat":301348},{"id":154714,"n":"Crème lavante La Roche Posay Lipikar - surgras - 400ml","p":11.88,"u":"29,70 €/L","img":"https://fd9-photos.leclercdrive.fr/image.ashx?id=2153963&use=l&cat=p&typeid=i","cat":301591},{"id":154720,"n":"Déodorant Vichy peaux sensibles Bille - 50ml","p":7.05,"u":"141,00 €/L","img":"https://fd9-photos.leclercdrive.fr/image.ashx?id=2086936&use=l&cat=p&typeid=i","cat":301593},{"id":154722,"n":"Spray pour plaies Elastoplast 50ml","p":2.98,"u":"59,60 €/L","img":"https://fd9-photos.leclercdrive.fr/image.ashx?id=2613609&use=l&cat=p&typeid=i","cat":290405},{"id":154725,"n":"Bain de bouche Arthrodont  300ml","p":5.49,"u":"18,30 €/L","img":"https://fd9-photos.leclercdrive.fr/image.ashx?id=2373603&use=l&cat=p&typeid=i","cat":290416},{"id":154731,"n":"Gel douche Natessance Aloe Vera Bio - 1L","p":8.67,"u":"8,67 €/L","img":"https://fd9-photos.leclercdrive.fr/image.ashx?id=2522206&use=l&cat=p&typeid=i","cat":301591},{"id":154732,"n":"Gel douche amande Natessance Pêche de vigne - 1L","p":6.99,"u":"6,99 €/L","img":"https://fd9-photos.leclercdrive.fr/image.ashx?id=2522209&use=l&cat=p&typeid=i","cat":301591},{"id":154734,"n":"Comprimés Expert hyalu  Intense Forte - 30 comprimés","p":19.99,"u":"0,67 €/P","img":"https://fd9-photos.leclercdrive.fr/image.ashx?id=2087604&use=l&cat=p&typeid=i","cat":301266},{"id":154737,"n":"Gel moussant nettoyant Bioderma Sébium - 200ml","p":7.09,"u":"35,45 €/L","img":"https://fd9-photos.leclercdrive.fr/image.ashx?id=2956415&use=l&cat=p&typeid=i","cat":301587},{"id":154738,"n":"Shampooing Klorane Ortie Bio - 400ml","p":10.48,"u":"26,20 €/L","img":"https://fd9-photos.leclercdrive.fr/image.ashx?id=2796249&use=l&cat=p&typeid=i","cat":290400},{"id":154739,"n":"Gel moussant nettoyant Bioderma Sébium - 500ml","p":10.47,"u":"20,94 €/L","img":"https://fd9-photos.leclercdrive.fr/image.ashx?id=2956406&use=l&cat=p&typeid=i","cat":301587},{"id":154744,"n":"Gommes menthe Puressentiel Respiratoire eucalyptus - 45g","p":3.56,"u":"79,11 €/KG","img":"https://fd9-photos.leclercdrive.fr/image.ashx?id=2087244&use=l&cat=p&typeid=i","cat":301256},{"id":154751,"n":"Pansements Elastoplast Universels - x40","p":3.39,"u":"0,08 €/P","img":"https://fd9-photos.leclercdrive.fr/image.ashx?id=2154569&use=l&cat=p&typeid=i","cat":291163},{"id":154756,"n":"Masque Nutrition Klorane Mangue - 150ml","p":15.58,"u":"103,87 €/L","img":"https://fd9-photos.leclercdrive.fr/image.ashx?id=2373474&use=l&cat=p&typeid=i","cat":290399},{"id":154757,"n":"Mousse à raser Nobacter 150ml","p":7.0,"u":"46,67 €/L","img":"https://fd9-photos.leclercdrive.fr/image.ashx?id=2215176&use=l&cat=p&typeid=i","cat":291167},{"id":154758,"n":"Après-Shampooing Klorane Mangue - 200ml","p":9.98,"u":"49,90 €/L","img":"https://fd9-photos.leclercdrive.fr/image.ashx?id=2857299&use=l&cat=p&typeid=i","cat":290398},{"id":154760,"n":"Eau micellaire La Roche Posay Effaclar - 400ml","p":11.88,"u":"29,70 €/L","img":"https://fd9-photos.leclercdrive.fr/image.ashx?id=2850560&use=l&cat=p&typeid=i","cat":301587},{"id":154761,"n":"Zone infestée Insect Ecran 100ml","p":5.69,"u":"56,90 €/L","img":"https://fd9-photos.leclercdrive.fr/image.ashx?id=2770524&use=l&cat=p&typeid=i","cat":290402},{"id":154764,"n":"Spray sommeil Puressentiel 12 huiles essentielles - 200ml","p":18.4,"u":"92,00 €/L","img":"https://fd9-photos.leclercdrive.fr/image.ashx?id=2988526&use=l&cat=p&typeid=i","cat":298633},{"id":154765,"n":"Créaline H2O AR Bioderma 250ml","p":8.49,"u":"33,96 €/L","img":"https://fd9-photos.leclercdrive.fr/image.ashx?id=2979836&use=l&cat=p&typeid=i","cat":301587},{"id":154766,"n":"Shampooing Natessance Argan Kératine Vegétale - 250ml","p":4.84,"u":"19,36 €/L","img":"https://fd9-photos.leclercdrive.fr/image.ashx?id=2761390&use=l&cat=p&typeid=i","cat":290400},{"id":154771,"n":"Roll-on apaisant 3en1 Cinq/Cinq 7ml","p":4.98,"u":"711,43 €/L","img":"https://fd9-photos.leclercdrive.fr/image.ashx?id=2087205&use=l&cat=p&typeid=i","cat":290402},{"id":154778,"n":"Eau micellaire Sebiaclear SVR 400ml","p":6.94,"u":"17,35 €/L","img":"https://fd9-photos.leclercdrive.fr/image.ashx?id=2968292&use=l&cat=p&typeid=i","cat":301587},{"id":154784,"n":"Jambes légères Naturland Ampoules bio 10ml - x20","p":10.22,"pp":7.66,"u":"38,30 €/L","img":"https://fd9-photos.leclercdrive.fr/image.ashx?id=2516929&use=l&cat=p&typeid=i","cat":301268},{"id":154786,"n":"Roller stress Puressentiel 12 huiles essentielles - 5ml","p":7.86,"img":"https://fd9-photos.leclercdrive.fr/image.ashx?id=2988532&use=l&cat=p&typeid=i","cat":298633},{"id":154787,"n":"Trousse 1er Secours Gilbert Trousse de 30 produits","p":8.98,"img":"https://fd9-photos.leclercdrive.fr/image.ashx?id=2353758&use=l&cat=p&typeid=i","cat":291163},{"id":154791,"n":"Déodorant homme Vichy Peau sensible bille - 50ml","p":7.06,"u":"141,20 €/L","img":"https://fd9-photos.leclercdrive.fr/image.ashx?id=2352741&use=l&cat=p&typeid=i","cat":301593},{"id":154792,"n":"Déodorant anti-trâce Vichy 50ml","p":7.05,"u":"141,00 €/L","img":"https://fd9-photos.leclercdrive.fr/image.ashx?id=2086948&use=l&cat=p&typeid=i","cat":301593},{"id":154800,"n":"Fruits&Fibres Regular 24 Ortis 24 cubes","p":10.55,"pp":7.38,"u":"0,31 €/P","img":"https://fd9-photos.leclercdrive.fr/image.ashx?id=2787731&use=l&cat=p&typeid=i","cat":301268},{"id":154802,"n":"Soin Lavant Doux Saforelle Flacon Pompe - 1L","p":18.08,"u":"18,08 €/L","img":"https://fd9-photos.leclercdrive.fr/image.ashx?id=2087628&use=l&cat=p&typeid=i","cat":301348},{"id":154803,"n":"Protection oreilles cire Quies Cire naturelle - 8 paires","p":3.24,"u":"0,41 €/P","img":"https://fd9-photos.leclercdrive.fr/image.ashx?id=2159505&use=l&cat=p&typeid=i","cat":301256},{"id":154808,"n":"Supradyn Magnesia Bayer 30 comprimés effervescents","p":10.8,"u":"0,36 €/P","img":"https://fd9-photos.leclercdrive.fr/image.ashx?id=2087232&use=l&cat=p&typeid=i","cat":301264},{"id":154810,"n":"Crème Bepanthen Sensicalm 50g","p":11.38,"u":"227,60 €/KG","img":"https://fd9-photos.leclercdrive.fr/image.ashx?id=2087074&use=l&cat=p&typeid=i","cat":290405},{"id":154814,"n":"Shampooing Klorane Mangue - 400ml","p":10.48,"u":"26,20 €/L","img":"https://fd9-photos.leclercdrive.fr/image.ashx?id=2968235&use=l&cat=p&typeid=i","cat":290400},{"id":154820,"n":"Crème apaisante Cinq/Cinq 40g","p":4.89,"u":"122,25 €/KG","img":"https://fd9-photos.leclercdrive.fr/image.ashx?id=2087211&use=l&cat=p&typeid=i","cat":290402},{"id":154827,"n":"Gel lavant bébé bio Jonzac 1L","p":10.98,"u":"10,98 €/L","img":"https://fd9-photos.leclercdrive.fr/image.ashx?id=2912269&use=l&cat=p&typeid=i","cat":290425},{"id":154828,"n":"Gel gingival 1ere dent Elgydium 15ml","p":4.98,"u":"332,00 €/L","img":"https://fd9-photos.leclercdrive.fr/image.ashx?id=2373594&use=l&cat=p&typeid=i","cat":290385},{"id":154831,"n":"Dentifrice Fluocaril Menthe - 2x75ml","p":4.98,"pp":3.73,"u":"24,87 €/L","img":"https://fd9-photos.leclercdrive.fr/image.ashx?id=2737987&use=l&cat=p&typeid=i","cat":290419},{"id":154840,"n":"Pastilles miel-citron Activox 24 pastilles","p":3.88,"u":"0,16 €/P","img":"https://fd9-photos.leclercdrive.fr/image.ashx?id=2349224&use=l&cat=p&typeid=i","cat":301256},{"id":154845,"n":"Dentifrice original Parodontax 75ml","p":4.28,"u":"57,07 €/L","img":"https://fd9-photos.leclercdrive.fr/image.ashx?id=2536972&use=l&cat=p&typeid=i","cat":290419},{"id":154849,"n":"Spray Famille Insect Ecran 200ml","p":9.98,"u":"49,90 €/L","img":"https://fd9-photos.leclercdrive.fr/image.ashx?id=2316694&use=l&cat=p&typeid=i","cat":290402},{"id":154852,"n":"Baume crevasses Cicabiafine 50ml","p":6.38,"u":"127,60 €/L","img":"https://fd9-photos.leclercdrive.fr/image.ashx?id=2993415&use=l&cat=p&typeid=i","cat":290424},{"id":154853,"n":"Comprimés nettoyants Polident Boîte - 72 comprimés","p":7.35,"img":"https://fd9-photos.leclercdrive.fr/image.ashx?id=2536954&use=l&cat=p&typeid=i","cat":301595},{"id":154863,"n":"Crème mains La Roche Posay Cicaplast - 50ml","p":6.48,"u":"129,60 €/L","img":"https://fd9-photos.leclercdrive.fr/image.ashx?id=2093993&use=l&cat=p&typeid=i","cat":290424},{"id":154870,"n":"Protection oreilles cire Quies Cire naturelle - 12 paires","p":4.78,"u":"0,40 €/P","img":"https://fd9-photos.leclercdrive.fr/image.ashx?id=2159499&use=l&cat=p&typeid=i","cat":301256},{"id":154872,"n":"Comprimés neutres Puressentiel x30","p":2.8,"pp":2.24,"u":"0,07 €/P","img":"https://fd9-photos.leclercdrive.fr/image.ashx?id=2087718&use=l&cat=p&typeid=i","cat":298633},{"id":154873,"n":"Acerola bio à croquer Naturland Goût fruits rouges-30 comprimés","p":12.99,"u":"0,43 €/P","img":"https://fd9-photos.leclercdrive.fr/image.ashx?id=2516926&use=l&cat=p&typeid=i","cat":301264},{"id":154878,"n":"Lotion famille Cinq/Cinq 100ml","p":6.99,"u":"69,90 €/L","img":"https://fd9-photos.leclercdrive.fr/image.ashx?id=2087202&use=l&cat=p&typeid=i","cat":290402},{"id":154884,"n":"Liniment bébé bio Jonzac 1L","p":12.98,"u":"12,98 €/L","img":"https://fd9-photos.leclercdrive.fr/image.ashx?id=2912272&use=l&cat=p&typeid=i","cat":290387},{"id":154885,"n":"Spray hygiene oreilles Stérimar 50ml","p":6.48,"u":"129,60 €/L","img":"https://fd9-photos.leclercdrive.fr/image.ashx?id=2890655&use=l&cat=p&typeid=i","cat":301256},{"id":154896,"n":"Lingette bébé Klorane Nettoyantes douces - 3x70","p":9.83,"u":"0,05 €/P","img":"https://fd9-photos.leclercdrive.fr/image.ashx?id=2086873&use=l&cat=p&typeid=i","cat":290387},{"id":154903,"n":"Spray isotoniq Marimer 100ml","p":2.78,"u":"27,80 €/L","img":"https://fd9-photos.leclercdrive.fr/image.ashx?id=2524997&use=l&cat=p&typeid=i","cat":301256},{"id":154904,"n":"Crème Apaisante Saforelle Tube - 100ml","p":9.98,"u":"99,80 €/L","img":"https://fd9-photos.leclercdrive.fr/image.ashx?id=2583617&use=l&cat=p&typeid=i","cat":328622},{"id":154908,"n":"Shampooing Dercos Cheveux gras  Anti-pellicullaire - 200ml","p":8.47,"u":"42,35 €/L","img":"https://fd9-photos.leclercdrive.fr/image.ashx?id=2555511&use=l&cat=p&typeid=i","cat":290400},{"id":154912,"n":"Crème pieds Xerial 30 SVR 50ml","p":6.44,"u":"128,80 €/L","img":"https://fd9-photos.leclercdrive.fr/image.ashx?id=2971619&use=l&cat=p&typeid=i","cat":290424},{"id":154915,"n":"Forte nuit 8h Forte Pharma 30 comprimés","p":12.48,"u":"0,42 €/P","img":"https://fd9-photos.leclercdrive.fr/image.ashx?id=2087607&use=l&cat=p&typeid=i","cat":301265},{"id":154916,"n":"Vitalité 4G Forte 30 ampoules","p":13.85,"u":"0,46 €/P","img":"https://fd9-photos.leclercdrive.fr/image.ashx?id=2087598&use=l&cat=p&typeid=i","cat":301264},{"id":154926,"n":"Baume du Tigre Blanc 30g","p":10.3,"u":"343,33 €/KG","img":"https://fd9-photos.leclercdrive.fr/image.ashx?id=2488800&use=l&cat=p&typeid=i","cat":290421},{"id":154927,"n":"Dentifrice Parodontax Blancheur - 75ml","p":3.89,"u":"51,87 €/L","img":"https://fd9-photos.leclercdrive.fr/image.ashx?id=2536957&use=l&cat=p&typeid=i","cat":290419},{"id":154937,"n":"Crème mamelon Lansinoh 40ml","p":14.88,"u":"372,00 €/L","img":"https://fd9-photos.leclercdrive.fr/image.ashx?id=2088387&use=l&cat=p&typeid=i","cat":291159},{"id":154945,"n":"Spray nasal Puressentiel Décongestionnant - 15ml","p":5.85,"u":"390,00 €/L","img":"https://fd9-photos.leclercdrive.fr/image.ashx?id=2988620&use=l&cat=p&typeid=i","cat":301256},{"id":154951,"n":"Spray gorge Puressentiel  15ml","p":5.49,"u":"366,00 €/L","img":"https://fd9-photos.leclercdrive.fr/image.ashx?id=2561032&use=l&cat=p&typeid=i","cat":301256},{"id":154955,"n":"Test ovulation Suretest Boite de 10","p":17.74,"u":"1,77 €/P","img":"https://fd9-photos.leclercdrive.fr/image.ashx?id=2087080&use=l&cat=p&typeid=i","cat":291159},{"id":154961,"n":"Dentifrice Parodontax Menthe - 75ml","p":4.29,"u":"57,20 €/L","img":"https://fd9-photos.leclercdrive.fr/image.ashx?id=2536975&use=l&cat=p&typeid=i","cat":290419},{"id":154965,"n":"Crème lavante La Roche Posay Surgras Lipikar - 750ml","p":15.48,"u":"20,64 €/L","img":"https://fd9-photos.leclercdrive.fr/image.ashx?id=2094005&use=l&cat=p&typeid=i","cat":290425},{"id":154971,"n":"Solution nasale bébé Stérimar 100ml","p":4.89,"u":"48,90 €/L","img":"https://fd9-photos.leclercdrive.fr/image.ashx?id=2697021&use=l&cat=p&typeid=i","cat":290385},{"id":154975,"n":"Soin anti rides Hyalu B5 Riche La Roche Posay - 40ml","p":23.7,"u":"592,50 €/L","img":"https://fd9-photos.leclercdrive.fr/image.ashx?id=2094011&use=l&cat=p&typeid=i","cat":291168},{"id":154987,"n":"Ampoules Gelée royale Forte Bio - 2000mg - x20","p":11.72,"u":"0,59 €/P","img":"https://fd9-photos.leclercdrive.fr/image.ashx?id=2351870&use=l&cat=p&typeid=i","cat":301264},{"id":155123,"n":"Biscuits fourrés  BN Fraises - 285g","p":1.32,"u":"4,63 €/KG","img":"https://fd9-photos.leclercdrive.fr/image.ashx?id=2878804&use=l&cat=p&typeid=i","cat":284489},{"id":155134,"n":"Knacki original Herta x4 - 140g","p":1.2,"u":"8,57 €/KG","img":"https://fd9-photos.leclercdrive.fr/image.ashx?id=2289840&use=l&cat=p&typeid=i","cat":316012},{"id":155137,"n":"Thalamag equilibre intérieur 30 comprimés","p":7.49,"u":"0,25 €/P","img":"https://fd9-photos.leclercdrive.fr/image.ashx?id=2567092&use=l&cat=p&typeid=i","cat":301264},{"id":155142,"n":"Lait 1er âge Biostime Infantile bio - 800g","p":21.98,"u":"27,48 €/KG","img":"https://fd9-photos.leclercdrive.fr/image.ashx?id=2096272&use=l&cat=p&typeid=i","cat":300523},{"id":155242,"n":"Mini cônes Extrême Citron Fruits rouges x8 - 312g","p":4.27,"u":"13,69 €/KG","img":"https://fd9-photos.leclercdrive.fr/image.ashx?id=2737075&use=l&cat=p&typeid=i","cat":284264},{"id":155244,"n":"Mini cônes Extrême  Vanille  - 8x39g","p":4.48,"u":"14,36 €/KG","img":"https://fd9-photos.leclercdrive.fr/image.ashx?id=2737741&use=l&cat=p&typeid=i","cat":284264},{"id":155301,"n":"Biscuit BN chocolat 285g","p":1.32,"u":"4,63 €/KG","img":"https://fd9-photos.leclercdrive.fr/image.ashx?id=2810705&use=l&cat=p&typeid=i","cat":284488},{"id":155302,"n":"Biscuits BN casse croute 400g","p":1.36,"u":"3,40 €/KG","img":"https://fd9-photos.leclercdrive.fr/image.ashx?id=2503900&use=l&cat=p&typeid=i","cat":284491},{"id":155303,"n":"Briochettes Pasquier x12 - 480g","p":2.14,"u":"4,46 €/KG","img":"https://fd9-photos.leclercdrive.fr/image.ashx?id=2417857&use=l&cat=p&typeid=i","cat":284478},{"id":155335,"n":"Répulsif anti-moustiques Autan Tropical - 100ml","p":6.16,"u":"61,60 €/L","img":"https://fd9-photos.leclercdrive.fr/image.ashx?id=2791572&use=l&cat=p&typeid=i","cat":298368},{"id":155340,"n":"Spray répulsif moustiques Autan Tropical - 100 ml","p":6.78,"u":"67,80 €/L","img":"https://fd9-photos.leclercdrive.fr/image.ashx?id=2791566&use=l&cat=p&typeid=i","cat":299654},{"id":155429,"n":"Olives farcies poivron La Ciota 2x120g","p":3.49,"u":"14,54 €/KG","img":"https://fd9-photos.leclercdrive.fr/image.ashx?id=2098880&use=l&cat=p&typeid=i","cat":284450},{"id":155430,"n":"Olives farcies anchois La Ciota 2x120g","p":3.49,"u":"14,54 €/KG","img":"https://fd9-photos.leclercdrive.fr/image.ashx?id=2741502&use=l&cat=p&typeid=i","cat":284450},{"id":155432,"n":"Moulin à poivre Ogo Pro Bois naturel - 23 cm - x1","p":19.9,"img":"https://fd9-photos.leclercdrive.fr/image.ashx?id=2116506&use=l&cat=p&typeid=i","cat":334135},{"id":155472,"n":"Chopes à bière 2 x 55cl","p":4.58,"u":"2,29 €/P","img":"https://fd9-photos.leclercdrive.fr/image.ashx?id=2118138&use=l&cat=p&typeid=i","cat":334134},{"id":155474,"n":"Flûtes Elegance 3 x 18cl","p":5.3,"img":"https://fd9-photos.leclercdrive.fr/image.ashx?id=2118141&use=l&cat=p&typeid=i","cat":334134},{"id":155475,"n":"Pince Barbecue Silicone x1","p":2.99,"img":"https://fd9-photos.leclercdrive.fr/image.ashx?id=2118084&use=l&cat=p&typeid=i","cat":334135},{"id":155484,"n":"Gel WC Domestos Protect Eucalyptus Menthe - 700ml","p":2.25,"u":"3,21 €/L","img":"https://fd9-photos.leclercdrive.fr/image.ashx?id=2811755&use=l&cat=p&typeid=i","cat":284662},{"id":155546,"n":"Assiettes dessert 17cm Blanc sans film PE - x50","p":2.69,"u":"0,05 €/P","img":"https://fd9-photos.leclercdrive.fr/image.ashx?id=2096688&use=l&cat=p&typeid=i","cat":334134},{"id":155717,"n":"Sauce apéritif  Doritos Goût salsa douce -280g","p":2.31,"u":"8,25 €/KG","img":"https://fd9-photos.leclercdrive.fr/image.ashx?id=3014476&use=l&cat=p&typeid=i","cat":284451},{"id":155795,"n":"Soda Coca-Cola - SANS SUCRES Canette - 6x33cl","p":3.35,"u":"1,69 €/L","img":"https://fd9-photos.leclercdrive.fr/image.ashx?id=2736805&use=l&cat=p&typeid=i","cat":284530},{"id":155829,"n":"Salade laitue verte 1p","p":0.99,"img":"https://fd9-photos.leclercdrive.fr/image.ashx?id=1633040&use=l&cat=p&typeid=i","cat":284352},{"id":155900,"n":"Boisson aux Fruits Jafun Tropical - 10x20cl","p":3.4,"u":"1,70 €/L","img":"https://fd9-photos.leclercdrive.fr/image.ashx?id=2403282&use=l&cat=p&typeid=i","cat":295018},{"id":155904,"n":"Cure-dents Homeside x120","p":0.4,"img":"https://fd9-photos.leclercdrive.fr/image.ashx?id=2118069&use=l&cat=p&typeid=i","cat":334135},{"id":155907,"n":"Spatule pâtisserie Manche en bois - x1","p":2.5,"img":"https://fd9-photos.leclercdrive.fr/image.ashx?id=2118063&use=l&cat=p&typeid=i","cat":334135},{"id":155908,"n":"Passoire sur pied x1","p":4.5,"img":"https://fd9-photos.leclercdrive.fr/image.ashx?id=2118105&use=l&cat=p&typeid=i","cat":334135},{"id":155913,"n":"Brochette 15cm x75","p":0.59,"img":"https://fd9-photos.leclercdrive.fr/image.ashx?id=2118066&use=l&cat=p&typeid=i","cat":334135},{"id":155916,"n":"Eplucheur trendy x1","p":3.5,"img":"https://fd9-photos.leclercdrive.fr/image.ashx?id=2118099&use=l&cat=p&typeid=i","cat":334135},{"id":155917,"n":"Bol pâtissier inox x1","p":6.9,"img":"https://fd9-photos.leclercdrive.fr/image.ashx?id=2118078&use=l&cat=p&typeid=i","cat":334135},{"id":155924,"n":"Gourde en verre avec housse 310ml","p":3.9,"img":"https://fd9-photos.leclercdrive.fr/image.ashx?id=2118147&use=l&cat=p&typeid=i","cat":284710},{"id":155975,"n":"Moule 6 muffins x1","p":5.9,"img":"https://fd9-photos.leclercdrive.fr/image.ashx?id=2118057&use=l&cat=p&typeid=i","cat":298490},{"id":155981,"n":"Moulin à sel Ogo Living Bois naturel - 15cm - x1","p":14.9,"img":"https://fd9-photos.leclercdrive.fr/image.ashx?id=2114104&use=l&cat=p&typeid=i","cat":334135},{"id":155983,"n":"Manique de cuisine cotin Couleur aléatoire - x1","p":1.9,"img":"https://fd9-photos.leclercdrive.fr/image.ashx?id=2118087&use=l&cat=p&typeid=i","cat":334135},{"id":155992,"n":"Moule 12 madeleines aluminium 35cmx27cm","p":5.5,"img":"https://fd9-photos.leclercdrive.fr/image.ashx?id=2833038&use=l&cat=p&typeid=i","cat":298490},{"id":156005,"n":"Verres à pied Elegance 3 x 22cl","p":5.3,"img":"https://fd9-photos.leclercdrive.fr/image.ashx?id=2132226&use=l&cat=p&typeid=i","cat":334134},{"id":156022,"n":"Soda Coca Cola Cherry Canette 6x33cl","p":4.31,"u":"2,18 €/L","img":"https://fd9-photos.leclercdrive.fr/image.ashx?id=2997226&use=l&cat=p&typeid=i","cat":284530},{"id":156028,"n":"Sucre Poudre Daddy Extra Fin profil pack 750g","p":1.86,"u":"2,48 €/KG","img":"https://fd9-photos.leclercdrive.fr/image.ashx?id=2936074&use=l&cat=p&typeid=i","cat":284502},{"id":156067,"n":"Soda Coca-Cola Canette - 6x33cl","p":4.2,"u":"2,12 €/L","img":"https://fd9-photos.leclercdrive.fr/image.ashx?id=2997229&use=l&cat=p&typeid=i","cat":284530},{"id":156112,"n":"Oeufs au sol Paroles d'Eleveurs x12","p":2.98,"u":"0,25 €/P","img":"https://fd9-photos.leclercdrive.fr/image.ashx?id=2506026&use=l&cat=p&typeid=i","cat":284378},{"id":156135,"n":"Soda Coca-Cola canettes 12x33cl","p":8.31,"u":"2,10 €/L","img":"https://fd9-photos.leclercdrive.fr/image.ashx?id=2192940&use=l&cat=p&typeid=i","cat":284530},{"id":156138,"n":"Soda Coca-Cola Original Canettes - 20x33cl","p":16.66,"u":"2,52 €/L","img":"https://fd9-photos.leclercdrive.fr/image.ashx?id=2846766&use=l&cat=p&typeid=i","cat":284530},{"id":156139,"n":"Soda Coca-Cola - SANS SUCRES Canettes - 20x33cl","p":11.1,"u":"1,68 €/L","img":"https://fd9-photos.leclercdrive.fr/image.ashx?id=2174513&use=l&cat=p&typeid=i","cat":284530},{"id":156141,"n":"Soda Fanta citron frappé canettes - 6x33cl","p":3.58,"u":"1,81 €/L","img":"https://fd9-photos.leclercdrive.fr/image.ashx?id=2660212&use=l&cat=p&typeid=i","cat":284532},{"id":156144,"n":"Boisson énergisante Monster Ultra Paradise - 50cl","p":1.54,"u":"3,08 €/L","img":"https://fd9-photos.leclercdrive.fr/image.ashx?id=2681457&use=l&cat=p&typeid=i","cat":284533},{"id":156156,"n":"Fromage enfant Kiri crème 8 portions à tartiner - 144g","p":2.03,"u":"0,25 €/P","img":"https://fd9-photos.leclercdrive.fr/image.ashx?id=2973562&use=l&cat=p&typeid=i","cat":314030},{"id":156165,"n":"Sauce bolognaise Bolo Balls 400g","p":2.5,"u":"6,25 €/KG","img":"https://fd9-photos.leclercdrive.fr/image.ashx?id=2918571&use=l&cat=p&typeid=i","cat":287599},{"id":156175,"n":"Doomino St Michel Chocolat - x6","p":1.93,"u":"10,72 €/KG","img":"https://fd9-photos.leclercdrive.fr/image.ashx?id=2949979&use=l&cat=p&typeid=i","cat":284495},{"id":156188,"n":"Préparation Flan Pâtissier alsa Vanille - 740g","p":2.84,"u":"3,84 €/KG","img":"https://fd9-photos.leclercdrive.fr/image.ashx?id=2790591&use=l&cat=p&typeid=i","cat":284505},{"id":156198,"n":"Bière blonde Tripel Karmeliet 8,4% - 6x33cl","p":12.4,"u":"6,26 €/L","img":"https://fd9-photos.leclercdrive.fr/image.ashx?id=2675586&use=l&cat=p&typeid=i","cat":334872},{"id":156199,"n":"Bière ambrée Kwak 8,4° - 6x33cl","p":13.15,"u":"6,64 €/L","img":"https://fd9-photos.leclercdrive.fr/image.ashx?id=2677504&use=l&cat=p&typeid=i","cat":334872},{"id":156223,"n":"Croquette Truite One Sterilcat Indoor formula","p":14.22,"u":"4,74 €/KG","img":"https://fd9-photos.leclercdrive.fr/image.ashx?id=2488076&use=l&cat=p&typeid=i","cat":284680},{"id":156229,"n":"Repas Purina One Spécial chat stérilisé - 680g","p":4.11,"u":"6,04 €/KG","img":"https://fd9-photos.leclercdrive.fr/image.ashx?id=2899725&use=l&cat=p&typeid=i","cat":285286},{"id":156271,"n":"Smarties Hexatube Bonbons Chocolat - 6x34g","p":2.73,"u":"13,38 €/KG","img":"https://fd9-photos.leclercdrive.fr/image.ashx?id=2917690&use=l&cat=p&typeid=i","cat":304238},{"id":156344,"n":"Fromage Beaufort AOP L'Atelier Fromagerie - 150g","p":4.49,"u":"29,93 €/KG","img":"https://fd9-photos.leclercdrive.fr/image.ashx?id=2120472&use=l&cat=p&typeid=i","cat":327294},{"id":156345,"n":"Fromage Bleu de Laqueuille L'Atelier Fromagerie - 150g","p":2.4,"u":"16,00 €/KG","img":"https://fd9-photos.leclercdrive.fr/image.ashx?id=2130002&use=l&cat=p&typeid=i","cat":327294},{"id":156397,"n":"Glaces Ferrero Rocher x4 chocolat lait noisettes - 200g","p":3.49,"img":"https://fd9-photos.leclercdrive.fr/image.ashx?id=2759065&use=l&cat=p&typeid=i","cat":284265},{"id":156415,"n":"Bâtonnet Raffaello  Noix de coco amandes x4 - 188g","p":3.46,"u":"18,40 €/KG","img":"https://fd9-photos.leclercdrive.fr/image.ashx?id=2863890&use=l&cat=p&typeid=i","cat":284265},{"id":156476,"n":"Fromage Feta Grecque Islos AOP - 150g","p":2.8,"u":"18,67 €/KG","img":"https://fd9-photos.leclercdrive.fr/image.ashx?id=2892625&use=l&cat=p&typeid=i","cat":314026},{"id":156493,"n":"Petit pot bébé Blédina 6 mois  Légumes bœuf - 2x200g","p":2.21,"u":"5,53 €/KG","img":"https://fd9-photos.leclercdrive.fr/image.ashx?id=2968091&use=l&cat=p&typeid=i","cat":312236},{"id":156495,"n":"Petit pot bébé Blédina 6 mois Légumes lieu - 2x200g","p":1.82,"u":"4,55 €/KG","img":"https://fd9-photos.leclercdrive.fr/image.ashx?id=2935771&use=l&cat=p&typeid=i","cat":312236},{"id":156496,"n":"Petit pot bébé Blédina 6 mois Potimarron jambon - 2x200g","p":2.29,"u":"5,73 €/KG","img":"https://fd9-photos.leclercdrive.fr/image.ashx?id=2935768&use=l&cat=p&typeid=i","cat":312236},{"id":156497,"n":"Petit pot bébé Blédina 8 mois Riz ratatouille poisson -2x200g","p":2.06,"u":"5,15 €/KG","img":"https://fd9-photos.leclercdrive.fr/image.ashx?id=2911208&use=l&cat=p&typeid=i","cat":312236},{"id":156499,"n":"Petit pot bébé Blédina 8 mois Légumes poulet - 2x200g","p":2.07,"u":"5,18 €/KG","img":"https://fd9-photos.leclercdrive.fr/image.ashx?id=2935765&use=l&cat=p&typeid=i","cat":312236},{"id":156501,"n":"Petit pot bébé Blédina 6 mois Légumes jambon - 2x200g","p":2.06,"u":"5,15 €/KG","img":"https://fd9-photos.leclercdrive.fr/image.ashx?id=2948767&use=l&cat=p&typeid=i","cat":312236},{"id":156503,"n":"Petit pot bébé Blédina 6 mois  Légumes verts poulet - 2x200g","p":2.12,"u":"5,30 €/KG","img":"https://fd9-photos.leclercdrive.fr/image.ashx?id=2983063&use=l&cat=p&typeid=i","cat":312236},{"id":156527,"n":"Capsules Starbucks by Nespresso  Blonde Espresso Int 6 - x18","p":6.05,"u":"64,36 €/KG","img":"https://fd9-photos.leclercdrive.fr/image.ashx?id=2668177&use=l&cat=p&typeid=i","cat":284749},{"id":156539,"n":"Petit pot bébé Blédina 6 mois Semoule carotte dinde - 2x200g","p":2.22,"u":"5,55 €/KG","img":"https://fd9-photos.leclercdrive.fr/image.ashx?id=2935774&use=l&cat=p&typeid=i","cat":312236},{"id":156540,"n":"Petit pot bébé Blédina 6 mois Patate douce carotte-2x200g","p":1.98,"u":"4,95 €/KG","img":"https://fd9-photos.leclercdrive.fr/image.ashx?id=2951617&use=l&cat=p&typeid=i","cat":312235},{"id":156563,"n":"Petit pot bébé Blédina 6 mois Purée carotte jambon - 2x200g","p":2.16,"u":"5,40 €/KG","img":"https://fd9-photos.leclercdrive.fr/image.ashx?id=2935762&use=l&cat=p&typeid=i","cat":312236},{"id":156598,"n":"Biscuits fourrés bio Jardin Bio Chocolat - 300g","p":2.32,"u":"7,73 €/KG","img":"https://fd9-photos.leclercdrive.fr/image.ashx?id=2903353&use=l&cat=p&typeid=i","cat":284488},{"id":156647,"n":"Compote Pom'Potes Pomme  brugnon banane - 64x90g","p":28.39,"pp":19.87,"u":"3,45 €/KG","img":"https://fd9-photos.leclercdrive.fr/image.ashx?id=2254574&use=l&cat=p&typeid=i","cat":284508},{"id":157539,"n":"Cahier Esquisse 48 pages Rouge-petits carreaux-21x29,7cm","p":1.19,"img":"https://fd9-photos.leclercdrive.fr/image.ashx?id=2131434&use=l&cat=p&typeid=i","cat":284697},{"id":157541,"n":"Cahier Esquisse 48 pages Jaune-petits carreaux-21x29,7cm","p":1.19,"img":"https://fd9-photos.leclercdrive.fr/image.ashx?id=2131440&use=l&cat=p&typeid=i","cat":284697},{"id":157555,"n":"Olives vertes dénoyautées Au Piment d'Espelette - 200g","p":2.15,"u":"10,75 €/KG","img":"https://fd9-photos.leclercdrive.fr/image.ashx?id=2409274&use=l&cat=p&typeid=i","cat":316002},{"id":157835,"n":"Soin Contour des yeux Bcombio Triple action - 20ml","p":13.9,"pp":10.42,"u":"521,00 €/L","img":"https://fd9-photos.leclercdrive.fr/image.ashx?id=2664506&use=l&cat=p&typeid=i","cat":291172},{"id":158032,"n":"Gel lavant dermo douceur Jonza Bio hypoallergeniques 500ml","p":6.99,"img":"https://fd9-photos.leclercdrive.fr/image.ashx?id=2454292&use=l&cat=p&typeid=i","cat":290425},{"id":158180,"n":"Crème de change Bio Jonzac 75ml","p":6.99,"u":"93,20 €/L","img":"https://fd9-photos.leclercdrive.fr/image.ashx?id=2751180&use=l&cat=p&typeid=i","cat":290387},{"id":158220,"n":"Rhum Havana Club 3 ans 37,5% vol - 70cl","p":15.44,"u":"22,06 €/L","img":"https://fd9-photos.leclercdrive.fr/image.ashx?id=2874096&use=l&cat=p&typeid=i","cat":284550},{"id":158250,"n":"Minicup Haagen-Dazs Fruit Collection x4 - 326g","p":5.06,"u":"15,52 €/KG","img":"https://fd9-photos.leclercdrive.fr/image.ashx?id=2893477&use=l&cat=p&typeid=i","cat":284725},{"id":158316,"n":"Stick lèvres Dermophil Réparateur Protecteur- 2 pièces","p":6.62,"u":"413,75 €/KG","img":"https://fd9-photos.leclercdrive.fr/image.ashx?id=2939772&use=l&cat=p&typeid=i","cat":285485},{"id":158363,"n":"Crème Douche Surgras Bio Cadum Karité - 500ml","p":2.29,"u":"4,58 €/L","img":"https://fd9-photos.leclercdrive.fr/image.ashx?id=2575630&use=l&cat=p&typeid=i","cat":284594},{"id":158537,"n":"Filet de limande Meunière Cité Marine MSC - 200g","p":3.75,"u":"18,75 €/KG","img":"https://fd9-photos.leclercdrive.fr/image.ashx?id=2132808&use=l&cat=p&typeid=i","cat":284342},{"id":158569,"n":"Blanc de poulet Tradilège Sans nitrite - 4 Tranches 120g","p":1.45,"u":"12,08 €/KG","img":"https://fd9-photos.leclercdrive.fr/image.ashx?id=2970480&use=l&cat=p&typeid=i","cat":316010},{"id":158588,"n":"Vin de France rouge Merlot Cabernet Sauvign.Cambras BIB 5L","p":13.57,"u":"2,71 €/L","img":"https://fd9-photos.leclercdrive.fr/image.ashx?id=2694587&use=l&cat=p&typeid=i","cat":289556},{"id":158649,"n":"Lait céréales Blédidej 12 mois Biscuité vanille - 500ml","p":1.66,"u":"3,32 €/KG","img":"https://fd9-photos.leclercdrive.fr/image.ashx?id=2503728&use=l&cat=p&typeid=i","cat":312226},{"id":158715,"n":"Doomino St Michel Choco Noisette x6 - 180g","p":1.94,"u":"10,78 €/KG","img":"https://fd9-photos.leclercdrive.fr/image.ashx?id=2953495&use=l&cat=p&typeid=i","cat":284495},{"id":158788,"n":"Noisette décortiquée Vahiné 125g","p":3.38,"u":"27,04 €/KG","img":"https://fd9-photos.leclercdrive.fr/image.ashx?id=2559814&use=l&cat=p&typeid=i","cat":284504},{"id":158789,"n":"Levure boulanger Vahiné x6 - 48g","p":0.87,"u":"18,13 €/KG","img":"https://fd9-photos.leclercdrive.fr/image.ashx?id=2559793&use=l&cat=p&typeid=i","cat":294686},{"id":158791,"n":"Poivre noir grain Ducros 200g - n°6","p":8.38,"u":"41,90 €/KG","img":"https://fd9-photos.leclercdrive.fr/image.ashx?id=2486599&use=l&cat=p&typeid=i","cat":284457},{"id":158803,"n":"Rotella Haribo Sachet bonbons réglisse - 300g","p":1.39,"u":"4,63 €/KG","img":"https://fd9-photos.leclercdrive.fr/image.ashx?id=2982402&use=l&cat=p&typeid=i","cat":304250},{"id":158805,"n":"Quinoa gourmand Tipiak Aux épices douces 240g","p":2.38,"u":"9,92 €/KG","img":"https://fd9-photos.leclercdrive.fr/image.ashx?id=2947054&use=l&cat=p&typeid=i","cat":284429},{"id":158837,"n":"Céréales Chocapic Nestlé Pack 6x30g","p":2.9,"u":"16,11 €/KG","img":"https://fd9-photos.leclercdrive.fr/image.ashx?id=2995436&use=l&cat=p&typeid=i","cat":309513},{"id":158927,"n":"Chili con carne Stephan 800g","p":4.48,"u":"5,60 €/KG","img":"https://fd9-photos.leclercdrive.fr/image.ashx?id=2757051&use=l&cat=p&typeid=i","cat":325094},{"id":158936,"n":"Pains au lait La Boulangère x10 - 350g","p":1.83,"u":"5,23 €/KG","img":"https://fd9-photos.leclercdrive.fr/image.ashx?id=2912437&use=l&cat=p&typeid=i","cat":293505},{"id":158970,"n":"Sauce Tomacouli Panzani - 200G","p":0.74,"u":"3,70 €/KG","img":"https://fd9-photos.leclercdrive.fr/image.ashx?id=2872853&use=l&cat=p&typeid=i","cat":288384},{"id":158980,"n":"Tripe Paul et Louise Catalane - 400g","p":2.17,"u":"5,43 €/KG","img":"https://fd9-photos.leclercdrive.fr/image.ashx?id=2367574&use=l&cat=p&typeid=i","cat":284441},{"id":159172,"n":"Sac à dos Baby Esquisse Lion","p":4.9,"img":"https://fd9-photos.leclercdrive.fr/image.ashx?id=2138103&use=l&cat=p&typeid=i","cat":334133},{"id":159220,"n":"Dos de Cabillaud Findus MSC - x4 - 440g","p":10.77,"u":"24,48 €/KG","img":"https://fd9-photos.leclercdrive.fr/image.ashx?id=2735347&use=l&cat=p&typeid=i","cat":319786},{"id":159436,"n":"Tournedos magret du Périgord Nos Régions ont du Talent 280g","p":7.99,"u":"28,54 €/KG","img":"https://fd9-photos.leclercdrive.fr/image.ashx?id=2988969&use=l&cat=p&typeid=i","cat":284339},{"id":159448,"n":"Boisson aux fruits Jafun Pomme Cassis Framboise - 2L","p":1.49,"u":"0,75 €/L","img":"https://fd9-photos.leclercdrive.fr/image.ashx?id=2956924&use=l&cat=p&typeid=i","cat":295018},{"id":159513,"n":"Bière aromatisée Desquiles Ginger - 50cl","p":1.39,"u":"2,78 €/L","img":"https://fd9-photos.leclercdrive.fr/image.ashx?id=2637982&use=l&cat=p&typeid=i","cat":334853},{"id":159627,"n":"Fromage Fol Epi  Originale 8 Tranches - 150g","p":2.2,"u":"14,67 €/KG","img":"https://fd9-photos.leclercdrive.fr/image.ashx?id=2456801&use=l&cat=p&typeid=i","cat":314028},{"id":159631,"n":"Betterave Eco+ 2x500g","p":1.44,"u":"1,44 €/KG","img":"https://fd9-photos.leclercdrive.fr/image.ashx?id=2711592&use=l&cat=p&typeid=i","cat":284352},{"id":159875,"n":"Bières Florida Sunrise - Desperados - 3x33cL","p":5.29,"u":"16,03 €/L","img":"https://fd9-photos.leclercdrive.fr/image.ashx?id=2977972&use=l&cat=p&typeid=i","cat":334878},{"id":159897,"n":"Fromage Enfant Kiri Crème 12 portions à tartiner - 216g","p":2.85,"u":"13,19 €/KG","img":"https://fd9-photos.leclercdrive.fr/image.ashx?id=2973565&use=l&cat=p&typeid=i","cat":314030},{"id":159903,"n":"Boisson aux fruits Jafun Tropical - 2L","p":1.79,"u":"0,90 €/L","img":"https://fd9-photos.leclercdrive.fr/image.ashx?id=2897835&use=l&cat=p&typeid=i","cat":295018},{"id":159942,"n":"Huile motoculture Beaux Jours 2t 100% synthèse - 2L","p":11.49,"u":"5,75 €/L","img":"https://fd9-photos.leclercdrive.fr/image.ashx?id=2297789&use=l&cat=p&typeid=i","cat":298253},{"id":159947,"n":"Huile motoculture Beaux Jours 4t - 2L","p":7.49,"u":"3,75 €/L","img":"https://fd9-photos.leclercdrive.fr/image.ashx?id=2297798&use=l&cat=p&typeid=i","cat":298253},{"id":159949,"n":"Huile tronçonneuse Beaux Jours Biodégradable - 2L","p":9.99,"u":"5,00 €/L","img":"https://fd9-photos.leclercdrive.fr/image.ashx?id=2297801&use=l&cat=p&typeid=i","cat":298253},{"id":159951,"n":"Huile tronçonneuse Beaux Jours 5L","p":15.99,"u":"3,20 €/L","img":"https://fd9-photos.leclercdrive.fr/image.ashx?id=2297804&use=l&cat=p&typeid=i","cat":298253},{"id":159956,"n":"Huile moteur Tech 9 5W30 C3 504/507 - 5L","p":37.8,"u":"7,56 €/L","img":"https://fd9-photos.leclercdrive.fr/image.ashx?id=2148776&use=l&cat=p&typeid=i","cat":298253},{"id":159958,"n":"Huile moteur Tech 9 5W40 Diesel - 5L","p":23.5,"u":"4,70 €/L","img":"https://fd9-photos.leclercdrive.fr/image.ashx?id=2148782&use=l&cat=p&typeid=i","cat":298253},{"id":159959,"n":"Huile moteur Tech 9 5W40 Diesel - 2L","p":11.39,"u":"5,70 €/L","img":"https://fd9-photos.leclercdrive.fr/image.ashx?id=2162687&use=l&cat=p&typeid=i","cat":298253},{"id":159964,"n":"Huile moteur Tech 9 0W30 mixte - 2L","p":21.95,"u":"10,98 €/L","img":"https://fd9-photos.leclercdrive.fr/image.ashx?id=2162693&use=l&cat=p&typeid=i","cat":298253},{"id":159965,"n":"Capsules Starbucks by Nespresso  Colombia Int 7 - x18","p":6.05,"u":"59,90 €/KG","img":"https://fd9-photos.leclercdrive.fr/image.ashx?id=2668174&use=l&cat=p&typeid=i","cat":284749},{"id":159980,"n":"Huile moteur Tech 9 10W40 Diesel - 5L","p":18.4,"u":"3,68 €/L","img":"https://fd9-photos.leclercdrive.fr/image.ashx?id=2148767&use=l&cat=p&typeid=i","cat":298253},{"id":159981,"n":"Huile moteur Tech 9 10W40 Diesel - 2L","p":8.9,"u":"4,45 €/L","img":"https://fd9-photos.leclercdrive.fr/image.ashx?id=2193818&use=l&cat=p&typeid=i","cat":298253},{"id":159987,"n":"Huile moteur Tech 9 15W40 Essence - 2L","p":7.99,"u":"4,00 €/L","img":"https://fd9-photos.leclercdrive.fr/image.ashx?id=2162669&use=l&cat=p&typeid=i","cat":298253},{"id":159989,"n":"Huile moteur Tech 9 15W49 Diesel - 5L","p":15.75,"u":"3,15 €/L","img":"https://fd9-photos.leclercdrive.fr/image.ashx?id=2162672&use=l&cat=p&typeid=i","cat":298253},{"id":159990,"n":"Huile moteur Tech 9 15W40 Essence - 5L","p":15.75,"u":"3,15 €/L","img":"https://fd9-photos.leclercdrive.fr/image.ashx?id=2162675&use=l&cat=p&typeid=i","cat":298253},{"id":159991,"n":"Huile moteur Tech 9 5W30 C2 - 2L","p":13.99,"u":"7,00 €/L","img":"https://fd9-photos.leclercdrive.fr/image.ashx?id=2162678&use=l&cat=p&typeid=i","cat":298253},{"id":160238,"n":"Nappage Fruits rouges Vahiné 155g","p":2.59,"u":"16,71 €/KG","img":"https://fd9-photos.leclercdrive.fr/image.ashx?id=2805270&use=l&cat=p&typeid=i","cat":284504},{"id":160428,"n":"Lessive liquide fraicheur Epsil 40 lavages - 2L","p":4.6,"u":"2,30 €/L","img":"https://fd9-photos.leclercdrive.fr/image.ashx?id=2602982&use=l&cat=p&typeid=i","cat":284640},{"id":160429,"n":"Lessive liquide printemps Epsil 40 Lavages - 2L","p":4.6,"u":"2,30 €/L","img":"https://fd9-photos.leclercdrive.fr/image.ashx?id=2602988&use=l&cat=p&typeid=i","cat":284640},{"id":160430,"n":"Lessive liquide sensitive Epsil 40 lavages - 2L","p":5.99,"u":"3,00 €/L","img":"https://fd9-photos.leclercdrive.fr/image.ashx?id=2450137&use=l&cat=p&typeid=i","cat":284640},{"id":160820,"n":"Mozza Sticks Pickers by McCain Batonnets de mozzarella - 230g","p":3.4,"u":"14,78 €/KG","img":"https://fd9-photos.leclercdrive.fr/image.ashx?id=2920021&use=l&cat=p&typeid=i","cat":319822},{"id":160821,"n":"Onion rings Pickers by McCain 350g","p":2.88,"u":"8,23 €/KG","img":"https://fd9-photos.leclercdrive.fr/image.ashx?id=2920024&use=l&cat=p&typeid=i","cat":319822},{"id":161003,"n":"Mayonnaise Bénédicta Nature - 510g","p":2.4,"u":"4,71 €/KG","img":"https://fd9-photos.leclercdrive.fr/image.ashx?id=2548225&use=l&cat=p&typeid=i","cat":298295},{"id":161082,"n":"Café capsules DOLCE GUSTO Starbucks vanilla macchiato 2x6","p":4.39,"u":"33,26 €/KG","img":"https://fd9-photos.leclercdrive.fr/image.ashx?id=2986912&use=l&cat=p&typeid=i","cat":293239},{"id":161117,"n":"Pizza 5 fromaggi Italpizza 520g","p":4.66,"u":"8,96 €/KG","img":"https://fd9-photos.leclercdrive.fr/image.ashx?id=2540877&use=l&cat=p&typeid=i","cat":284256},{"id":161126,"n":"Boisson aux fruits Jafun Multifruits - 2L","p":1.99,"u":"1,00 €/L","img":"https://fd9-photos.leclercdrive.fr/image.ashx?id=2865290&use=l&cat=p&typeid=i","cat":295018},{"id":161140,"n":"Capsules café Royal Lungo - x18 - 95g","p":4.96,"u":"52,21 €/KG","img":"https://fd9-photos.leclercdrive.fr/image.ashx?id=2465913&use=l&cat=p&typeid=i","cat":284749},{"id":161148,"n":"Capsules café Royal Expresso - x18 - 93g","p":4.96,"u":"53,33 €/KG","img":"https://fd9-photos.leclercdrive.fr/image.ashx?id=2355983&use=l&cat=p&typeid=i","cat":284749},{"id":161178,"n":"Tablettes nettoyage Sodastream x10","p":4.15,"u":"0,42 €/P","img":"https://fd9-photos.leclercdrive.fr/image.ashx?id=2370662&use=l&cat=p&typeid=i","cat":334140},{"id":161213,"n":"Gel crème Sun Eucerin Oil Control - SPF 50+ - 50ML","p":10.83,"u":"216,60 €/L","img":"https://fd9-photos.leclercdrive.fr/image.ashx?id=2342986&use=l&cat=p&typeid=i","cat":290396},{"id":161226,"n":"Huile essentielle Puressentiel Gaulthérie Bio - 10ml","p":4.4,"u":"440,00 €/L","img":"https://fd9-photos.leclercdrive.fr/image.ashx?id=2155564&use=l&cat=p&typeid=i","cat":298633},{"id":161415,"n":"Confiture aux abricots Léonce Blanc 70% de fruits-320g","p":3.03,"u":"9,47 €/KG","img":"https://fd9-photos.leclercdrive.fr/image.ashx?id=2181161&use=l&cat=p&typeid=i","cat":284480},{"id":161444,"n":"Déodorant Anti-Traces Grenade - Monsavon - x1","p":1.88,"img":"https://fd9-photos.leclercdrive.fr/image.ashx?id=2630847&use=l&cat=p&typeid=i","cat":284595},{"id":161458,"n":"Biscuits Napolitain Lu L'Original - 4x180g","p":6.0,"u":"8,33 €/KG","img":"https://fd9-photos.leclercdrive.fr/image.ashx?id=2940468&use=l&cat=p&typeid=i","cat":284495},{"id":161619,"n":"IGP pâtes Grand-Mère Coquillettes - 500g","p":1.93,"u":"3,86 €/KG","img":"https://fd9-photos.leclercdrive.fr/image.ashx?id=2191993&use=l&cat=p&typeid=i","cat":284427},{"id":161709,"n":"Déodorant bille Men Expert Thermic Resist - 50ml","p":2.55,"u":"51,00 €/L","img":"https://fd9-photos.leclercdrive.fr/image.ashx?id=2300518&use=l&cat=p&typeid=i","cat":284618},{"id":161846,"n":"Sucre roux Tablier blanc En morceaux - 1kg","p":1.81,"u":"1,81 €/KG","img":"https://fd9-photos.leclercdrive.fr/image.ashx?id=2503281&use=l&cat=p&typeid=i","cat":284502},{"id":162202,"n":"Tablette de chocolat noir Lindt 70% doux - 2x100g","p":4.42,"u":"22,10 €/KG","img":"https://fd9-photos.leclercdrive.fr/image.ashx?id=2214741&use=l&cat=p&typeid=i","cat":284956},{"id":162271,"n":"Tablette de chocolat noir Lindt Intense 70% - 2x200g","p":6.46,"pp":4.26,"u":"10,65 €/KG","img":"https://fd9-photos.leclercdrive.fr/image.ashx?id=2208936&use=l&cat=p&typeid=i","cat":285562},{"id":162274,"n":"Sauce Crudités Benedicta  Nature légère - 295g","p":1.88,"u":"6,37 €/KG","img":"https://fd9-photos.leclercdrive.fr/image.ashx?id=2755206&use=l&cat=p&typeid=i","cat":284456},{"id":162571,"n":"Sauce apéritif Doritos Goût fromage -280g","p":2.54,"u":"9,07 €/KG","img":"https://fd9-photos.leclercdrive.fr/image.ashx?id=2170208&use=l&cat=p&typeid=i","cat":284451},{"id":162572,"n":"Sauce apéritif Doritos Goût sour cream -280g","p":2.27,"u":"8,11 €/KG","img":"https://fd9-photos.leclercdrive.fr/image.ashx?id=2167528&use=l&cat=p&typeid=i","cat":284451},{"id":162575,"n":"Maquereaux Petit Navire Vin blanc citron&romarin - 175g","p":2.1,"u":"12,43 €/KG","img":"https://fd9-photos.leclercdrive.fr/image.ashx?id=2523906&use=l&cat=p&typeid=i","cat":303868},{"id":162596,"n":"Boisson aux fruits Jafun Orange - 2L","p":1.72,"u":"0,86 €/L","img":"https://fd9-photos.leclercdrive.fr/image.ashx?id=2897829&use=l&cat=p&typeid=i","cat":295018},{"id":162597,"n":"Lait concentré Régilait Sucré demi-écrémé - 300g","p":1.69,"u":"5,63 €/KG","img":"https://fd9-photos.leclercdrive.fr/image.ashx?id=2169956&use=l&cat=p&typeid=i","cat":293236},{"id":163021,"n":"Biscuits Knoppers Lait / Noisettes - 6x25g","p":2.01,"u":"13,40 €/KG","img":"https://fd9-photos.leclercdrive.fr/image.ashx?id=2659151&use=l&cat=p&typeid=i","cat":284488},{"id":163115,"n":"Piles alcalines Duracell MX1500 Optimum Type AA/LR06 1,5V - x4","p":7.2,"u":"1,80 €/P","img":"https://fd9-photos.leclercdrive.fr/image.ashx?id=2941823&use=l&cat=p&typeid=i","cat":300572},{"id":163133,"n":"Bière ambrée Kwak 8.4% - 75cl","p":4.6,"u":"6,13 €/L","img":"https://fd9-photos.leclercdrive.fr/image.ashx?id=2948423&use=l&cat=p&typeid=i","cat":334872},{"id":163143,"n":"Dragibus Soft Haribo Sachet bonbons - 300g","p":1.29,"u":"4,30 €/KG","img":"https://fd9-photos.leclercdrive.fr/image.ashx?id=2806123&use=l&cat=p&typeid=i","cat":304250},{"id":163144,"n":"Piles alcalines Duracell MN2400 Optimum AAA/LR03 1,5V - x4","p":7.2,"u":"1,80 €/P","img":"https://fd9-photos.leclercdrive.fr/image.ashx?id=2929095&use=l&cat=p&typeid=i","cat":300572},{"id":163145,"n":"Dragibus Original Haribo Multipack bonbons - 250g","p":1.74,"u":"6,96 €/KG","img":"https://fd9-photos.leclercdrive.fr/image.ashx?id=2984943&use=l&cat=p&typeid=i","cat":304250},{"id":163146,"n":"Piles alcalines Duracell MX1500 Optimum AA/LR06 1,5V - x6","p":9.55,"u":"1,59 €/P","img":"https://fd9-photos.leclercdrive.fr/image.ashx?id=2855367&use=l&cat=p&typeid=i","cat":300572},{"id":163147,"n":"Bonbons Haribo Dragolo - 750g","p":4.23,"u":"5,64 €/KG","img":"https://fd9-photos.leclercdrive.fr/image.ashx?id=2803586&use=l&cat=p&typeid=i","cat":304250},{"id":163185,"n":"Assiettes plates Homeside 23cm blanc sans film PE - x100","p":4.09,"u":"0,04 €/P","img":"https://fd9-photos.leclercdrive.fr/image.ashx?id=2177418&use=l&cat=p&typeid=i","cat":334134},{"id":163238,"n":"Dentifrice Sensodyne Soin gencives 24h - 75ml","p":3.12,"u":"41,60 €/L","img":"https://fd9-photos.leclercdrive.fr/image.ashx?id=2540007&use=l&cat=p&typeid=i","cat":284612},{"id":163286,"n":"Gel de rasage Eucerin Nobacter - 150ml","p":7.99,"u":"53,27 €/L","img":"https://fd9-photos.leclercdrive.fr/image.ashx?id=2175602&use=l&cat=p&typeid=i","cat":291167},{"id":163319,"n":"Assiettes plates Homeside 23cm rouge sans film PE - x20","p":3.15,"u":"0,16 €/P","img":"https://fd9-photos.leclercdrive.fr/image.ashx?id=2177406&use=l&cat=p&typeid=i","cat":334134},{"id":163326,"n":"Assiettes plates Homeside 23 cm noir sans film PE - x20","p":3.15,"u":"0,16 €/P","img":"https://fd9-photos.leclercdrive.fr/image.ashx?id=2177397&use=l&cat=p&typeid=i","cat":334134},{"id":163328,"n":"Aassiettes plates Homeside 23 cm anis sans film PE - x20","p":3.15,"u":"0,16 €/P","img":"https://fd9-photos.leclercdrive.fr/image.ashx?id=2177385&use=l&cat=p&typeid=i","cat":334134},{"id":163329,"n":"Assiettes plates Homeside 23 cm jaune sans film PE - x20","p":3.15,"u":"0,16 €/P","img":"https://fd9-photos.leclercdrive.fr/image.ashx?id=2177394&use=l&cat=p&typeid=i","cat":334134},{"id":163331,"n":"Assiettes plates Homeside Bleue 23cm  sans film PE - x20","p":3.15,"u":"0,16 €/P","img":"https://fd9-photos.leclercdrive.fr/image.ashx?id=2927893&use=l&cat=p&typeid=i","cat":334134},{"id":163333,"n":"Assiettes plates Homeside 23 cm Bleu nuit sans film - x20","p":3.15,"img":"https://fd9-photos.leclercdrive.fr/image.ashx?id=2742321&use=l&cat=p&typeid=i","cat":334134},{"id":163342,"n":"Gobelets 25cl Homeside Gris - x12","p":1.5,"u":"0,13 €/P","img":"https://fd9-photos.leclercdrive.fr/image.ashx?id=2708961&use=l&cat=p&typeid=i","cat":334134},{"id":163353,"n":"Verres à biere 35cl Homeside x12","p":1.9,"u":"0,16 €/P","img":"https://fd9-photos.leclercdrive.fr/image.ashx?id=2177358&use=l&cat=p&typeid=i","cat":334134},{"id":163356,"n":"Gobelets 25cl Homeside Olive - x12","p":1.5,"u":"0,13 €/P","img":"https://fd9-photos.leclercdrive.fr/image.ashx?id=2708973&use=l&cat=p&typeid=i","cat":334134},{"id":163360,"n":"Gobelets 47cl Homeside Amercican cup rouge - x10","p":2.39,"u":"0,24 €/P","img":"https://fd9-photos.leclercdrive.fr/image.ashx?id=2177373&use=l&cat=p&typeid=i","cat":334134},{"id":163361,"n":"Gobelets 25cl Homeside Rouge - x12","p":1.5,"u":"0,13 €/P","img":"https://fd9-photos.leclercdrive.fr/image.ashx?id=2708982&use=l&cat=p&typeid=i","cat":334134},{"id":163420,"n":"Smarties Mini Bonbons Chocolats 21 boites - 315g","p":3.86,"u":"12,25 €/KG","img":"https://fd9-photos.leclercdrive.fr/image.ashx?id=2740862&use=l&cat=p&typeid=i","cat":304238},{"id":163435,"n":"Ampoules H7 + 50% de luminosité - x2","p":11.99,"u":"6,00 €/P","img":"https://fd9-photos.leclercdrive.fr/image.ashx?id=2283573&use=l&cat=p&typeid=i","cat":300573},{"id":163436,"n":"Ampoule H4 +50% de luminosité - x1","p":4.3,"img":"https://fd9-photos.leclercdrive.fr/image.ashx?id=2665883&use=l&cat=p&typeid=i","cat":300573},{"id":163437,"n":"Ampoule H7 + 50% de luminosité - x1","p":6.49,"img":"https://fd9-photos.leclercdrive.fr/image.ashx?id=2283610&use=l&cat=p&typeid=i","cat":300573},{"id":163525,"n":"Petit pot bébé Blédina 6 mois Haricot carotte veau - 2x200g","p":2.25,"u":"5,63 €/KG","img":"https://fd9-photos.leclercdrive.fr/image.ashx?id=2935756&use=l&cat=p&typeid=i","cat":312236},{"id":163534,"n":"Isey Skyr Fraise - 400g","p":2.96,"u":"7,40 €/KG","img":"https://fd9-photos.leclercdrive.fr/image.ashx?id=2601193&use=l&cat=p&typeid=i","cat":315000},{"id":163541,"n":"Isey Skyr Stracciatella - 400g","p":2.88,"u":"7,20 €/KG","img":"https://fd9-photos.leclercdrive.fr/image.ashx?id=2598621&use=l&cat=p&typeid=i","cat":315000},{"id":163613,"n":"Mozzarella fromage râpé  Les Croisés - 150g","p":1.39,"u":"9,27 €/KG","img":"https://fd9-photos.leclercdrive.fr/image.ashx?id=2178848&use=l&cat=p&typeid=i","cat":314035},{"id":163643,"n":"Patates douces en morceaux Bio Bio Village - 600g","p":2.08,"u":"3,47 €/KG","img":"https://fd9-photos.leclercdrive.fr/image.ashx?id=2898101&use=l&cat=p&typeid=i","cat":319805},{"id":163749,"n":"Mousseline Purina Gourmet Boeuf nappé de sauce - 4x57g","p":2.89,"u":"12,68 €/KG","img":"https://fd9-photos.leclercdrive.fr/image.ashx?id=2861773&use=l&cat=p&typeid=i","cat":285286},{"id":163750,"n":"Mousseline Purina Gourmet Poulet nappé de sauce - 4x57g","p":2.96,"u":"12,98 €/KG","img":"https://fd9-photos.leclercdrive.fr/image.ashx?id=2864197&use=l&cat=p&typeid=i","cat":285286},{"id":163793,"n":"Gobelets 25cl Jaune - x12","p":1.5,"u":"0,13 €/P","img":"https://fd9-photos.leclercdrive.fr/image.ashx?id=2708964&use=l&cat=p&typeid=i","cat":334134},{"id":164196,"n":"Bière Blonde Soif Caporal 33 cl","p":2.25,"u":"6,82 €/L","img":"https://fd9-photos.leclercdrive.fr/image.ashx?id=2961146&use=l&cat=p&typeid=i","cat":334872},{"id":164197,"n":"Bière Rousse de Plaisir Caporal 33 cl","p":2.55,"u":"7,73 €/L","img":"https://fd9-photos.leclercdrive.fr/image.ashx?id=3008917&use=l&cat=p&typeid=i","cat":334872},{"id":164271,"n":"Café grains Méo  Excellence - 1kg","p":18.08,"u":"18,08 €/KG","img":"https://fd9-photos.leclercdrive.fr/image.ashx?id=2601521&use=l&cat=p&typeid=i","cat":293237},{"id":164448,"n":"Yaourt à la Grecque Yaos Coco - 4x125g + 2 offert","p":2.04,"u":"4,08 €/KG","img":"https://fd9-photos.leclercdrive.fr/image.ashx?id=2817314&use=l&cat=p&typeid=i","cat":314999},{"id":164449,"n":"Yaourt à la Grecque Yaos Citron - 4x125g + 2 offerts","p":2.65,"u":"3,53 €/KG","img":"https://fd9-photos.leclercdrive.fr/image.ashx?id=2561631&use=l&cat=p&typeid=i","cat":314999},{"id":164541,"n":"Maïs Bonduelle Sans Résidu De Pesticides 285g","p":1.19,"u":"4,18 €/KG","img":"https://fd9-photos.leclercdrive.fr/image.ashx?id=2972892&use=l&cat=p&typeid=i","cat":312611},{"id":164558,"n":"Bière Fontilla 33 cl","p":2.6,"u":"7,88 €/L","img":"https://fd9-photos.leclercdrive.fr/image.ashx?id=2241098&use=l&cat=p&typeid=i","cat":334852},{"id":164562,"n":"Bière Cromignonne 33 cl","p":2.6,"u":"7,88 €/L","img":"https://fd9-photos.leclercdrive.fr/image.ashx?id=2241095&use=l&cat=p&typeid=i","cat":334852},{"id":164567,"n":"Eau nettoyante Cadum Bébé  Douceur - 750ml","p":3.29,"u":"4,39 €/L","img":"https://fd9-photos.leclercdrive.fr/image.ashx?id=2278451&use=l&cat=p&typeid=i","cat":284741},{"id":164569,"n":"Gel nettoyant Cadum Bébé  Corps et Cheveux - 750ml","p":3.29,"u":"4,39 €/L","img":"https://fd9-photos.leclercdrive.fr/image.ashx?id=2377799&use=l&cat=p&typeid=i","cat":284740},{"id":164570,"n":"Gel Douche Sans Savon Cadum Huile d'Amandes Douces - 750ml","p":3.23,"u":"4,31 €/L","img":"https://fd9-photos.leclercdrive.fr/image.ashx?id=2352870&use=l&cat=p&typeid=i","cat":284594},{"id":164581,"n":"Démaquillant Maybelline  Lotion fraîcheur yeux - 150ml","p":2.28,"u":"15,20 €/L","img":"https://fd9-photos.leclercdrive.fr/image.ashx?id=2505657&use=l&cat=p&typeid=i","cat":284603},{"id":164584,"n":"Crème Douche surgras Cadum Beurre de Karité - 750ml","p":3.23,"u":"4,31 €/L","img":"https://fd9-photos.leclercdrive.fr/image.ashx?id=2395020&use=l&cat=p&typeid=i","cat":284594},{"id":164596,"n":"Gel Douche Tonifiant Ushuaïa Extrait de Cèdre - 300ml","p":2.11,"u":"7,03 €/L","img":"https://fd9-photos.leclercdrive.fr/image.ashx?id=2445343&use=l&cat=p&typeid=i","cat":284594},{"id":164598,"n":"40 sacs congélation Alfapac avec lien Moyen modèle","p":1.95,"u":"0,05 €/P","img":"https://fd9-photos.leclercdrive.fr/image.ashx?id=2918700&use=l&cat=p&typeid=i","cat":334134},{"id":164602,"n":"Lessive liquide fraîcheur ECO+ 40 lavages - 2L","p":2.16,"u":"1,08 €/L","img":"https://fd9-photos.leclercdrive.fr/image.ashx?id=2597988&use=l&cat=p&typeid=i","cat":284640},{"id":164603,"n":"Lessive liquide fleurie Epsil 25 lavages - 1,25L","p":3.91,"u":"3,13 €/L","img":"https://fd9-photos.leclercdrive.fr/image.ashx?id=2602997&use=l&cat=p&typeid=i","cat":284640},{"id":164870,"n":"Raclette au poivre pasteurisée L'Atelier Fromagerie - 250g","p":3.75,"u":"15,00 €/KG","img":"https://fd9-photos.leclercdrive.fr/image.ashx?id=2215467&use=l&cat=p&typeid=i","cat":314036},{"id":164871,"n":"Raclette fumée pasteurisée L'Atelier Fromagerie - 250g","p":3.75,"u":"15,00 €/KG","img":"https://fd9-photos.leclercdrive.fr/image.ashx?id=2215470&use=l&cat=p&typeid=i","cat":314036},{"id":165031,"n":"yaourt bifidus activia céréales granola amarante - 4x120g","p":2.15,"u":"4,48 €/KG","img":"https://fd9-photos.leclercdrive.fr/image.ashx?id=2792120&use=l&cat=p&typeid=i","cat":315000},{"id":165062,"n":"Gel Lubrifiant Intime Cherry Arome Cerise Durex 100ml","p":9.87,"u":"98,70 €/L","img":"https://fd9-photos.leclercdrive.fr/image.ashx?id=2960696&use=l&cat=p&typeid=i","cat":285160},{"id":165064,"n":"Lessive poudre Eco + 60 lavages - 3kg","p":4.81,"u":"1,60 €/KG","img":"https://fd9-photos.leclercdrive.fr/image.ashx?id=2638524&use=l&cat=p&typeid=i","cat":284642},{"id":165065,"n":"Huile moteur Tech 9 2T 100 Synhèse - 2L","p":9.99,"u":"5,00 €/L","img":"https://fd9-photos.leclercdrive.fr/image.ashx?id=2193821&use=l&cat=p&typeid=i","cat":298253},{"id":165174,"n":"Spray aérien Puressentiel  Sommeil et détente - 75ml","p":10.89,"u":"145,20 €/L","img":"https://fd9-photos.leclercdrive.fr/image.ashx?id=2194253&use=l&cat=p&typeid=i","cat":298633},{"id":165199,"n":"Pate à tartiner Bonne Maman Noisette et cacao - 360g","p":3.86,"u":"10,72 €/KG","img":"https://fd9-photos.leclercdrive.fr/image.ashx?id=2891106&use=l&cat=p&typeid=i","cat":284481},{"id":165225,"n":"Novanuit Triple action x30","p":9.99,"u":"222,00 €/KG","img":"https://fd9-photos.leclercdrive.fr/image.ashx?id=2237202&use=l&cat=p&typeid=i","cat":301265},{"id":165605,"n":"Tenders de poulet Coté Croc  - 600g","p":6.23,"u":"10,38 €/KG","img":"https://fd9-photos.leclercdrive.fr/image.ashx?id=2974819&use=l&cat=p&typeid=i","cat":319780},{"id":165642,"n":"Protège matelas Tissaïa Basics Blanc - 140x190cm","p":8.94,"img":"https://fd9-photos.leclercdrive.fr/image.ashx?id=2219428&use=l&cat=p&typeid=i","cat":286694},{"id":165643,"n":"Protège matelas Tissaïa Basics Blanc - 160x200cm","p":9.94,"img":"https://fd9-photos.leclercdrive.fr/image.ashx?id=2219431&use=l&cat=p&typeid=i","cat":286694},{"id":165674,"n":"Filets de merlu MSC Pêche Océan - 800g","p":9.85,"u":"12,31 €/KG","img":"https://fd9-photos.leclercdrive.fr/image.ashx?id=2202461&use=l&cat=p&typeid=i","cat":319786},{"id":165700,"n":"Chocolats à la liqueur Abtey Poire Williams x11 - 240g","p":6.01,"u":"25,04 €/KG","img":"https://fd9-photos.leclercdrive.fr/image.ashx?id=2870266&use=l&cat=p&typeid=i","cat":327601},{"id":165725,"n":"Marrons glacés L'Artisan Provençal x8 - 145g","p":13.95,"u":"96,21 €/KG","img":"https://fd9-photos.leclercdrive.fr/image.ashx?id=2390245&use=l&cat=p&typeid=i","cat":327603},{"id":165801,"n":"Sauce bolognaise Eco+ 420g","p":1.13,"u":"2,69 €/KG","img":"https://fd9-photos.leclercdrive.fr/image.ashx?id=2634845&use=l&cat=p&typeid=i","cat":287599},{"id":165858,"n":"Lynx Edition spéciale Educa Dès 6 ans","p":18.5,"img":"https://fd9-photos.leclercdrive.fr/image.ashx?id=2515221&use=l&cat=p&typeid=i","cat":334378},{"id":165910,"n":"Môts Mêlés Junior-Goliath Dès 5 ans","p":19.8,"img":"https://fd9-photos.leclercdrive.fr/image.ashx?id=2512066&use=l&cat=p&typeid=i","cat":334378},{"id":165980,"n":"Horloge éducative en bois Kidway - Dès 3 ans","p":6.9,"img":"https://fd9-photos.leclercdrive.fr/image.ashx?id=2222497&use=l&cat=p&typeid=i","cat":334379},{"id":165981,"n":"Puzzle 8 pièces ferme Kidway Dès 2 ans","p":6.9,"img":"https://fd9-photos.leclercdrive.fr/image.ashx?id=2222467&use=l&cat=p&typeid=i","cat":334378},{"id":165982,"n":"Poupée Manon 80 cm Kidway Poupée blonde - Dès 3 ans","p":24.9,"img":"https://fd9-photos.leclercdrive.fr/image.ashx?id=2211281&use=l&cat=p&typeid=i","cat":334379},{"id":166050,"n":"Pyjamask garage qg+ 4 veh Playset 2 étages - Dès 3 ans","p":39.8,"img":"https://fd9-photos.leclercdrive.fr/image.ashx?id=2205824&use=l&cat=p&typeid=i","cat":334380},{"id":166172,"n":"Piano touches magiques Dès 6 mois","p":19.5,"u":"Dont 0,22 € d'éco-part.","img":"https://fd9-photos.leclercdrive.fr/image.ashx?id=2222377&use=l&cat=p&typeid=i","cat":334379},{"id":166194,"n":"Tambour touches magiques Dès 6 mois","p":19.5,"u":"Dont 0,22 € d'éco-part.","img":"https://fd9-photos.leclercdrive.fr/image.ashx?id=2222383&use=l&cat=p&typeid=i","cat":334379},{"id":166304,"n":"Croquettes poisson pané Findus MSC Ail Fines Herbes x6 - 300g","p":2.89,"u":"9,63 €/KG","img":"https://fd9-photos.leclercdrive.fr/image.ashx?id=3008752&use=l&cat=p&typeid=i","cat":319788},{"id":166403,"n":"Lessive eco-recharge Uni Vert Aloe x30 lavages - 1.05L","p":4.12,"u":"3,92 €/L","img":"https://fd9-photos.leclercdrive.fr/image.ashx?id=2669780&use=l&cat=p&typeid=i","cat":284640},{"id":166419,"n":"Signature Patato Pops McCain Pommes de terre - 650g","p":2.58,"u":"3,97 €/KG","img":"https://fd9-photos.leclercdrive.fr/image.ashx?id=2752233&use=l&cat=p&typeid=i","cat":319792},{"id":166654,"n":"1ère Crème lavante bébé Uriage Flacon pompe - 500ml","p":9.98,"u":"19,96 €/L","img":"https://fd9-photos.leclercdrive.fr/image.ashx?id=2735455&use=l&cat=p&typeid=i","cat":290425},{"id":166655,"n":"1ère Crème lavante bébé Uriage Flacon pompe - 1L","p":10.78,"u":"10,78 €/L","img":"https://fd9-photos.leclercdrive.fr/image.ashx?id=2209531&use=l&cat=p&typeid=i","cat":290425},{"id":166656,"n":"1ère eau nettoyante bébé Uriage Flacon pompe - 500ml","p":7.7,"u":"15,40 €/L","img":"https://fd9-photos.leclercdrive.fr/image.ashx?id=2689970&use=l&cat=p&typeid=i","cat":290425},{"id":166657,"n":"1ère eau nettoyante bébé Uriage Flacon pompe - 1L","p":8.7,"u":"8,70 €/L","img":"https://fd9-photos.leclercdrive.fr/image.ashx?id=2209537&use=l&cat=p&typeid=i","cat":290425},{"id":166661,"n":"Crème La Roche Posay Tolériane Dermallergo - 40ml","p":16.77,"u":"419,25 €/L","img":"https://fd9-photos.leclercdrive.fr/image.ashx?id=2813444&use=l&cat=p&typeid=i","cat":291171},{"id":166664,"n":"Baume Lipikar La Roche Posay AP M Tube Eco Responsable-200ml","p":14.98,"u":"74,90 €/L","img":"https://fd9-photos.leclercdrive.fr/image.ashx?id=2209435&use=l&cat=p&typeid=i","cat":290421},{"id":166665,"n":"Correcteur intensif SVR Sebiaclear Active Gel - 40ml","p":8.48,"u":"212,00 €/L","img":"https://fd9-photos.leclercdrive.fr/image.ashx?id=2965139&use=l&cat=p&typeid=i","cat":291166},{"id":166666,"n":"Gel lavant Topialyse SVR Apaisant hydratant 24h - 1L","p":7.48,"pp":5.61,"u":"5,61 €/L","img":"https://fd9-photos.leclercdrive.fr/image.ashx?id=2971655&use=l&cat=p&typeid=i","cat":301591},{"id":166667,"n":"Huile lavante Topialyse SVR 1L","p":13.98,"pp":10.48,"u":"10,48 €/L","img":"https://fd9-photos.leclercdrive.fr/image.ashx?id=2971185&use=l&cat=p&typeid=i","cat":301591},{"id":166674,"n":"Confiture Douceur du Verger Fraise - 750g","p":2.15,"u":"2,87 €/KG","img":"https://fd9-photos.leclercdrive.fr/image.ashx?id=2965545&use=l&cat=p&typeid=i","cat":284480},{"id":166675,"n":"Confiture Douceur du Verger Abricot - 370g","p":1.27,"u":"3,43 €/KG","img":"https://fd9-photos.leclercdrive.fr/image.ashx?id=2965569&use=l&cat=p&typeid=i","cat":284480},{"id":166686,"n":"Yaourt protéiné Hipro  Coco 0%mg - 2x160g","p":2.01,"u":"6,28 €/KG","img":"https://fd9-photos.leclercdrive.fr/image.ashx?id=2807423&use=l&cat=p&typeid=i","cat":315000},{"id":166687,"n":"Yaourt protéiné Hipro 0%mg  Banane beurre cacahuète -2x160g","p":2.01,"u":"6,28 €/KG","img":"https://fd9-photos.leclercdrive.fr/image.ashx?id=2807426&use=l&cat=p&typeid=i","cat":315000},{"id":166701,"n":"Riz au lait Bonne Maman Vanille naturelle - 8x100g","p":3.2,"u":"4,00 €/KG","img":"https://fd9-photos.leclercdrive.fr/image.ashx?id=2370828&use=l&cat=p&typeid=i","cat":284418},{"id":166702,"n":"Semoule au lait Bonne Maman Vanille naturelle - 8x100g","p":3.2,"u":"4,00 €/KG","img":"https://fd9-photos.leclercdrive.fr/image.ashx?id=2924284&use=l&cat=p&typeid=i","cat":284418},{"id":166739,"n":"Boisson énergisante Rockstar Tropical goyave - 50cl","p":1.45,"u":"2,90 €/L","img":"https://fd9-photos.leclercdrive.fr/image.ashx?id=2689112&use=l&cat=p&typeid=i","cat":284533},{"id":166753,"n":"Apéritif Apérol Spritz 12.5% vol - 1L","p":14.75,"u":"14,75 €/L","img":"https://fd9-photos.leclercdrive.fr/image.ashx?id=2957287&use=l&cat=p&typeid=i","cat":286032},{"id":166754,"n":"Spéculoos pocket P'tit Déli 168g","p":0.85,"u":"5,06 €/KG","img":"https://fd9-photos.leclercdrive.fr/image.ashx?id=2245598&use=l&cat=p&typeid=i","cat":284487},{"id":166819,"n":"Sucre en poudre Tablier Blanc 1kg","p":1.53,"u":"1,53 €/KG","img":"https://fd9-photos.leclercdrive.fr/image.ashx?id=2573956&use=l&cat=p&typeid=i","cat":284502},{"id":166839,"n":"Fruits de mer Hamlet Chocolat praliné - 250g","p":6.89,"pp":4.55,"u":"18,20 €/KG","img":"https://fd9-photos.leclercdrive.fr/image.ashx?id=2753247&use=l&cat=p&typeid=i","cat":327595},{"id":166876,"n":"Lessive bi-doses Xeor Fraîcheur x30","p":5.24,"u":"7,13 €/L","img":"https://fd9-photos.leclercdrive.fr/image.ashx?id=2450125&use=l&cat=p&typeid=i","cat":284641},{"id":166878,"n":"Lessive bi-doses Xeor Savon de Marseille x30","p":5.24,"u":"7,13 €/L","img":"https://fd9-photos.leclercdrive.fr/image.ashx?id=2838948&use=l&cat=p&typeid=i","cat":284641},{"id":167011,"n":"Pur jus de clémentine Jafaden 90cl","p":2.15,"u":"2,39 €/L","img":"https://fd9-photos.leclercdrive.fr/image.ashx?id=2723162&use=l&cat=p&typeid=i","cat":285435},{"id":167171,"n":"Sucette guimauve Xmas Fizzy  Père Noel - 35g","p":1.73,"u":"49,43 €/KG","img":"https://fd9-photos.leclercdrive.fr/image.ashx?id=2305166&use=l&cat=p&typeid=i","cat":327592},{"id":167178,"n":"Praliné tiramisu The belgian 200g","p":7.49,"pp":4.94,"u":"24,70 €/KG","img":"https://fd9-photos.leclercdrive.fr/image.ashx?id=2214144&use=l&cat=p&typeid=i","cat":327595},{"id":167179,"n":"Truffles original The belgian Truffles original - 200g","p":3.95,"u":"19,75 €/KG","img":"https://fd9-photos.leclercdrive.fr/image.ashx?id=2306456&use=l&cat=p&typeid=i","cat":327600},{"id":167180,"n":"Truffles praliné The belgian Truffles praliné  - 200g","p":3.95,"u":"19,75 €/KG","img":"https://fd9-photos.leclercdrive.fr/image.ashx?id=2214138&use=l&cat=p&typeid=i","cat":327600},{"id":167181,"n":"Truffles caramel The belgian Truffles caramel - 200g","p":3.95,"u":"19,75 €/KG","img":"https://fd9-photos.leclercdrive.fr/image.ashx?id=2214147&use=l&cat=p&typeid=i","cat":327600},{"id":167183,"n":"Tubo père noël  lait Libeert Moulage lait décoré - 150g","p":6.95,"u":"46,33 €/KG","img":"https://fd9-photos.leclercdrive.fr/image.ashx?id=2306447&use=l&cat=p&typeid=i","cat":327592},{"id":167219,"n":"Calendrier de l'Avent After Eight Chocolat Noël 199g","p":10.17,"u":"51,11 €/KG","img":"https://fd9-photos.leclercdrive.fr/image.ashx?id=2764613&use=l&cat=p&typeid=i","cat":336112},{"id":167239,"n":"Festif Truffes Revillon Noir 70% - 370g","p":11.16,"u":"30,16 €/KG","img":"https://fd9-photos.leclercdrive.fr/image.ashx?id=2661199&use=l&cat=p&typeid=i","cat":327597},{"id":167243,"n":"Papillotes Révillon Noir 70% Féerique- 360g","p":11.36,"u":"31,56 €/KG","img":"https://fd9-photos.leclercdrive.fr/image.ashx?id=2863272&use=l&cat=p&typeid=i","cat":327597},{"id":167244,"n":"Papillotes Revillon Lait   Féerique - 360g","p":11.36,"u":"31,56 €/KG","img":"https://fd9-photos.leclercdrive.fr/image.ashx?id=2863269&use=l&cat=p&typeid=i","cat":327597},{"id":167245,"n":"Papillotes Révillon Blanc Féerique - 360g","p":11.36,"u":"31,56 €/KG","img":"https://fd9-photos.leclercdrive.fr/image.ashx?id=2409124&use=l&cat=p&typeid=i","cat":327597},{"id":167246,"n":"Papillotes Revillon Noir Lait Féerique - 360g","p":11.36,"u":"31,56 €/KG","img":"https://fd9-photos.leclercdrive.fr/image.ashx?id=2863275&use=l&cat=p&typeid=i","cat":327597},{"id":167247,"n":"Papillotes Révillon Lait et Blanc - 360g","p":11.36,"u":"31,56 €/KG","img":"https://fd9-photos.leclercdrive.fr/image.ashx?id=2863278&use=l&cat=p&typeid=i","cat":327597},{"id":167248,"n":"Papillote Révillon Noir Lait et Blanc Féerique - 360g","p":11.36,"u":"31,56 €/KG","img":"https://fd9-photos.leclercdrive.fr/image.ashx?id=2863121&use=l&cat=p&typeid=i","cat":327597},{"id":167271,"n":"Duos Pingouin - Renne Rohan 100g","p":2.5,"u":"25,00 €/KG","img":"https://fd9-photos.leclercdrive.fr/image.ashx?id=2213667&use=l&cat=p&typeid=i","cat":327592},{"id":167274,"n":"Sucette chocolat Rohan Modèle divers - 35g","p":1.66,"u":"47,43 €/KG","img":"https://fd9-photos.leclercdrive.fr/image.ashx?id=2900878&use=l&cat=p&typeid=i","cat":327592},{"id":167306,"n":"Soupe Déshydratée Oignon KNORR 4 portions - 94g","p":1.42,"u":"15,11 €/KG","img":"https://fd9-photos.leclercdrive.fr/image.ashx?id=2780088&use=l&cat=p&typeid=i","cat":284463},{"id":167389,"n":"Pur jus d'orange Jafaden Sans pulpe - 90cl","p":2.15,"u":"2,39 €/L","img":"https://fd9-photos.leclercdrive.fr/image.ashx?id=2723159&use=l&cat=p&typeid=i","cat":285435},{"id":167391,"n":"Jus de pomme Jafaden 90cl","p":1.91,"u":"2,12 €/L","img":"https://fd9-photos.leclercdrive.fr/image.ashx?id=2441474&use=l&cat=p&typeid=i","cat":285435},{"id":167392,"n":"Jus d'ananas Jafaden 90cl","p":2.21,"u":"2,46 €/L","img":"https://fd9-photos.leclercdrive.fr/image.ashx?id=2624016&use=l&cat=p&typeid=i","cat":285435},{"id":167399,"n":"Mini cheese burgers Côté Croc x10 - 155g","p":6.35,"u":"40,97 €/KG","img":"https://fd9-photos.leclercdrive.fr/image.ashx?id=2215500&use=l&cat=p&typeid=i","cat":319774},{"id":167410,"n":"Assortiment Chocolats Hamlet \"Classic\" - 250g","p":9.79,"u":"39,16 €/KG","img":"https://fd9-photos.leclercdrive.fr/image.ashx?id=2872126&use=l&cat=p&typeid=i","cat":327595},{"id":167416,"n":"Gel douche Le Petit Marseillais Noix de coco - 250ml","p":1.49,"u":"5,96 €/L","img":"https://fd9-photos.leclercdrive.fr/image.ashx?id=2681856&use=l&cat=p&typeid=i","cat":284594},{"id":167529,"n":"Lait bébé en poudre Gallia Calisma 1er âge 0-6 mois 830g","p":15.77,"u":"19,00 €/KG","img":"https://fd9-photos.leclercdrive.fr/image.ashx?id=2456201&use=l&cat=p&typeid=i","cat":284726},{"id":167530,"n":"Lait bébé en poudre Gallia Calisma 2e âge 6-12 mois 830g","p":14.79,"u":"17,82 €/KG","img":"https://fd9-photos.leclercdrive.fr/image.ashx?id=2479730&use=l&cat=p&typeid=i","cat":284727},{"id":167533,"n":"Tagliatelle Lustucru Selection  360g","p":1.31,"u":"3,64 €/KG","img":"https://fd9-photos.leclercdrive.fr/image.ashx?id=2885351&use=l&cat=p&typeid=i","cat":333682},{"id":167534,"n":"Tagliatelle Lustucru Selection  Maxi 600g","p":2.17,"u":"3,62 €/KG","img":"https://fd9-photos.leclercdrive.fr/image.ashx?id=2792399&use=l&cat=p&typeid=i","cat":333682},{"id":167564,"n":"Couronne Rois  Brioche Pasquier Nature - 450g","p":3.62,"u":"8,04 €/KG","img":"https://fd9-photos.leclercdrive.fr/image.ashx?id=2896597&use=l&cat=p&typeid=i","cat":293600},{"id":167565,"n":"Couronne Rois  Brioche Pasquier Pépites chocolat - 450g","p":3.52,"u":"7,82 €/KG","img":"https://fd9-photos.leclercdrive.fr/image.ashx?id=2895214&use=l&cat=p&typeid=i","cat":293600},{"id":167567,"n":"Galette des rois Pasquier Frangipane - 400g","p":4.12,"u":"10,30 €/KG","img":"https://fd9-photos.leclercdrive.fr/image.ashx?id=2895837&use=l&cat=p&typeid=i","cat":293600},{"id":167612,"n":"Lessive Epsil Perfect Tri Doses Pure fraîcheur x20 - 490ml","p":4.99,"u":"10,18 €/L","img":"https://fd9-photos.leclercdrive.fr/image.ashx?id=2450122&use=l&cat=p&typeid=i","cat":284641},{"id":167639,"n":"Protège matelas Tissaïa Basics Blanc - 90x190cm","p":6.94,"img":"https://fd9-photos.leclercdrive.fr/image.ashx?id=2219425&use=l&cat=p&typeid=i","cat":286694},{"id":167787,"n":"IGP Foie gras de canard entier  Sud-Ouest - 180g","p":11.49,"u":"63,83 €/KG","img":"https://fd9-photos.leclercdrive.fr/image.ashx?id=2659328&use=l&cat=p&typeid=i","cat":316008},{"id":168074,"n":"Foie gras canard IGP Le bocal de 180g","p":12.49,"u":"69,39 €/KG","img":"https://fd9-photos.leclercdrive.fr/image.ashx?id=2225294&use=l&cat=p&typeid=i","cat":305148},{"id":168168,"n":"Huile d'olive Cauvin Vierge Extra - 75cl","p":9.49,"u":"12,65 €/L","img":"https://fd9-photos.leclercdrive.fr/image.ashx?id=2498353&use=l&cat=p&typeid=i","cat":284453},{"id":168169,"n":"Ferments Lactiques Tablier Blanc - 8g","p":2.42,"u":"302,50 €/KG","img":"https://fd9-photos.leclercdrive.fr/image.ashx?id=2487488&use=l&cat=p&typeid=i","cat":284504},{"id":168248,"n":"Mini Gaufrettes Knoppers Lait Noisettes - 200g","p":2.29,"u":"11,45 €/KG","img":"https://fd9-photos.leclercdrive.fr/image.ashx?id=2457425&use=l&cat=p&typeid=i","cat":284488},{"id":168249,"n":"Gaufrettes Knoppers Lait Noisettes - 3x25g","p":1.26,"u":"16,80 €/KG","img":"https://fd9-photos.leclercdrive.fr/image.ashx?id=2659094&use=l&cat=p&typeid=i","cat":284488},{"id":168301,"n":"Skyr Yoplait  Nature 0%Mg - 850g","p":3.1,"u":"3,65 €/KG","img":"https://fd9-photos.leclercdrive.fr/image.ashx?id=2884444&use=l&cat=p&typeid=i","cat":315000},{"id":168652,"n":"Calendrier de l'Avent Kinder Ferrero Sélection - 295g","p":13.71,"u":"46,47 €/KG","img":"https://fd9-photos.leclercdrive.fr/image.ashx?id=2940525&use=l&cat=p&typeid=i","cat":336112},{"id":168656,"n":"Schoko-bons white Kinder Chocolat - 300g","p":6.57,"u":"21,90 €/KG","img":"https://fd9-photos.leclercdrive.fr/image.ashx?id=2918071&use=l&cat=p&typeid=i","cat":327592},{"id":168704,"n":"Homard Canadien cuit Atlantic Star - 350g","p":9.7,"u":"27,71 €/KG","img":"https://fd9-photos.leclercdrive.fr/image.ashx?id=2236503&use=l&cat=p&typeid=i","cat":319787},{"id":168750,"n":"CB12 Flacon - 500ml","p":11.79,"u":"23,58 €/L","img":"https://fd9-photos.leclercdrive.fr/image.ashx?id=2231386&use=l&cat=p&typeid=i","cat":290416},{"id":168830,"n":"Nettoyant Lavo Fruits Multi-usages parfum fraise - 1L","p":4.39,"u":"4,39 €/L","img":"https://fd9-photos.leclercdrive.fr/image.ashx?id=2245022&use=l&cat=p&typeid=i","cat":325357},{"id":168990,"n":"Burgers Eco+ x10 - 1kg","p":6.64,"u":"6,64 €/KG","img":"https://fd9-photos.leclercdrive.fr/image.ashx?id=2966523&use=l&cat=p&typeid=i","cat":319778},{"id":168992,"n":"Nuggets de volaille Eco+ 500g","p":2.18,"u":"4,36 €/KG","img":"https://fd9-photos.leclercdrive.fr/image.ashx?id=2531286&use=l&cat=p&typeid=i","cat":319780},{"id":168993,"n":"Viande hachée Eco+  800g","p":8.99,"u":"11,24 €/KG","img":"https://fd9-photos.leclercdrive.fr/image.ashx?id=2966526&use=l&cat=p&typeid=i","cat":319779},{"id":168995,"n":"Yaourt brassé Perle de Lait Vanille - 4x125g","p":1.85,"u":"3,70 €/KG","img":"https://fd9-photos.leclercdrive.fr/image.ashx?id=2939715&use=l&cat=p&typeid=i","cat":314999},{"id":169003,"n":"Yaourt brassé Perle de Lait Nature - 4x125g","p":1.88,"u":"3,76 €/KG","img":"https://fd9-photos.leclercdrive.fr/image.ashx?id=2939706&use=l&cat=p&typeid=i","cat":314999},{"id":169006,"n":"Cocktail de fruits de mer Eco+ Précuit - 500g","p":3.79,"u":"7,58 €/KG","img":"https://fd9-photos.leclercdrive.fr/image.ashx?id=2529525&use=l&cat=p&typeid=i","cat":319787},{"id":169026,"n":"Pané de colin d'Alaska Eco+ x5 - 800g","p":4.55,"u":"5,69 €/KG","img":"https://fd9-photos.leclercdrive.fr/image.ashx?id=2529747&use=l&cat=p&typeid=i","cat":319788},{"id":169057,"n":"Pizza Margherita Eco+ x3 - 900g","p":2.62,"u":"2,91 €/KG","img":"https://fd9-photos.leclercdrive.fr/image.ashx?id=2781176&use=l&cat=p&typeid=i","cat":284256},{"id":169342,"n":"Lardons fumés Herta 200g","p":2.12,"u":"10,60 €/KG","img":"https://fd9-photos.leclercdrive.fr/image.ashx?id=2939307&use=l&cat=p&typeid=i","cat":316011},{"id":169344,"n":"Lardons fumés Herta Sans nitrite - 2x75g","p":1.81,"u":"12,07 €/KG","img":"https://fd9-photos.leclercdrive.fr/image.ashx?id=2731369&use=l&cat=p&typeid=i","cat":316011},{"id":169345,"n":"Lardons nature Herta 200g","p":2.12,"u":"10,60 €/KG","img":"https://fd9-photos.leclercdrive.fr/image.ashx?id=2731357&use=l&cat=p&typeid=i","cat":316011},{"id":169346,"n":"Allumettes fumées Herta Sans nitrite - 2x75g","p":1.85,"u":"12,33 €/KG","img":"https://fd9-photos.leclercdrive.fr/image.ashx?id=2868903&use=l&cat=p&typeid=i","cat":316011},{"id":169347,"n":"Allumettes nature Herta Sans nitrite - 2x75g","p":1.76,"u":"11,73 €/KG","img":"https://fd9-photos.leclercdrive.fr/image.ashx?id=2868906&use=l&cat=p&typeid=i","cat":316011},{"id":169353,"n":"Pâte feuilletée Herta Tarte en Or - 230g","p":0.92,"u":"4,00 €/KG","img":"https://fd9-photos.leclercdrive.fr/image.ashx?id=2918658&use=l&cat=p&typeid=i","cat":333681},{"id":169354,"n":"Pâte brisée Herta Tarte en Or - 230g","p":0.99,"u":"4,30 €/KG","img":"https://fd9-photos.leclercdrive.fr/image.ashx?id=2739189&use=l&cat=p&typeid=i","cat":333681},{"id":169365,"n":"Pâte feuilletée rectangulaire  Herta Tarte en Or - 230g","p":1.29,"u":"5,61 €/KG","img":"https://fd9-photos.leclercdrive.fr/image.ashx?id=2721697&use=l&cat=p&typeid=i","cat":333681},{"id":169429,"n":"Tendres Effilés en Gelée Felix Selection poissons 12x85g","p":5.02,"u":"4,92 €/KG","img":"https://fd9-photos.leclercdrive.fr/image.ashx?id=2995439&use=l&cat=p&typeid=i","cat":285286},{"id":169430,"n":"Tendres Effilés en Gelée Felix Selection campagne 12x85g","p":4.97,"u":"4,87 €/KG","img":"https://fd9-photos.leclercdrive.fr/image.ashx?id=2957668&use=l&cat=p&typeid=i","cat":285286},{"id":169432,"n":"Tendres Effilés en Gelée Felix Selection mixte - 24x85g","p":8.87,"u":"4,35 €/KG","img":"https://fd9-photos.leclercdrive.fr/image.ashx?id=2869651&use=l&cat=p&typeid=i","cat":285286},{"id":169443,"n":"Tendres Effilés Gelée 44x85g","p":17.28,"u":"4,62 €/KG","img":"https://fd9-photos.leclercdrive.fr/image.ashx?id=2957674&use=l&cat=p&typeid=i","cat":285286},{"id":169445,"n":"Duos en gelée Felix Selection campagne - 44x85g","p":16.93,"u":"4,53 €/KG","img":"https://fd9-photos.leclercdrive.fr/image.ashx?id=2976857&use=l&cat=p&typeid=i","cat":285286},{"id":169447,"n":"Emincés En Gelée Felix Selection mixte - 12x85g","p":4.19,"u":"4,11 €/KG","img":"https://fd9-photos.leclercdrive.fr/image.ashx?id=2869657&use=l&cat=p&typeid=i","cat":285286},{"id":169448,"n":"Emincés En Gelée  Felix Volaille légumes - 12x85g","p":4.19,"u":"4,11 €/KG","img":"https://fd9-photos.leclercdrive.fr/image.ashx?id=2909212&use=l&cat=p&typeid=i","cat":285286},{"id":169455,"n":"Sensations en gelée Felix 12x85g","p":5.42,"u":"5,31 €/KG","img":"https://fd9-photos.leclercdrive.fr/image.ashx?id=2957278&use=l&cat=p&typeid=i","cat":285286},{"id":169510,"n":"Crème lavante Uriage 1L","p":10.78,"u":"10,78 €/L","img":"https://fd9-photos.leclercdrive.fr/image.ashx?id=2240113&use=l&cat=p&typeid=i","cat":301591},{"id":169513,"n":"Crème lavante Uriage 500ml","p":8.88,"u":"17,76 €/L","img":"https://fd9-photos.leclercdrive.fr/image.ashx?id=2689973&use=l&cat=p&typeid=i","cat":301591},{"id":169956,"n":"Eau gazeuse Perrier 1L","p":0.63,"u":"0,63 €/L","img":"https://fd9-photos.leclercdrive.fr/image.ashx?id=2672563&use=l&cat=p&typeid=i","cat":284536},{"id":170561,"n":"Friandises chien Tous mes Amis Sticks au Boeuf - 3x11g","p":0.5,"u":"15,15 €/KG","img":"https://fd9-photos.leclercdrive.fr/image.ashx?id=2302265&use=l&cat=p&typeid=i","cat":294527},{"id":171409,"n":"Sac poubelle Elembal 50L - x40","p":5.99,"u":"0,15 €/P","img":"https://fd9-photos.leclercdrive.fr/image.ashx?id=2582465&use=l&cat=p&typeid=i","cat":285168},{"id":171470,"n":"Shampooing Klorane Grenade Cheveux colorés - 400ml","p":10.48,"u":"26,20 €/L","img":"https://fd9-photos.leclercdrive.fr/image.ashx?id=2878960&use=l&cat=p&typeid=i","cat":290400},{"id":171494,"n":"Shampooing Pivoine bio Klorane Apaisant anti-irritant - 400ml","p":9.48,"u":"23,70 €/L","img":"https://fd9-photos.leclercdrive.fr/image.ashx?id=2968250&use=l&cat=p&typeid=i","cat":290400},{"id":171496,"n":"Shampooing Centaurée Bio Klorane déjaunissant - 400ml","p":10.48,"u":"26,20 €/L","img":"https://fd9-photos.leclercdrive.fr/image.ashx?id=2878966&use=l&cat=p&typeid=i","cat":290400},{"id":171501,"n":"Soin après-shampooing Klorane Avoine - 200ml","p":9.8,"u":"49,00 €/L","img":"https://fd9-photos.leclercdrive.fr/image.ashx?id=2788604&use=l&cat=p&typeid=i","cat":290400},{"id":171509,"n":"Shampooing Klorane au lait d'avoien - 400ml","p":9.48,"u":"23,70 €/L","img":"https://fd9-photos.leclercdrive.fr/image.ashx?id=2857302&use=l&cat=p&typeid=i","cat":290400},{"id":171527,"n":"Shampooing volume Klorane aux fibres de lin - 400ml","p":10.48,"u":"26,20 €/L","img":"https://fd9-photos.leclercdrive.fr/image.ashx?id=2878969&use=l&cat=p&typeid=i","cat":290400},{"id":171544,"n":"Emulsion Keracny PP+ Ducray Traitante purifiante - 30ml","p":12.88,"u":"429,33 €/L","img":"https://fd9-photos.leclercdrive.fr/image.ashx?id=2968241&use=l&cat=p&typeid=i","cat":291166},{"id":171548,"n":"Gel moussant Keracnyl Ducray Nettoyant purifiant - 400ml","p":11.07,"u":"27,68 €/L","img":"https://fd9-photos.leclercdrive.fr/image.ashx?id=2733127&use=l&cat=p&typeid=i","cat":291166},{"id":171550,"n":"Emulsion Keracnyl Ducray Glycolic - 30ml","p":11.88,"u":"396,00 €/L","img":"https://fd9-photos.leclercdrive.fr/image.ashx?id=2968244&use=l&cat=p&typeid=i","cat":291166},{"id":171566,"n":"Lait démaquillant A-Derma hydra nettoyant bio - 400ml","p":14.88,"u":"37,20 €/L","img":"https://fd9-photos.leclercdrive.fr/image.ashx?id=2374165&use=l&cat=p&typeid=i","cat":301587},{"id":171569,"n":"Eau micellaire A-Derma Biology nettoyante bio - 400ml","p":9.63,"u":"24,08 €/L","img":"https://fd9-photos.leclercdrive.fr/image.ashx?id=2290065&use=l&cat=p&typeid=i","cat":301587},{"id":171570,"n":"Crème riche A-Derma Biology Hydratante bio - 40ml","p":13.98,"u":"349,50 €/L","img":"https://fd9-photos.leclercdrive.fr/image.ashx?id=2377196&use=l&cat=p&typeid=i","cat":291171},{"id":171571,"n":"Crème légère A-Derma Biology hydratante bio - 40ml","p":13.98,"u":"349,50 €/L","img":"https://fd9-photos.leclercdrive.fr/image.ashx?id=2377199&use=l&cat=p&typeid=i","cat":291171},{"id":171575,"n":"Soin dermatologique A-Derma Biology Anti-rougeurs bio -40ml","p":14.34,"u":"358,50 €/L","img":"https://fd9-photos.leclercdrive.fr/image.ashx?id=2377205&use=l&cat=p&typeid=i","cat":291171},{"id":171666,"n":"Shampooing Extra doux Ducray Dermo-protecteur - 400ml","p":6.48,"u":"16,20 €/L","img":"https://fd9-photos.leclercdrive.fr/image.ashx?id=2326973&use=l&cat=p&typeid=i","cat":290400},{"id":171674,"n":"Shampooing Kertyol PSO Ducray Anti-démangeaison - 200ml","p":11.88,"u":"59,40 €/L","img":"https://fd9-photos.leclercdrive.fr/image.ashx?id=2394807&use=l&cat=p&typeid=i","cat":290400},{"id":171678,"n":"Stick lèvres nourrissant Avène Cold Cream - 2x4g","p":7.41,"u":"926,25 €/KG","img":"https://fd9-photos.leclercdrive.fr/image.ashx?id=2786540&use=l&cat=p&typeid=i","cat":291172},{"id":171680,"n":"Crème Densitium SVR 50ml","p":33.05,"u":"661,00 €/L","img":"https://fd9-photos.leclercdrive.fr/image.ashx?id=2971661&use=l&cat=p&typeid=i","cat":291171},{"id":171836,"n":"Céréales Trésor Kellogg's Chocolat au lait - 620g","p":4.39,"u":"7,08 €/KG","img":"https://fd9-photos.leclercdrive.fr/image.ashx?id=2598334&use=l&cat=p&typeid=i","cat":309513},{"id":171839,"n":"Yaourts Light & Free Aux fruits rouges 0% - 8x125g","p":3.29,"u":"3,29 €/KG","img":"https://fd9-photos.leclercdrive.fr/image.ashx?id=3008014&use=l&cat=p&typeid=i","cat":315000},{"id":172578,"n":"L'Ortolan Fromagerie Milleret A la truffe blanche -135g","p":3.27,"u":"24,22 €/KG","img":"https://fd9-photos.leclercdrive.fr/image.ashx?id=2259658&use=l&cat=p&typeid=i","cat":314033},{"id":172584,"n":"Fromage blanc 0%MG Light & Free Fraise - 4x120g","p":2.14,"u":"4,46 €/KG","img":"https://fd9-photos.leclercdrive.fr/image.ashx?id=3007999&use=l&cat=p&typeid=i","cat":315000},{"id":172588,"n":"Fromage blanc 0%MG Light & Free Nature - 8x100g","p":2.94,"u":"3,68 €/KG","img":"https://fd9-photos.leclercdrive.fr/image.ashx?id=3008008&use=l&cat=p&typeid=i","cat":315000},{"id":172592,"n":"Fromage blanc 0%MG Light & Free Vanille - 4x120g","p":2.13,"u":"4,44 €/KG","img":"https://fd9-photos.leclercdrive.fr/image.ashx?id=3008005&use=l&cat=p&typeid=i","cat":315000},{"id":172595,"n":"Mousse fromage blanc Light&Free Fraise et pêche 0%mg - 4x120g","p":2.28,"u":"4,96 €/KG","img":"https://fd9-photos.leclercdrive.fr/image.ashx?id=3008020&use=l&cat=p&typeid=i","cat":315000},{"id":172718,"n":"Lessive en poudre Xeor Savon de Marseille x50 - 2.5kg","p":5.99,"u":"2,40 €/KG","img":"https://fd9-photos.leclercdrive.fr/image.ashx?id=2450161&use=l&cat=p&typeid=i","cat":284642},{"id":172731,"n":"Tablette chocolat Milka Chocolat au lait - 3x100g","p":4.23,"u":"14,10 €/KG","img":"https://fd9-photos.leclercdrive.fr/image.ashx?id=3009137&use=l&cat=p&typeid=i","cat":284497},{"id":172740,"n":"Farine à Pizza Mon Fournil T00 - 1kg","p":1.66,"u":"1,66 €/KG","img":"https://fd9-photos.leclercdrive.fr/image.ashx?id=2341660&use=l&cat=p&typeid=i","cat":284503},{"id":172794,"n":"Kinder Mix peluche Kinder Chien - 133g","p":13.94,"u":"104,81 €/KG","img":"https://fd9-photos.leclercdrive.fr/image.ashx?id=2261034&use=l&cat=p&typeid=i","cat":327789},{"id":172827,"n":"Protège matelas Mots d'Enfants 60x120cm","p":9.95,"img":"https://fd9-photos.leclercdrive.fr/image.ashx?id=2693371&use=l&cat=p&typeid=i","cat":286694},{"id":174145,"n":"Confiture Douceur du Verger Cerises - 370 g","p":1.27,"u":"3,43 €/KG","img":"https://fd9-photos.leclercdrive.fr/image.ashx?id=2965599&use=l&cat=p&typeid=i","cat":284480},{"id":174147,"n":"Confiture Douceur du Verger Châtaignes/vanille - 370g","p":1.75,"u":"4,73 €/KG","img":"https://fd9-photos.leclercdrive.fr/image.ashx?id=2965593&use=l&cat=p&typeid=i","cat":284480},{"id":174149,"n":"Confiture Douceur du Verger Fraises - 370 g","p":1.12,"u":"3,03 €/KG","img":"https://fd9-photos.leclercdrive.fr/image.ashx?id=2965539&use=l&cat=p&typeid=i","cat":284480},{"id":174151,"n":"Confiture Douceur du Verger 4 fruits rouges - 370 g","p":1.18,"u":"3,19 €/KG","img":"https://fd9-photos.leclercdrive.fr/image.ashx?id=2269204&use=l&cat=p&typeid=i","cat":284480},{"id":174153,"n":"Sauce tomates cuisinées Panzani 210g","p":1.25,"u":"5,95 €/KG","img":"https://fd9-photos.leclercdrive.fr/image.ashx?id=2880688&use=l&cat=p&typeid=i","cat":299047},{"id":174155,"n":"Sauce tomate Panzani Provençale - 425g","p":1.37,"u":"3,22 €/KG","img":"https://fd9-photos.leclercdrive.fr/image.ashx?id=2742866&use=l&cat=p&typeid=i","cat":288384},{"id":174159,"n":"Sauce Tomate Basilic Panzani - 650G","p":2.27,"u":"3,49 €/KG","img":"https://fd9-photos.leclercdrive.fr/image.ashx?id=2977945&use=l&cat=p&typeid=i","cat":288384},{"id":174160,"n":"Sauce tomates fraîches Panzani 3x190g","p":2.61,"u":"4,58 €/KG","img":"https://fd9-photos.leclercdrive.fr/image.ashx?id=2835274&use=l&cat=p&typeid=i","cat":288384},{"id":174161,"n":"Queues de langouste crue Ronde des Mers - 340g","p":23.79,"u":"69,97 €/KG","img":"https://fd9-photos.leclercdrive.fr/image.ashx?id=2270401&use=l&cat=p&typeid=i","cat":327284},{"id":174189,"n":"Beignets de calamar Eco+ 500g","p":2.46,"u":"4,92 €/KG","img":"https://fd9-photos.leclercdrive.fr/image.ashx?id=2690955&use=l&cat=p&typeid=i","cat":319788},{"id":174223,"n":"Pur jus de pomme Eco  1L","p":1.47,"u":"1,47 €/L","img":"https://fd9-photos.leclercdrive.fr/image.ashx?id=2269447&use=l&cat=p&typeid=i","cat":285435},{"id":174228,"n":"Sucre Extra Fin Saint Louis  650g","p":1.48,"u":"2,28 €/KG","img":"https://fd9-photos.leclercdrive.fr/image.ashx?id=2504317&use=l&cat=p&typeid=i","cat":284502},{"id":174398,"n":"Eponges grattantes Eco + x6","p":0.96,"u":"0,16 €/P","img":"https://fd9-photos.leclercdrive.fr/image.ashx?id=2690982&use=l&cat=p&typeid=i","cat":284667},{"id":174477,"n":"Brownies Saint Michel Chocolat blanc pocket x8 - 240g","p":2.67,"u":"11,13 €/KG","img":"https://fd9-photos.leclercdrive.fr/image.ashx?id=2949952&use=l&cat=p&typeid=i","cat":294776},{"id":174503,"n":"Serviette de toilette Tissaia Perle - 50x100cm","p":5.45,"img":"https://fd9-photos.leclercdrive.fr/image.ashx?id=2272006&use=l&cat=p&typeid=i","cat":286694},{"id":174517,"n":"Pur jus multifruits Jafaden 90cl","p":1.7,"u":"1,89 €/L","img":"https://fd9-photos.leclercdrive.fr/image.ashx?id=2441697&use=l&cat=p&typeid=i","cat":285435},{"id":174601,"n":"Tubes d'encornets Gimbert MSC - 300 g","p":6.09,"u":"20,30 €/KG","img":"https://fd9-photos.leclercdrive.fr/image.ashx?id=2950351&use=l&cat=p&typeid=i","cat":319787},{"id":174704,"n":"Eau de Javel La Croix Tripack Tonique - 3x200ml","p":1.72,"u":"2,87 €/L","img":"https://fd9-photos.leclercdrive.fr/image.ashx?id=2512423&use=l&cat=p&typeid=i","cat":284661},{"id":174712,"n":"Confiture Douceur du Verger Figues - 370g","p":1.54,"u":"4,16 €/KG","img":"https://fd9-photos.leclercdrive.fr/image.ashx?id=2965587&use=l&cat=p&typeid=i","cat":284480},{"id":174815,"n":"Confiture Douceur du Verger Myrtilles - 370g","p":1.72,"u":"4,65 €/KG","img":"https://fd9-photos.leclercdrive.fr/image.ashx?id=2274397&use=l&cat=p&typeid=i","cat":284480},{"id":174875,"n":"Gelée douceur du Verger Groseilles - 370g","p":1.29,"u":"3,49 €/KG","img":"https://fd9-photos.leclercdrive.fr/image.ashx?id=2965563&use=l&cat=p&typeid=i","cat":284480},{"id":174876,"n":"Gelée Douceur du Verger Coing - 370g","p":1.29,"u":"3,49 €/KG","img":"https://fd9-photos.leclercdrive.fr/image.ashx?id=2275507&use=l&cat=p&typeid=i","cat":284480},{"id":174881,"n":"Carottes râpées Bonduelle Au Citron de Sicile - 320g","p":1.31,"u":"4,09 €/KG","img":"https://fd9-photos.leclercdrive.fr/image.ashx?id=2894194&use=l&cat=p&typeid=i","cat":333657},{"id":174931,"n":"Steak haché façon bouchère x4 Soutenons Nos Agriculteurs 400g","p":6.42,"u":"16,05 €/KG","img":"https://fd9-photos.leclercdrive.fr/image.ashx?id=2968070&use=l&cat=p&typeid=i","cat":319778},{"id":175037,"n":"Protège-slips Tena Lady Ultra mini+ - x24","p":2.44,"u":"0,10 €/P","img":"https://fd9-photos.leclercdrive.fr/image.ashx?id=2285522&use=l&cat=p&typeid=i","cat":284628},{"id":175125,"n":"Sauce Deluxe AMORA 250ml","p":2.04,"u":"8,16 €/L","img":"https://fd9-photos.leclercdrive.fr/image.ashx?id=3009266&use=l&cat=p&typeid=i","cat":318431},{"id":175285,"n":"Slip sans couture zumba Tissaia Blanc - 46/48 - 1 pièce","p":4.45,"img":"https://fd9-photos.leclercdrive.fr/image.ashx?id=2388259&use=l&cat=p&typeid=i","cat":291524},{"id":175286,"n":"Slip sans couture Zumba Tissaia Blanc - 42/44 - 1 pièce","p":4.45,"img":"https://fd9-photos.leclercdrive.fr/image.ashx?id=2388256&use=l&cat=p&typeid=i","cat":291524},{"id":175287,"n":"Slip sans couture Zumba Tissaia  Blanc - 38/40 - 1 pièce","p":4.45,"img":"https://fd9-photos.leclercdrive.fr/image.ashx?id=2388253&use=l&cat=p&typeid=i","cat":291524},{"id":175288,"n":"Slip sans couture Zumba Tissaia Noir - 46/48 1 pièce","p":4.45,"img":"https://fd9-photos.leclercdrive.fr/image.ashx?id=2388250&use=l&cat=p&typeid=i","cat":291524},{"id":175290,"n":"Slip sans couture Zumba Tissaia  noir - 38/40 - 1 pièce","p":4.45,"img":"https://fd9-photos.leclercdrive.fr/image.ashx?id=2388244&use=l&cat=p&typeid=i","cat":291524},{"id":175317,"n":"Brassière Zumba Noir XL - 1 pièce","p":9.9,"img":"https://fd9-photos.leclercdrive.fr/image.ashx?id=2388237&use=l&cat=p&typeid=i","cat":291524},{"id":175322,"n":"Brassière zumba Tissaia Noir - L - 1 pièce","p":9.9,"img":"https://fd9-photos.leclercdrive.fr/image.ashx?id=2388234&use=l&cat=p&typeid=i","cat":291524},{"id":175323,"n":"Brassière Zumba Tissaia M - noir - 1 pièce","p":9.9,"img":"https://fd9-photos.leclercdrive.fr/image.ashx?id=2388231&use=l&cat=p&typeid=i","cat":291524},{"id":175324,"n":"Brassière Zumba Tissaia Noir - S - 1 pièce","p":9.9,"img":"https://fd9-photos.leclercdrive.fr/image.ashx?id=2388228&use=l&cat=p&typeid=i","cat":291524},{"id":175328,"n":"Brassière Zumba Tissaia Blanc - M - 1 pièce","p":9.9,"img":"https://fd9-photos.leclercdrive.fr/image.ashx?id=2388222&use=l&cat=p&typeid=i","cat":291524},{"id":175329,"n":"Brassière Zumba Tissaia Blanc - L - 1pièce","p":9.9,"img":"https://fd9-photos.leclercdrive.fr/image.ashx?id=2388219&use=l&cat=p&typeid=i","cat":291524},{"id":175330,"n":"Brassière Zumba Tissaia Blanc - XL - 1 pièce","p":9.9,"img":"https://fd9-photos.leclercdrive.fr/image.ashx?id=2388216&use=l&cat=p&typeid=i","cat":291524},{"id":175339,"n":"Poivrons bicolores Eco+ x2","p":0.99,"u":"0,50 €/P","img":"https://fd9-photos.leclercdrive.fr/image.ashx?id=2709716&use=l&cat=p&typeid=i","cat":284352},{"id":175420,"n":"Citron à jus Filière Panier du Primeur Sachet 1kg","p":2.79,"u":"2,79 €/KG","img":"https://fd9-photos.leclercdrive.fr/image.ashx?id=2627667&use=l&cat=p&typeid=i","cat":284356},{"id":175564,"n":"Gel Douche Le Petit Marseillais  Haute tolerance aloevera 400ml","p":2.47,"u":"6,18 €/L","img":"https://fd9-photos.leclercdrive.fr/image.ashx?id=2677429&use=l&cat=p&typeid=i","cat":284594},{"id":175572,"n":"Thé noir Earl Grey Bio Village Bio - x20 - 36g","p":1.09,"u":"30,28 €/KG","img":"https://fd9-photos.leclercdrive.fr/image.ashx?id=2897913&use=l&cat=p&typeid=i","cat":293233},{"id":175574,"n":"Sauce bolognaise Panzani Extra riche - 400g","p":2.6,"u":"6,50 €/KG","img":"https://fd9-photos.leclercdrive.fr/image.ashx?id=2887527&use=l&cat=p&typeid=i","cat":299047},{"id":175576,"n":"Sachet fraicheur chat Sheba Filets au poulet et thon - 60g","p":1.07,"u":"17,83 €/KG","img":"https://fd9-photos.leclercdrive.fr/image.ashx?id=2292464&use=l&cat=p&typeid=i","cat":285286},{"id":175578,"n":"Sachet fraicheur chat Sheba Filets aux crevettes - 60g","p":1.09,"u":"18,17 €/KG","img":"https://fd9-photos.leclercdrive.fr/image.ashx?id=2292467&use=l&cat=p&typeid=i","cat":285286},{"id":175582,"n":"Sachet fraicheur chat Sheba Soupe filets de poulet - 4x40g","p":2.78,"u":"17,38 €/KG","img":"https://fd9-photos.leclercdrive.fr/image.ashx?id=2292590&use=l&cat=p&typeid=i","cat":285286},{"id":175585,"n":"Sachet fraicheur chat Sheba Soupe filets de thon - 4x40g","p":2.78,"u":"17,38 €/KG","img":"https://fd9-photos.leclercdrive.fr/image.ashx?id=2292593&use=l&cat=p&typeid=i","cat":285286},{"id":175586,"n":"Lentilles vertes Vivien Paille 1kg","p":3.6,"pp":2.38,"u":"2,38 €/KG","img":"https://fd9-photos.leclercdrive.fr/image.ashx?id=2285093&use=l&cat=p&typeid=i","cat":284430},{"id":175603,"n":"Thé vert bio Bio Village Menthe x20 - 36g","p":1.65,"u":"45,83 €/KG","img":"https://fd9-photos.leclercdrive.fr/image.ashx?id=2961722&use=l&cat=p&typeid=i","cat":293233},{"id":175713,"n":"Bière \"La Goudale\" Rubis - 6x25cl","p":4.73,"u":"3,15 €/L","img":"https://fd9-photos.leclercdrive.fr/image.ashx?id=2778245&use=l&cat=p&typeid=i","cat":334878},{"id":175990,"n":"Sachets repas Gourmet Purina Perle Duo à la viande - 4x85g","p":2.47,"u":"7,26 €/KG","img":"https://fd9-photos.leclercdrive.fr/image.ashx?id=2901121&use=l&cat=p&typeid=i","cat":285286},{"id":175999,"n":"Barquette chien Cesar Terrine veau et carottes - 300g","p":1.58,"u":"5,27 €/KG","img":"https://fd9-photos.leclercdrive.fr/image.ashx?id=2289249&use=l&cat=p&typeid=i","cat":284673},{"id":176027,"n":"Frites Classiques McCain Just Au Four - 700g","p":2.44,"u":"3,49 €/KG","img":"https://fd9-photos.leclercdrive.fr/image.ashx?id=2997340&use=l&cat=p&typeid=i","cat":319791},{"id":176029,"n":"Frites Classiques McCain Just Au Four - 1,69kg","p":5.02,"u":"2,97 €/KG","img":"https://fd9-photos.leclercdrive.fr/image.ashx?id=2771319&use=l&cat=p&typeid=i","cat":319791},{"id":176030,"n":"Frites Allumettes McCain Just Au Four - 700g","p":2.57,"u":"3,67 €/KG","img":"https://fd9-photos.leclercdrive.fr/image.ashx?id=2772491&use=l&cat=p&typeid=i","cat":319791},{"id":176031,"n":"Frites Allumettes McCain Just Au Four - 1,69kg","p":5.27,"u":"3,12 €/KG","img":"https://fd9-photos.leclercdrive.fr/image.ashx?id=2997343&use=l&cat=p&typeid=i","cat":319791},{"id":176033,"n":"Frites Steakhouse McCain Just Au Four - 700g","p":2.6,"u":"3,71 €/KG","img":"https://fd9-photos.leclercdrive.fr/image.ashx?id=2737921&use=l&cat=p&typeid=i","cat":319791},{"id":176034,"n":"Frites Express McCain Just Au Four - 600g","p":3.08,"u":"5,13 €/KG","img":"https://fd9-photos.leclercdrive.fr/image.ashx?id=2997337&use=l&cat=p&typeid=i","cat":319791},{"id":176036,"n":"Frites friteuse McCain Tradition - 1,080kg","p":2.93,"u":"2,71 €/KG","img":"https://fd9-photos.leclercdrive.fr/image.ashx?id=2737930&use=l&cat=p&typeid=i","cat":319791},{"id":176043,"n":"La Frite Belge McCain 1.080kg","p":3.1,"u":"2,87 €/KG","img":"https://fd9-photos.leclercdrive.fr/image.ashx?id=2737942&use=l&cat=p&typeid=i","cat":319791},{"id":176239,"n":"Gnocchi Lustucru Selection  390g","p":1.7,"u":"4,36 €/KG","img":"https://fd9-photos.leclercdrive.fr/image.ashx?id=2965999&use=l&cat=p&typeid=i","cat":333682},{"id":176254,"n":"Foie de morue fumé MSC Pêche Océan - 121g","p":1.6,"u":"13,22 €/KG","img":"https://fd9-photos.leclercdrive.fr/image.ashx?id=2872457&use=l&cat=p&typeid=i","cat":305147},{"id":176387,"n":"Masque Hydra-Régénérant Elsève Hyaluron Repulp - 310ml","p":5.12,"u":"16,52 €/L","img":"https://fd9-photos.leclercdrive.fr/image.ashx?id=2865878&use=l&cat=p&typeid=i","cat":284608},{"id":176391,"n":"Sérum Hydra-Texturisant Elsève Cheveux Déshydratés - 150ml","p":11.47,"u":"76,47 €/L","img":"https://fd9-photos.leclercdrive.fr/image.ashx?id=2870677&use=l&cat=p&typeid=i","cat":284608},{"id":176400,"n":"Gnocchi à poeler Lustucru  Lot de 2 + 1 offert - 900g","p":3.19,"u":"3,54 €/KG","img":"https://fd9-photos.leclercdrive.fr/image.ashx?id=2446671&use=l&cat=p&typeid=i","cat":333682},{"id":176448,"n":"Datte Ravier Haïfa 500g","p":1.89,"u":"3,78 €/KG","img":"https://fd9-photos.leclercdrive.fr/image.ashx?id=2293603&use=l&cat=p&typeid=i","cat":284357},{"id":176846,"n":"Knacki Original Herta x6 - 210g","p":1.4,"u":"6,67 €/KG","img":"https://fd9-photos.leclercdrive.fr/image.ashx?id=2299070&use=l&cat=p&typeid=i","cat":316012},{"id":176847,"n":"Knacki Original Herta x10 - 350g","p":1.67,"u":"4,77 €/KG","img":"https://fd9-photos.leclercdrive.fr/image.ashx?id=2304111&use=l&cat=p&typeid=i","cat":316012},{"id":176848,"n":"Knacki Original Herta Sans nitrite x6 - 210g","p":2.04,"u":"9,71 €/KG","img":"https://fd9-photos.leclercdrive.fr/image.ashx?id=2299073&use=l&cat=p&typeid=i","cat":316012},{"id":176937,"n":"Essuie-tout Sopalin  Love x3","p":2.3,"u":"0,77 €/P","img":"https://fd9-photos.leclercdrive.fr/image.ashx?id=2918083&use=l&cat=p&typeid=i","cat":284635},{"id":176988,"n":"Bonbon à sucer Ricola Menthol Stévia - 50g","p":1.49,"u":"29,80 €/KG","img":"https://fd9-photos.leclercdrive.fr/image.ashx?id=2382201&use=l&cat=p&typeid=i","cat":304252},{"id":176990,"n":"Bonbon à sucer Ricola Citron melisse stévia - 50g","p":1.42,"u":"28,40 €/KG","img":"https://fd9-photos.leclercdrive.fr/image.ashx?id=2382207&use=l&cat=p&typeid=i","cat":304252},{"id":177003,"n":"Tiramisu au spéculoos Equador 2x100g","p":2.25,"u":"11,25 €/KG","img":"https://fd9-photos.leclercdrive.fr/image.ashx?id=2566691&use=l&cat=p&typeid=i","cat":284419},{"id":177218,"n":"Lessive tri-doses couleurs Epsil - x20 capsules","p":4.89,"u":"0,24 €/P","img":"https://fd9-photos.leclercdrive.fr/image.ashx?id=2450113&use=l&cat=p&typeid=i","cat":284641},{"id":177670,"n":"Crème fraîche entière Yoplait 30%MG - 450g","p":1.93,"u":"4,29 €/KG","img":"https://fd9-photos.leclercdrive.fr/image.ashx?id=2811044&use=l&cat=p&typeid=i","cat":284381},{"id":177676,"n":"Skyr Yoplait  Nature 0%MG - 8x100G","p":3.43,"u":"4,29 €/KG","img":"https://fd9-photos.leclercdrive.fr/image.ashx?id=2884450&use=l&cat=p&typeid=i","cat":315000},{"id":177721,"n":"Crème Visage Nuit Nivea Anti-taches Luminous - 50ml","p":20.49,"u":"409,80 €/L","img":"https://fd9-photos.leclercdrive.fr/image.ashx?id=3000345&use=l&cat=p&typeid=i","cat":325345},{"id":177849,"n":"Lessive Sanytol désinfectante fraicheur florale - 1,70L","p":10.19,"u":"5,99 €/L","img":"https://fd9-photos.leclercdrive.fr/image.ashx?id=2902978&use=l&cat=p&typeid=i","cat":284640},{"id":178074,"n":"Aubergine Bio Bio Village x2","p":2.29,"u":"1,15 €/P","img":"https://fd9-photos.leclercdrive.fr/image.ashx?id=2928333&use=l&cat=p&typeid=i","cat":284352},{"id":178075,"n":"Haricots Maison Rivière Cuisinés - 820g","p":3.17,"u":"3,87 €/KG","img":"https://fd9-photos.leclercdrive.fr/image.ashx?id=2788691&use=l&cat=p&typeid=i","cat":312606},{"id":178087,"n":"Moulage chocolat Kinder Abeilles - 35g","p":1.75,"u":"50,00 €/KG","img":"https://fd9-photos.leclercdrive.fr/image.ashx?id=2313042&use=l&cat=p&typeid=i","cat":327592},{"id":178110,"n":"Pizza Dr.Oetker Ristorante Thon - 355g","p":2.56,"u":"7,21 €/KG","img":"https://fd9-photos.leclercdrive.fr/image.ashx?id=2993056&use=l&cat=p&typeid=i","cat":284256},{"id":178111,"n":"Pizza Dr.Oetker Ristorante 4 fromages - 340g","p":2.46,"u":"7,24 €/KG","img":"https://fd9-photos.leclercdrive.fr/image.ashx?id=2993050&use=l&cat=p&typeid=i","cat":284256},{"id":178112,"n":"Pizza Dr.Oetker Ristorante Mozzarella - 335g","p":2.6,"u":"7,76 €/KG","img":"https://fd9-photos.leclercdrive.fr/image.ashx?id=2993062&use=l&cat=p&typeid=i","cat":284256},{"id":178113,"n":"Pizza Dr.Oetker Ristorante  Vegetale aux légumes - 385g","p":2.82,"u":"7,32 €/KG","img":"https://fd9-photos.leclercdrive.fr/image.ashx?id=2993068&use=l&cat=p&typeid=i","cat":284256},{"id":178144,"n":"Thé glacé MayTea Saveur Pêche - 1,2L","p":1.89,"u":"1,58 €/L","img":"https://fd9-photos.leclercdrive.fr/image.ashx?id=2648661&use=l&cat=p&typeid=i","cat":295019},{"id":178147,"n":"Céréales Trésor Kellogg's Chocolat noisettes - 620g","p":4.39,"u":"7,08 €/KG","img":"https://fd9-photos.leclercdrive.fr/image.ashx?id=2598331&use=l&cat=p&typeid=i","cat":309513},{"id":178163,"n":"Thé glacé MayTea Saveur Menthe - 1,2L","p":1.88,"u":"1,57 €/L","img":"https://fd9-photos.leclercdrive.fr/image.ashx?id=2648664&use=l&cat=p&typeid=i","cat":295019},{"id":178260,"n":"Truite fumée Eco+ 100g","p":2.33,"u":"23,30 €/KG","img":"https://fd9-photos.leclercdrive.fr/image.ashx?id=2973505&use=l&cat=p&typeid=i","cat":285188},{"id":178343,"n":"Gaufres de liège chocolat Eco + 300g","p":1.37,"u":"4,57 €/KG","img":"https://fd9-photos.leclercdrive.fr/image.ashx?id=2315764&use=l&cat=p&typeid=i","cat":294777},{"id":178625,"n":"Recharge gel douche Sanex Zéro% Tous types de peaux - 500ml","p":3.01,"u":"6,02 €/L","img":"https://fd9-photos.leclercdrive.fr/image.ashx?id=2859986&use=l&cat=p&typeid=i","cat":284594},{"id":178845,"n":"Tampons Tampax Compak  Avec applicateur - Super+ - x22","p":3.03,"u":"0,14 €/P","img":"https://fd9-photos.leclercdrive.fr/image.ashx?id=2850405&use=l&cat=p&typeid=i","cat":284626},{"id":178890,"n":"Café en grains San Marco n°7 - 1kg","p":17.5,"u":"17,50 €/KG","img":"https://fd9-photos.leclercdrive.fr/image.ashx?id=2322157&use=l&cat=p&typeid=i","cat":293237},{"id":178949,"n":"Gâteau Savane Brossard Max Barr' Pocket x7 - 210g","p":2.32,"u":"11,05 €/KG","img":"https://fd9-photos.leclercdrive.fr/image.ashx?id=2870731&use=l&cat=p&typeid=i","cat":294776},{"id":178951,"n":"Sacs poubelle Handy Bag   Ultra résistant 50L - x10","p":2.93,"u":"0,29 €/P","img":"https://fd9-photos.leclercdrive.fr/image.ashx?id=2918970&use=l&cat=p&typeid=i","cat":285168},{"id":178954,"n":"Mouchoirs Family Kleenex® Boîte x128","p":1.62,"u":"0,01 €/P","img":"https://fd9-photos.leclercdrive.fr/image.ashx?id=3009017&use=l&cat=p&typeid=i","cat":284638},{"id":178974,"n":"Mouchoirs Balsam Kleenex® Boîte x64","p":1.8,"u":"0,03 €/P","img":"https://fd9-photos.leclercdrive.fr/image.ashx?id=2853353&use=l&cat=p&typeid=i","cat":284638},{"id":179012,"n":"Beurre gastronomique Président Demi-sel - 80% MG - 125g","p":1.69,"u":"13,52 €/KG","img":"https://fd9-photos.leclercdrive.fr/image.ashx?id=2653489&use=l&cat=p&typeid=i","cat":284379},{"id":179027,"n":"Sacs poubelle 30L Handy Bag Ultra résistant - x15","p":2.82,"u":"0,19 €/P","img":"https://fd9-photos.leclercdrive.fr/image.ashx?id=2992278&use=l&cat=p&typeid=i","cat":285168},{"id":179030,"n":"Sacs poubelle 30L Handy Bag Ultra résistant - x15","p":3.22,"u":"0,21 €/P","img":"https://fd9-photos.leclercdrive.fr/image.ashx?id=2633145&use=l&cat=p&typeid=i","cat":285168},{"id":179031,"n":"Gel douche Sanex zéro 0% Peaux normales - 475ml","p":3.17,"u":"6,67 €/L","img":"https://fd9-photos.leclercdrive.fr/image.ashx?id=2648851&use=l&cat=p&typeid=i","cat":284594},{"id":179039,"n":"Film fraîcheur Albal 30m","p":2.26,"img":"https://fd9-photos.leclercdrive.fr/image.ashx?id=2929056&use=l&cat=p&typeid=i","cat":334134},{"id":179056,"n":"Dentifrice Signal Integral 8  Fraîcheur et détox -75ml","p":2.04,"u":"27,20 €/L","img":"https://fd9-photos.leclercdrive.fr/image.ashx?id=2960228&use=l&cat=p&typeid=i","cat":284612},{"id":179087,"n":"Liquide Vaisselle Paic Citron - 750ml","p":1.66,"u":"2,21 €/L","img":"https://fd9-photos.leclercdrive.fr/image.ashx?id=2322835&use=l&cat=p&typeid=i","cat":284655},{"id":179088,"n":"Liquide Vaisselle Paic Citron Vert - 750ml","p":1.83,"u":"2,44 €/L","img":"https://fd9-photos.leclercdrive.fr/image.ashx?id=2322838&use=l&cat=p&typeid=i","cat":284655},{"id":179256,"n":"Jus Ocean Spray Classic  Cranberry - 1L","p":2.04,"u":"2,04 €/L","img":"https://fd9-photos.leclercdrive.fr/image.ashx?id=2324021&use=l&cat=p&typeid=i","cat":284915},{"id":179299,"n":"Lait bébé Candia Baby  croissance 3ème âge - 6x1L","p":11.4,"u":"1,90 €/L","img":"https://fd9-photos.leclercdrive.fr/image.ashx?id=2963349&use=l&cat=p&typeid=i","cat":284728},{"id":179326,"n":"Gel douche Sanex Zéro 0% Peaux sèches - 475ml","p":3.17,"u":"6,67 €/L","img":"https://fd9-photos.leclercdrive.fr/image.ashx?id=2692857&use=l&cat=p&typeid=i","cat":284594},{"id":179352,"n":"Eco recharge gel douche Sanex 0% Peaux sèches - 500ml","p":3.01,"u":"6,02 €/L","img":"https://fd9-photos.leclercdrive.fr/image.ashx?id=2866199&use=l&cat=p&typeid=i","cat":284594},{"id":179384,"n":"Pâte à tartiner Eco+ 750g - aux noissettes","p":2.47,"u":"3,29 €/KG","img":"https://fd9-photos.leclercdrive.fr/image.ashx?id=2414964&use=l&cat=p&typeid=i","cat":284481},{"id":179413,"n":"Piles Alcalines Energizer Max 9V - pack de 2","p":8.6,"img":"https://fd9-photos.leclercdrive.fr/image.ashx?id=2850713&use=l&cat=p&typeid=i","cat":300572},{"id":179415,"n":"Pile Alcalines Energizer Max Plus AA/LR6 - x4","p":6.49,"img":"https://fd9-photos.leclercdrive.fr/image.ashx?id=2393365&use=l&cat=p&typeid=i","cat":300572},{"id":179416,"n":"Pile Alcalines Energizer Max Plus AAA/LR03 - x4","p":6.49,"img":"https://fd9-photos.leclercdrive.fr/image.ashx?id=2393368&use=l&cat=p&typeid=i","cat":300572},{"id":179417,"n":"Pile Alcalines Energizer  Max AA/LR6 - x6","p":7.5,"img":"https://fd9-photos.leclercdrive.fr/image.ashx?id=2737198&use=l&cat=p&typeid=i","cat":300572},{"id":179431,"n":"Brioche Pitch Chocolat x8 - 300g","p":1.73,"u":"5,77 €/KG","img":"https://fd9-photos.leclercdrive.fr/image.ashx?id=2452119&use=l&cat=p&typeid=i","cat":293505},{"id":179432,"n":"Brioches Pitch Fraise x8 - 300g","p":1.79,"u":"5,97 €/KG","img":"https://fd9-photos.leclercdrive.fr/image.ashx?id=2452116&use=l&cat=p&typeid=i","cat":293505},{"id":179433,"n":"Brioche Pitch Chocolat au lait x8 - 300g","p":2.0,"u":"6,67 €/KG","img":"https://fd9-photos.leclercdrive.fr/image.ashx?id=2452113&use=l&cat=p&typeid=i","cat":293505},{"id":179437,"n":"Brioches Pitch Pépites chocolat x8 - 300g","p":2.08,"u":"6,93 €/KG","img":"https://fd9-photos.leclercdrive.fr/image.ashx?id=2452107&use=l&cat=p&typeid=i","cat":293505},{"id":179438,"n":"Brioche Pitch Pépites de chocolat x12 - 450g","p":3.2,"u":"7,11 €/KG","img":"https://fd9-photos.leclercdrive.fr/image.ashx?id=2452104&use=l&cat=p&typeid=i","cat":293505},{"id":179440,"n":"Brioches Pitch  Choco barre lait x8 - 300g","p":2.18,"u":"7,27 €/KG","img":"https://fd9-photos.leclercdrive.fr/image.ashx?id=2454115&use=l&cat=p&typeid=i","cat":293505},{"id":179533,"n":"Soda Fanta citron  bouteille - 1.25L","p":1.59,"u":"1,27 €/L","img":"https://fd9-photos.leclercdrive.fr/image.ashx?id=2659394&use=l&cat=p&typeid=i","cat":284532},{"id":179645,"n":"Limonade double zest Lorina Bouteille - 1,25L","p":1.25,"u":"1,00 €/L","img":"https://fd9-photos.leclercdrive.fr/image.ashx?id=2723836&use=l&cat=p&typeid=i","cat":284531},{"id":179669,"n":"Liquide vaisselle Paic Citron - 1,5L","p":2.64,"u":"1,76 €/L","img":"https://fd9-photos.leclercdrive.fr/image.ashx?id=2328673&use=l&cat=p&typeid=i","cat":284655},{"id":179698,"n":"Bâtonnets de merlu panés MSC Pescanova -  450 g","p":3.95,"u":"8,78 €/KG","img":"https://fd9-photos.leclercdrive.fr/image.ashx?id=2653696&use=l&cat=p&typeid=i","cat":319788},{"id":180041,"n":"Chips Tuiles Pringles Paprika - 175g","p":1.71,"u":"9,77 €/KG","img":"https://fd9-photos.leclercdrive.fr/image.ashx?id=2902301&use=l&cat=p&typeid=i","cat":287899},{"id":180056,"n":"Vinaigre balsamique Ponti de Modène IGP - 500 ml","p":2.99,"u":"5,98 €/L","img":"https://fd9-photos.leclercdrive.fr/image.ashx?id=2330191&use=l&cat=p&typeid=i","cat":298543},{"id":180069,"n":"Rillettes au saumon  Petit Navire - 125g","p":1.77,"u":"14,16 €/KG","img":"https://fd9-photos.leclercdrive.fr/image.ashx?id=2533391&use=l&cat=p&typeid=i","cat":305147},{"id":180079,"n":"Biscuits chocolats Kinder Duo Chocolat blanc et lait - 150g","p":2.07,"u":"13,80 €/KG","img":"https://fd9-photos.leclercdrive.fr/image.ashx?id=2959127&use=l&cat=p&typeid=i","cat":284488},{"id":180152,"n":"Foie de morue Connétable MSC nature au citron - 121g","p":2.06,"u":"17,02 €/KG","img":"https://fd9-photos.leclercdrive.fr/image.ashx?id=2330311&use=l&cat=p&typeid=i","cat":305147},{"id":180181,"n":"Sardines à l'huile d'olive Connétable - 135g","p":2.7,"u":"20,00 €/KG","img":"https://fd9-photos.leclercdrive.fr/image.ashx?id=2762115&use=l&cat=p&typeid=i","cat":305146},{"id":180182,"n":"Sardines Connétable huile  d'olive piment de Cayenne -135g","p":2.72,"u":"20,15 €/KG","img":"https://fd9-photos.leclercdrive.fr/image.ashx?id=2902714&use=l&cat=p&typeid=i","cat":305146},{"id":180184,"n":"Sardines Connétable marinade citron-basilic sans huile -140g","p":1.66,"u":"11,86 €/KG","img":"https://fd9-photos.leclercdrive.fr/image.ashx?id=2797858&use=l&cat=p&typeid=i","cat":305146},{"id":180187,"n":"Sauce Pesto Tomates Basilic Panzani - 200G","p":1.64,"u":"8,20 €/KG","img":"https://fd9-photos.leclercdrive.fr/image.ashx?id=2977930&use=l&cat=p&typeid=i","cat":287599},{"id":180193,"n":"Soupe déshydratée Knorr Cèpes  champignons  - 75cl","p":1.86,"u":"20,44 €/KG","img":"https://fd9-photos.leclercdrive.fr/image.ashx?id=2790318&use=l&cat=p&typeid=i","cat":284463},{"id":180217,"n":"Assaisonnement déshydraté Knorr Origan basilic romarin - 145g","p":2.96,"u":"20,41 €/KG","img":"https://fd9-photos.leclercdrive.fr/image.ashx?id=3014653&use=l&cat=p&typeid=i","cat":298297},{"id":180233,"n":"Crème de marrons vanille  Douceur du Verger - 500g","p":2.1,"u":"4,20 €/KG","img":"https://fd9-photos.leclercdrive.fr/image.ashx?id=2691471&use=l&cat=p&typeid=i","cat":284506},{"id":180240,"n":"Sucre roux de canne  Blonvilliers - 750g","p":2.84,"u":"3,79 €/KG","img":"https://fd9-photos.leclercdrive.fr/image.ashx?id=2460092&use=l&cat=p&typeid=i","cat":284502},{"id":180241,"n":"Sucre glace Saint Louis - 1kg","p":2.93,"u":"2,93 €/KG","img":"https://fd9-photos.leclercdrive.fr/image.ashx?id=2939382&use=l&cat=p&typeid=i","cat":284502},{"id":180302,"n":"Biscuits Palmier St Michel  au beurre - 87g","p":1.22,"u":"14,02 €/KG","img":"https://fd9-photos.leclercdrive.fr/image.ashx?id=2555379&use=l&cat=p&typeid=i","cat":284487},{"id":180304,"n":"Semoule de couscous moyen Eco+ - 1kg","p":1.05,"u":"1,05 €/KG","img":"https://fd9-photos.leclercdrive.fr/image.ashx?id=2790858&use=l&cat=p&typeid=i","cat":284429},{"id":180305,"n":"Pâté de foie Eco+ x3 - 234g","p":1.33,"u":"5,68 €/KG","img":"https://fd9-photos.leclercdrive.fr/image.ashx?id=2690853&use=l&cat=p&typeid=i","cat":305149},{"id":180307,"n":"Patée pour chat Eco+ boeuf et à la carotte - 410g","p":0.97,"u":"2,37 €/KG","img":"https://fd9-photos.leclercdrive.fr/image.ashx?id=2690844&use=l&cat=p&typeid=i","cat":285601},{"id":180311,"n":"Double concentré de tomates  Eco+ - 200g","p":1.22,"u":"6,10 €/KG","img":"https://fd9-photos.leclercdrive.fr/image.ashx?id=2690964&use=l&cat=p&typeid=i","cat":288384},{"id":180327,"n":"Pâtée pour chats Eco+ poisson et à la carotte - 410g","p":0.7,"u":"1,71 €/KG","img":"https://fd9-photos.leclercdrive.fr/image.ashx?id=2690847&use=l&cat=p&typeid=i","cat":285601},{"id":180335,"n":"Chocolat noir Poulain extra-fin à cuisiner - 2x180g","p":3.92,"u":"10,89 €/KG","img":"https://fd9-photos.leclercdrive.fr/image.ashx?id=2986672&use=l&cat=p&typeid=i","cat":284956},{"id":180344,"n":"Fromage enfant Mini Babybel 6 portions goûter - 132g","p":2.25,"u":"17,05 €/KG","img":"https://fd9-photos.leclercdrive.fr/image.ashx?id=2970822&use=l&cat=p&typeid=i","cat":314030},{"id":180345,"n":"Fromage enfant Mini Babybel 12 portions goûter - 264g","p":4.29,"u":"16,25 €/KG","img":"https://fd9-photos.leclercdrive.fr/image.ashx?id=2970825&use=l&cat=p&typeid=i","cat":314030},{"id":180348,"n":"Rondelles de cornichons Rustica aigres doux - 185g","p":1.59,"u":"8,59 €/KG","img":"https://fd9-photos.leclercdrive.fr/image.ashx?id=2916725&use=l&cat=p&typeid=i","cat":284458},{"id":180356,"n":"Muesli croustillant chocolat  bio Terres et Céréales-1kg","p":6.88,"u":"6,88 €/KG","img":"https://fd9-photos.leclercdrive.fr/image.ashx?id=2802458&use=l&cat=p&typeid=i","cat":309512},{"id":180397,"n":"Barres Chocolatées KINDER BUENO  Chocolat au Lait x3 - 129g","p":2.22,"u":"17,21 €/KG","img":"https://fd9-photos.leclercdrive.fr/image.ashx?id=2762295&use=l&cat=p&typeid=i","cat":284498},{"id":180401,"n":"Mayonnaise Bénédicta Nature - 255g","p":1.78,"u":"6,98 €/KG","img":"https://fd9-photos.leclercdrive.fr/image.ashx?id=2658734&use=l&cat=p&typeid=i","cat":298295},{"id":180418,"n":"Pois chiches Sultanines 530g","p":1.43,"u":"2,70 €/KG","img":"https://fd9-photos.leclercdrive.fr/image.ashx?id=2331363&use=l&cat=p&typeid=i","cat":312609},{"id":180432,"n":"Thé noir Twinings vanille x20 - 32g","p":2.66,"u":"83,13 €/KG","img":"https://fd9-photos.leclercdrive.fr/image.ashx?id=2893057&use=l&cat=p&typeid=i","cat":293233},{"id":180444,"n":"Isey Skyr Cheesecake Citron - 400g","p":2.87,"u":"7,18 €/KG","img":"https://fd9-photos.leclercdrive.fr/image.ashx?id=2598618&use=l&cat=p&typeid=i","cat":315000},{"id":180498,"n":"Chips ancienne nature Lay's Sel - 155g","p":1.28,"u":"8,26 €/KG","img":"https://fd9-photos.leclercdrive.fr/image.ashx?id=2996596&use=l&cat=p&typeid=i","cat":284447},{"id":180545,"n":"Serviettes hygiéniques Nana Ultra - Régulier+ - x14","p":2.09,"u":"0,15 €/P","img":"https://fd9-photos.leclercdrive.fr/image.ashx?id=3011881&use=l&cat=p&typeid=i","cat":284624},{"id":180550,"n":"Serviettes hygiéniques Nana Ultra - Spécial Nuit - x10","p":2.01,"u":"0,20 €/P","img":"https://fd9-photos.leclercdrive.fr/image.ashx?id=2944990&use=l&cat=p&typeid=i","cat":284624},{"id":180556,"n":"Sirop de Citron Bio Village Bio - 50cl","p":2.26,"u":"4,52 €/L","img":"https://fd9-photos.leclercdrive.fr/image.ashx?id=2873192&use=l&cat=p&typeid=i","cat":295020},{"id":182071,"n":"Croquettes chien Ultima Mini Adulte poulet - 1.35kg","p":5.24,"u":"3,88 €/KG","img":"https://fd9-photos.leclercdrive.fr/image.ashx?id=2926645&use=l&cat=p&typeid=i","cat":294526},{"id":182179,"n":"Boisson aux fruits Oasis Tropical - 1,5L","p":2.04,"u":"1,36 €/L","img":"https://fd9-photos.leclercdrive.fr/image.ashx?id=2666698&use=l&cat=p&typeid=i","cat":295018},{"id":182180,"n":"Sirop de Grenadine Bio Village Bio - 50cl","p":2.43,"u":"4,86 €/L","img":"https://fd9-photos.leclercdrive.fr/image.ashx?id=2931947&use=l&cat=p&typeid=i","cat":295020},{"id":182181,"n":"Sirop de Menthe Bio Village Bio - 50cl","p":2.42,"u":"4,84 €/L","img":"https://fd9-photos.leclercdrive.fr/image.ashx?id=2873189&use=l&cat=p&typeid=i","cat":295020},{"id":182212,"n":"Semoule moyenne panzani 500g","p":1.33,"u":"2,66 €/KG","img":"https://fd9-photos.leclercdrive.fr/image.ashx?id=2745562&use=l&cat=p&typeid=i","cat":284429},{"id":182218,"n":"Chips paysanne nature Lay's Sel - 155g","p":1.22,"u":"7,87 €/KG","img":"https://fd9-photos.leclercdrive.fr/image.ashx?id=2818602&use=l&cat=p&typeid=i","cat":284447},{"id":182259,"n":"Chips ancienne nature Lay's Sel format familial - 295g","p":2.23,"u":"7,56 €/KG","img":"https://fd9-photos.leclercdrive.fr/image.ashx?id=2999243&use=l&cat=p&typeid=i","cat":284447},{"id":182260,"n":"Chips paysanne nature Lay's Sel format familial - 295g","p":2.25,"u":"7,63 €/KG","img":"https://fd9-photos.leclercdrive.fr/image.ashx?id=2848716&use=l&cat=p&typeid=i","cat":284447},{"id":182266,"n":"Shampooing sec Batiste Original - 200ml","p":3.25,"u":"16,25 €/L","img":"https://fd9-photos.leclercdrive.fr/image.ashx?id=2344046&use=l&cat=p&typeid=i","cat":289143},{"id":182267,"n":"Shampooing sec Batiste Blush - 200ml","p":3.33,"u":"16,65 €/L","img":"https://fd9-photos.leclercdrive.fr/image.ashx?id=2630454&use=l&cat=p&typeid=i","cat":289143},{"id":182340,"n":"Lait en poudre Guigoz Optipro 2ème âge - 6-12 mois - 830g","p":15.08,"u":"18,17 €/KG","img":"https://fd9-photos.leclercdrive.fr/image.ashx?id=2737747&use=l&cat=p&typeid=i","cat":284727},{"id":182373,"n":"Skyr Siggi's  Mangue Passion - 2x140g","p":2.05,"u":"7,32 €/KG","img":"https://fd9-photos.leclercdrive.fr/image.ashx?id=2792027&use=l&cat=p&typeid=i","cat":315000},{"id":182479,"n":"Huile d'Olive Tramier Vierge  Extra Sans Pesticides 75cl","p":8.79,"u":"11,72 €/L","img":"https://fd9-photos.leclercdrive.fr/image.ashx?id=2647188&use=l&cat=p&typeid=i","cat":284453},{"id":182480,"n":"Lait bébé en poudre Guigoz Gest 1er âge - 0-6 mois - 830g","p":18.43,"u":"22,20 €/KG","img":"https://fd9-photos.leclercdrive.fr/image.ashx?id=2895047&use=l&cat=p&typeid=i","cat":284726},{"id":182692,"n":"Nappage Caramel Vahiné 200g","p":1.65,"u":"8,25 €/KG","img":"https://fd9-photos.leclercdrive.fr/image.ashx?id=2833336&use=l&cat=p&typeid=i","cat":284504},{"id":182791,"n":"Croquettes chiens adultes Poulet - 7kg","p":24.08,"u":"3,44 €/KG","img":"https://fd9-photos.leclercdrive.fr/image.ashx?id=2894968&use=l&cat=p&typeid=i","cat":294526},{"id":182799,"n":"Cumin Moulu Ducros 40g","p":2.39,"u":"59,75 €/KG","img":"https://fd9-photos.leclercdrive.fr/image.ashx?id=2983222&use=l&cat=p&typeid=i","cat":298297},{"id":182808,"n":"Croquettes chiens Ultima Mini Senior Agevital - 1.35kg","p":5.24,"u":"3,88 €/KG","img":"https://fd9-photos.leclercdrive.fr/image.ashx?id=2921918&use=l&cat=p&typeid=i","cat":294526},{"id":182820,"n":"Céréales Weetabix original  430g","p":3.0,"u":"6,98 €/KG","img":"https://fd9-photos.leclercdrive.fr/image.ashx?id=2853347&use=l&cat=p&typeid=i","cat":309512},{"id":182833,"n":"Biscuits sablés Guet Apens LU Chocolat noisette - 105g","p":1.94,"u":"18,48 €/KG","img":"https://fd9-photos.leclercdrive.fr/image.ashx?id=3002219&use=l&cat=p&typeid=i","cat":284487},{"id":182887,"n":"Fromage à tartiner Boursin Ail & fines herbes - 150g","p":2.15,"u":"14,33 €/KG","img":"https://fd9-photos.leclercdrive.fr/image.ashx?id=2964449&use=l&cat=p&typeid=i","cat":314029},{"id":182888,"n":"Lait bébé poudre Guigoz Optipro 1er âge - 0-6mois - 830g","p":16.34,"u":"19,69 €/KG","img":"https://fd9-photos.leclercdrive.fr/image.ashx?id=2806423&use=l&cat=p&typeid=i","cat":284726},{"id":182928,"n":"Papier cuisson Alfapac 15 feuilles","p":2.2,"img":"https://fd9-photos.leclercdrive.fr/image.ashx?id=2887740&use=l&cat=p&typeid=i","cat":334134},{"id":182938,"n":"Sauce crudités Caesar Amora 380ml","p":2.95,"u":"7,76 €/L","img":"https://fd9-photos.leclercdrive.fr/image.ashx?id=2655223&use=l&cat=p&typeid=i","cat":284456},{"id":182939,"n":"Chips Tuiles Pringles Barbecue - 175g","p":2.36,"u":"13,49 €/KG","img":"https://fd9-photos.leclercdrive.fr/image.ashx?id=2662502&use=l&cat=p&typeid=i","cat":287899},{"id":183049,"n":"Masque Tissu Skinactive Garnier Booster d'éclat Vitamine C","p":2.19,"img":"https://fd9-photos.leclercdrive.fr/image.ashx?id=2849100&use=l&cat=p&typeid=i","cat":325346},{"id":183106,"n":"Eau gazeuse San Pellegrino Essenza sanguine - 6x33cl","p":3.43,"u":"1,73 €/L","img":"https://fd9-photos.leclercdrive.fr/image.ashx?id=2852010&use=l&cat=p&typeid=i","cat":284536},{"id":183107,"n":"Eau gazeuse San Pellegrino Essenza Pêche melon - 6x33cl","p":3.54,"u":"1,79 €/L","img":"https://fd9-photos.leclercdrive.fr/image.ashx?id=2997292&use=l&cat=p&typeid=i","cat":284536},{"id":183129,"n":"Epinards Légumes Findus branches à la crème - 480g","p":2.78,"u":"5,79 €/KG","img":"https://fd9-photos.leclercdrive.fr/image.ashx?id=2937349&use=l&cat=p&typeid=i","cat":319805},{"id":183130,"n":"Epinards hachés Findus À la crème fraîche - 900g","p":3.35,"u":"3,72 €/KG","img":"https://fd9-photos.leclercdrive.fr/image.ashx?id=2904245&use=l&cat=p&typeid=i","cat":319805},{"id":183193,"n":"Pile alcaline Varta  Longlife power 9V 6LR61 - x2","p":8.9,"u":"4,45 €/P","img":"https://fd9-photos.leclercdrive.fr/image.ashx?id=2353821&use=l&cat=p&typeid=i","cat":300572},{"id":183205,"n":"Pile bouton Lithium Varta CR2032 - x2","p":3.9,"u":"1,95 €/P","img":"https://fd9-photos.leclercdrive.fr/image.ashx?id=2575822&use=l&cat=p&typeid=i","cat":300572},{"id":183262,"n":"Sérum Éclat Vitamine C Garnier Anti-taches - 30ml","p":7.98,"u":"266,00 €/L","img":"https://fd9-photos.leclercdrive.fr/image.ashx?id=2908180&use=l&cat=p&typeid=i","cat":325345},{"id":183395,"n":"Huile d'olive Puget 75cl","p":8.95,"u":"11,93 €/L","img":"https://fd9-photos.leclercdrive.fr/image.ashx?id=2460925&use=l&cat=p&typeid=i","cat":284453},{"id":183414,"n":"Croquettes Ultima Light Petit chien - 1,35kg","p":5.39,"u":"3,99 €/KG","img":"https://fd9-photos.leclercdrive.fr/image.ashx?id=2921912&use=l&cat=p&typeid=i","cat":294526},{"id":183496,"n":"Brocolis fleurette Notre Jardin 900g","p":1.99,"u":"2,21 €/KG","img":"https://fd9-photos.leclercdrive.fr/image.ashx?id=2873168&use=l&cat=p&typeid=i","cat":319805},{"id":183523,"n":"Rexona Déodorant Femme Spray   72H Musc 200ml","p":3.68,"u":"18,40 €/L","img":"https://fd9-photos.leclercdrive.fr/image.ashx?id=2850312&use=l&cat=p&typeid=i","cat":284595},{"id":183526,"n":"Rexona Déodorant Femme Spray Anti-Transpirant 72H","p":3.07,"u":"15,35 €/L","img":"https://fd9-photos.leclercdrive.fr/image.ashx?id=2850309&use=l&cat=p&typeid=i","cat":284595},{"id":183610,"n":"San Marco Intenso Grain N°9 500G","p":11.0,"u":"22,00 €/KG","img":"https://fd9-photos.leclercdrive.fr/image.ashx?id=2463501&use=l&cat=p&typeid=i","cat":293237},{"id":183840,"n":"Curcuma moulu Ducros 45g","p":2.1,"u":"46,67 €/KG","img":"https://fd9-photos.leclercdrive.fr/image.ashx?id=2486644&use=l&cat=p&typeid=i","cat":298297},{"id":183854,"n":"Déodorant Rexona Men anti transpirant Cobalt Dry - 200ml","p":3.52,"u":"17,60 €/L","img":"https://fd9-photos.leclercdrive.fr/image.ashx?id=2858711&use=l&cat=p&typeid=i","cat":284618},{"id":183866,"n":"Dentifrice blancheur Colgate Max white one - 75ml","p":2.77,"u":"36,93 €/L","img":"https://fd9-photos.leclercdrive.fr/image.ashx?id=2767255&use=l&cat=p&typeid=i","cat":284612},{"id":183877,"n":"Désodorisant diffuseur Airwick  Electrique Vanille - 19ml","p":3.44,"u":"181,05 €/L","img":"https://fd9-photos.leclercdrive.fr/image.ashx?id=2768237&use=l&cat=p&typeid=i","cat":311629},{"id":183907,"n":"Dentifrice blancheur Colgate Max white optic - 75ml","p":2.12,"u":"28,27 €/L","img":"https://fd9-photos.leclercdrive.fr/image.ashx?id=2738395&use=l&cat=p&typeid=i","cat":284612},{"id":184005,"n":"Gel Douche Le Petit Marseillais  Fleur d'oranger - 650ml","p":3.26,"u":"5,02 €/L","img":"https://fd9-photos.leclercdrive.fr/image.ashx?id=2684533&use=l&cat=p&typeid=i","cat":284594},{"id":184009,"n":"Gel WC Canard Forêt Aquatique - 750ml","p":2.56,"u":"3,41 €/L","img":"https://fd9-photos.leclercdrive.fr/image.ashx?id=2746313&use=l&cat=p&typeid=i","cat":284662},{"id":184137,"n":"Café dosettes Tassimo Espresso Classique x21","p":5.77,"u":"45,79 €/KG","img":"https://fd9-photos.leclercdrive.fr/image.ashx?id=2360239&use=l&cat=p&typeid=i","cat":293240},{"id":184148,"n":"Biscuits croquants Délichoc Chocolat au lait - 150g","p":1.89,"u":"12,60 €/KG","img":"https://fd9-photos.leclercdrive.fr/image.ashx?id=2867365&use=l&cat=p&typeid=i","cat":284488},{"id":184190,"n":"Couette unie Tissaïa Basics Blanc - 140x200cm","p":9.98,"u":"Dont 0,40 € d'éco-part.","img":"https://fd9-photos.leclercdrive.fr/image.ashx?id=2361134&use=l&cat=p&typeid=i","cat":288835},{"id":184225,"n":"Sirop d'agave Sunny Via Michaud 980g","p":7.35,"u":"7,50 €/KG","img":"https://fd9-photos.leclercdrive.fr/image.ashx?id=2766223&use=l&cat=p&typeid=i","cat":287643},{"id":184305,"n":"Carré de porc sans os L'Atelier Boucherie x10 - 440g","p":4.94,"u":"11,23 €/KG","img":"https://fd9-photos.leclercdrive.fr/image.ashx?id=2932701&use=l&cat=p&typeid=i","cat":284331},{"id":184308,"n":"Côtes de porc échine L'Atelier Boucherie x4 - 680g","p":5.14,"u":"7,56 €/KG","img":"https://fd9-photos.leclercdrive.fr/image.ashx?id=2930555&use=l&cat=p&typeid=i","cat":284331},{"id":184310,"n":"Entrecôte de boeuf*** L'Atelier Boucherie x1 - 200g","p":6.09,"u":"30,45 €/KG","img":"https://fd9-photos.leclercdrive.fr/image.ashx?id=2913781&use=l&cat=p&typeid=i","cat":284328},{"id":184312,"n":"Faux-filet de boeuf*** L'Atelier Boucherie x1 - 180g","p":5.12,"u":"28,44 €/KG","img":"https://fd9-photos.leclercdrive.fr/image.ashx?id=2913784&use=l&cat=p&typeid=i","cat":284328},{"id":184316,"n":"Bavette d'Aloyau*** L'Atelier Boucherie x1 - 150g","p":4.95,"u":"33,00 €/KG","img":"https://fd9-photos.leclercdrive.fr/image.ashx?id=2930585&use=l&cat=p&typeid=i","cat":284328},{"id":184317,"n":"Rumsteck en tournedos*** L'Atelier Boucherie x2 - 280g","p":7.19,"u":"25,68 €/KG","img":"https://fd9-photos.leclercdrive.fr/image.ashx?id=2930588&use=l&cat=p&typeid=i","cat":284328},{"id":184318,"n":"Rôti de boeuf*** L'Atelier Boucherie - 600g","p":14.39,"u":"23,98 €/KG","img":"https://fd9-photos.leclercdrive.fr/image.ashx?id=2930591&use=l&cat=p&typeid=i","cat":284328},{"id":184319,"n":"Pièce à fondue / Brochette L'Atelier Boucherie - 500g","p":12.99,"u":"25,98 €/KG","img":"https://fd9-photos.leclercdrive.fr/image.ashx?id=2930594&use=l&cat=p&typeid=i","cat":284328},{"id":184320,"n":"Rôti de porc L'Atelier Boucherie - 600g","p":6.59,"u":"10,98 €/KG","img":"https://fd9-photos.leclercdrive.fr/image.ashx?id=2953749&use=l&cat=p&typeid=i","cat":284331},{"id":184321,"n":"Filet mignon de porc L'Atelier Boucherie x2 - 990g","p":13.59,"u":"13,73 €/KG","img":"https://fd9-photos.leclercdrive.fr/image.ashx?id=2932704&use=l&cat=p&typeid=i","cat":284331},{"id":184323,"n":"Sauté de veau*** à mijoter L'Atelier Boucherie - 500g","p":9.99,"u":"19,98 €/KG","img":"https://fd9-photos.leclercdrive.fr/image.ashx?id=2930600&use=l&cat=p&typeid=i","cat":284329},{"id":184351,"n":"Oignons frits Kühne Goût Bacon - 100g","p":1.64,"u":"16,40 €/KG","img":"https://fd9-photos.leclercdrive.fr/image.ashx?id=2868897&use=l&cat=p&typeid=i","cat":298297},{"id":184355,"n":"Boisson énergisante Red Bull  Goût Fruit du Dragon, 250ml","p":1.2,"u":"4,80 €/L","img":"https://fd9-photos.leclercdrive.fr/image.ashx?id=3011992&use=l&cat=p&typeid=i","cat":284533},{"id":184427,"n":"Thé glacé Oasis Ice Tea Saveur Pêche - 1,5L","p":1.74,"u":"1,16 €/L","img":"https://fd9-photos.leclercdrive.fr/image.ashx?id=2688836&use=l&cat=p&typeid=i","cat":295019},{"id":184475,"n":"AOP Gaillac rosé Grande réserve - 75cl","p":4.25,"u":"5,67 €/L","img":"https://fd9-photos.leclercdrive.fr/image.ashx?id=2368599&use=l&cat=p&typeid=i","cat":289558},{"id":184514,"n":"Lingettes bébé Waterwipes 99,9% d'eau - x60","p":3.65,"u":"0,06 €/P","img":"https://fd9-photos.leclercdrive.fr/image.ashx?id=2363084&use=l&cat=p&typeid=i","cat":290387},{"id":184540,"n":"Fromage Fouetté Nature à tartiner Les Croisés - 150g","p":1.41,"u":"9,40 €/KG","img":"https://fd9-photos.leclercdrive.fr/image.ashx?id=2362423&use=l&cat=p&typeid=i","cat":314029},{"id":184553,"n":"Blocs WC Syphon fraîcheur marine x2 - 110g","p":2.0,"u":"18,18 €/KG","img":"https://fd9-photos.leclercdrive.fr/image.ashx?id=2376079&use=l&cat=p&typeid=i","cat":284662},{"id":184561,"n":"Glaces Kinder Bueno x4 noisettes chocolat blanc - 248g","p":3.79,"u":"15,28 €/KG","img":"https://fd9-photos.leclercdrive.fr/image.ashx?id=2759071&use=l&cat=p&typeid=i","cat":284264},{"id":184569,"n":"Muesli croustillant Bio Village Bio Chocolat - 500g","p":3.72,"u":"7,44 €/KG","img":"https://fd9-photos.leclercdrive.fr/image.ashx?id=2559984&use=l&cat=p&typeid=i","cat":309512},{"id":184571,"n":"Sauce barbecue Amora 285g","p":1.74,"u":"6,11 €/KG","img":"https://fd9-photos.leclercdrive.fr/image.ashx?id=3004447&use=l&cat=p&typeid=i","cat":318431},{"id":184572,"n":"Huile Oméga 3 Tramier  3 Huiles de graines 1l","p":5.09,"u":"5,09 €/L","img":"https://fd9-photos.leclercdrive.fr/image.ashx?id=2901154&use=l&cat=p&typeid=i","cat":284453},{"id":184828,"n":"Persillade Ducros Première saveur 19g","p":3.31,"u":"174,21 €/KG","img":"https://fd9-photos.leclercdrive.fr/image.ashx?id=2559502&use=l&cat=p&typeid=i","cat":298297},{"id":184831,"n":"Ail semoule Ducros 140g","p":2.39,"u":"17,07 €/KG","img":"https://fd9-photos.leclercdrive.fr/image.ashx?id=2559511&use=l&cat=p&typeid=i","cat":298297},{"id":184833,"n":"Clous de girofle Ducros 29g","p":1.97,"u":"67,93 €/KG","img":"https://fd9-photos.leclercdrive.fr/image.ashx?id=2559514&use=l&cat=p&typeid=i","cat":298297},{"id":184834,"n":"Macédoine fruits confits Vahiné 150g","p":2.4,"u":"16,00 €/KG","img":"https://fd9-photos.leclercdrive.fr/image.ashx?id=2490569&use=l&cat=p&typeid=i","cat":284504},{"id":184835,"n":"Ecorces oranges confites Vahiné 100g","p":3.05,"u":"30,50 €/KG","img":"https://fd9-photos.leclercdrive.fr/image.ashx?id=2490572&use=l&cat=p&typeid=i","cat":284504},{"id":184837,"n":"Compotes Pom'Potes Gourdes  Pomme Banane - 4x90g","p":2.3,"u":"6,39 €/KG","img":"https://fd9-photos.leclercdrive.fr/image.ashx?id=2978637&use=l&cat=p&typeid=i","cat":284508},{"id":184917,"n":"Saucisses cocktail Madrange Classique x30 - 225g","p":1.99,"u":"8,84 €/KG","img":"https://fd9-photos.leclercdrive.fr/image.ashx?id=2941562&use=l&cat=p&typeid=i","cat":316012},{"id":184926,"n":"Sugo alla bolognese 340g","p":2.75,"u":"8,09 €/KG","img":"https://fd9-photos.leclercdrive.fr/image.ashx?id=2840022&use=l&cat=p&typeid=i","cat":287599},{"id":184928,"n":"Sauce Tradizioni d'Italia Arrabbiata - 340g","p":1.86,"u":"5,47 €/KG","img":"https://fd9-photos.leclercdrive.fr/image.ashx?id=2840031&use=l&cat=p&typeid=i","cat":288384},{"id":184982,"n":"Eau de Javel La Croix Désinfectant Original 3x250ml","p":1.4,"u":"1,87 €/L","img":"https://fd9-photos.leclercdrive.fr/image.ashx?id=2738386&use=l&cat=p&typeid=i","cat":284661},{"id":184996,"n":"Infusion verveine Elephant Menthe, bio - x20","p":2.11,"u":"81,15 €/KG","img":"https://fd9-photos.leclercdrive.fr/image.ashx?id=2507578&use=l&cat=p&typeid=i","cat":293234},{"id":184999,"n":"Infusion bio Elephant Relax - x20","p":2.26,"u":"86,92 €/KG","img":"https://fd9-photos.leclercdrive.fr/image.ashx?id=2507572&use=l&cat=p&typeid=i","cat":293234},{"id":185000,"n":"Infusion Bio Eléphant Menthe Thym - x20 sachets","p":2.11,"u":"81,15 €/KG","img":"https://fd9-photos.leclercdrive.fr/image.ashx?id=2507563&use=l&cat=p&typeid=i","cat":293234},{"id":185003,"n":"Infusion Eléphant Douce Nuit x20- 32g","p":2.2,"u":"68,75 €/KG","img":"https://fd9-photos.leclercdrive.fr/image.ashx?id=2507569&use=l&cat=p&typeid=i","cat":293234},{"id":185004,"n":"Infusion Bio Elephant Verveine - x20 sachets","p":2.52,"u":"96,92 €/KG","img":"https://fd9-photos.leclercdrive.fr/image.ashx?id=2520755&use=l&cat=p&typeid=i","cat":293234},{"id":185165,"n":"Skyr Yoplait  Coco 1%Mg - 4x100g","p":2.12,"u":"5,30 €/KG","img":"https://fd9-photos.leclercdrive.fr/image.ashx?id=2884459&use=l&cat=p&typeid=i","cat":315000},{"id":185443,"n":"Thé vert citron Yate x25 - 37,5g","p":0.79,"u":"20,79 €/KG","img":"https://fd9-photos.leclercdrive.fr/image.ashx?id=2441486&use=l&cat=p&typeid=i","cat":293233},{"id":185495,"n":"Persillade de France Ducros 25g","p":2.45,"u":"98,00 €/KG","img":"https://fd9-photos.leclercdrive.fr/image.ashx?id=2374713&use=l&cat=p&typeid=i","cat":298297},{"id":185567,"n":"Liniment oléo-calcaire Biolane  700 ml","p":7.01,"u":"10,01 €/L","img":"https://fd9-photos.leclercdrive.fr/image.ashx?id=2586864&use=l&cat=p&typeid=i","cat":284741},{"id":185568,"n":"Gel Lavant Biolane Corps et cheveux 750 ml","p":5.37,"u":"7,16 €/L","img":"https://fd9-photos.leclercdrive.fr/image.ashx?id=2586867&use=l&cat=p&typeid=i","cat":284740},{"id":185571,"n":"Eau pure H2O Biolane 750 ml","p":5.31,"u":"7,08 €/L","img":"https://fd9-photos.leclercdrive.fr/image.ashx?id=2733247&use=l&cat=p&typeid=i","cat":284741},{"id":185665,"n":"DOC Prosecco Rosé Mionetto - 75cl","p":7.0,"u":"9,33 €/L","img":"https://fd9-photos.leclercdrive.fr/image.ashx?id=3011914&use=l&cat=p&typeid=i","cat":289461},{"id":185999,"n":"Boisson végétale Bio Village Riz nature bio - 1l","p":1.65,"u":"1,65 €/L","img":"https://fd9-photos.leclercdrive.fr/image.ashx?id=2601016&use=l&cat=p&typeid=i","cat":316067},{"id":186043,"n":"Lardons Nature Herta  Sans nitrite - 2x75g","p":1.81,"u":"12,07 €/KG","img":"https://fd9-photos.leclercdrive.fr/image.ashx?id=2785802&use=l&cat=p&typeid=i","cat":316011},{"id":186056,"n":"Boisson énergisante Red Bull Goût Coco-Acaï, 250ml","p":1.23,"u":"4,92 €/L","img":"https://fd9-photos.leclercdrive.fr/image.ashx?id=2471658&use=l&cat=p&typeid=i","cat":284533},{"id":186070,"n":"Mousse à raser Avène 200ml","p":9.9,"u":"49,50 €/L","img":"https://fd9-photos.leclercdrive.fr/image.ashx?id=2382833&use=l&cat=p&typeid=i","cat":291167},{"id":186072,"n":"Fluide solaire SPF 50+ Avène  50ml","p":12.99,"u":"259,80 €/L","img":"https://fd9-photos.leclercdrive.fr/image.ashx?id=2382836&use=l&cat=p&typeid=i","cat":290396},{"id":186073,"n":"Fluide solaire SPF 50+ Avène Sans parfum - 50ml","p":13.85,"u":"277,00 €/L","img":"https://fd9-photos.leclercdrive.fr/image.ashx?id=2382839&use=l&cat=p&typeid=i","cat":290396},{"id":186075,"n":"Crème solaire SPF 50+ Avène Sans parfum - 50ml","p":11.99,"u":"239,80 €/L","img":"https://fd9-photos.leclercdrive.fr/image.ashx?id=2382848&use=l&cat=p&typeid=i","cat":290396},{"id":186076,"n":"Crème solaire SPF 50+ Avène Teintée - 50ml","p":14.05,"u":"281,00 €/L","img":"https://fd9-photos.leclercdrive.fr/image.ashx?id=2382851&use=l&cat=p&typeid=i","cat":290396},{"id":186077,"n":"Crème émolliente A-Derma Exomega Control - 400ml","p":18.46,"u":"46,15 €/L","img":"https://fd9-photos.leclercdrive.fr/image.ashx?id=2382857&use=l&cat=p&typeid=i","cat":290421},{"id":186079,"n":"Baume émollient A-Derma Exomega Control - 400ml","p":15.38,"u":"38,45 €/L","img":"https://fd9-photos.leclercdrive.fr/image.ashx?id=2382860&use=l&cat=p&typeid=i","cat":290421},{"id":186080,"n":"Lait émollient A-Derma Exomega Control - 400ml","p":18.5,"u":"46,25 €/L","img":"https://fd9-photos.leclercdrive.fr/image.ashx?id=2382863&use=l&cat=p&typeid=i","cat":290421},{"id":186081,"n":"Baume émollient A-Derma Exomega Allergo - 200ml","p":15.69,"u":"78,45 €/L","img":"https://fd9-photos.leclercdrive.fr/image.ashx?id=2382866&use=l&cat=p&typeid=i","cat":290421},{"id":186085,"n":"Fluide hydratant Avène Tolerance Hydra-10 - 40ml","p":15.75,"u":"393,75 €/L","img":"https://fd9-photos.leclercdrive.fr/image.ashx?id=2382875&use=l&cat=p&typeid=i","cat":291171},{"id":186087,"n":"Crème hydratante Avène Tolerance Hydra-10 - 40ml","p":14.49,"u":"362,25 €/L","img":"https://fd9-photos.leclercdrive.fr/image.ashx?id=2382878&use=l&cat=p&typeid=i","cat":291171},{"id":186089,"n":"Crème mains absorption express Neutrogena - 75ml","p":4.73,"u":"63,07 €/L","img":"https://fd9-photos.leclercdrive.fr/image.ashx?id=2928840&use=l&cat=p&typeid=i","cat":290424},{"id":186113,"n":"Shampoing illuminateur Klorane Camomille - 400ml","p":10.48,"u":"26,20 €/L","img":"https://fd9-photos.leclercdrive.fr/image.ashx?id=2878972&use=l&cat=p&typeid=i","cat":290400},{"id":186115,"n":"Shampoing assainissant Klorane Cédrat - 400ml","p":10.24,"u":"25,60 €/L","img":"https://fd9-photos.leclercdrive.fr/image.ashx?id=2788613&use=l&cat=p&typeid=i","cat":290400},{"id":186124,"n":"Crème Sensifine AR SVR Anti-rougeurs - 40ml","p":11.47,"u":"286,75 €/KG","img":"https://fd9-photos.leclercdrive.fr/image.ashx?id=2966035&use=l&cat=p&typeid=i","cat":291171},{"id":186162,"n":"Spray désinfectant Septimyl Chlorhexidine 0,5% - 100ml","p":3.48,"u":"34,80 €/L","img":"https://fd9-photos.leclercdrive.fr/image.ashx?id=2383112&use=l&cat=p&typeid=i","cat":291163},{"id":186164,"n":"Ampoule vitamine C SVR 30ml","p":27.6,"u":"920,00 €/L","img":"https://fd9-photos.leclercdrive.fr/image.ashx?id=2971649&use=l&cat=p&typeid=i","cat":291171},{"id":186165,"n":"Ampoule vitamine B3 SVR 30ml","p":23.98,"u":"799,33 €/L","img":"https://fd9-photos.leclercdrive.fr/image.ashx?id=2971179&use=l&cat=p&typeid=i","cat":291171},{"id":186171,"n":"Baume réparateur Eucerin Aquaphor - 40ml","p":8.24,"u":"206,00 €/L","img":"https://fd9-photos.leclercdrive.fr/image.ashx?id=2383176&use=l&cat=p&typeid=i","cat":290421},{"id":186172,"n":"Emollient 10% d'Urée Eucerin UreaRepair Plus - 400ml","p":16.98,"u":"42,45 €/L","img":"https://fd9-photos.leclercdrive.fr/image.ashx?id=2736217&use=l&cat=p&typeid=i","cat":290421},{"id":186173,"n":"Crème mains 5% d'Urée Eucerin UreaRepair Plus - 75ml","p":5.94,"u":"79,20 €/L","img":"https://fd9-photos.leclercdrive.fr/image.ashx?id=2832311&use=l&cat=p&typeid=i","cat":290424},{"id":186176,"n":"Dentifrice Parogencyl Prévention gencives - 2x75ml","p":5.59,"u":"37,27 €/L","img":"https://fd9-photos.leclercdrive.fr/image.ashx?id=2659439&use=l&cat=p&typeid=i","cat":290419},{"id":186177,"n":"Crème pieds 10% d'Urée Eucerin UreaRepair Plus - 100ml","p":6.49,"u":"64,90 €/L","img":"https://fd9-photos.leclercdrive.fr/image.ashx?id=2736223&use=l&cat=p&typeid=i","cat":290424},{"id":186181,"n":"Baume réparateur Eucerin Aquaphore - 198g","p":15.68,"u":"79,19 €/KG","img":"https://fd9-photos.leclercdrive.fr/image.ashx?id=2383197&use=l&cat=p&typeid=i","cat":290421},{"id":186184,"n":"Soin de nuit Eucerin Hyaluron-Filler - 50ml","p":31.13,"u":"622,60 €/L","img":"https://fd9-photos.leclercdrive.fr/image.ashx?id=2926813&use=l&cat=p&typeid=i","cat":291168},{"id":186238,"n":"Crème blur mousse SPF50 SVR 50ml","p":11.98,"u":"239,60 €/L","img":"https://fd9-photos.leclercdrive.fr/image.ashx?id=2971191&use=l&cat=p&typeid=i","cat":290396},{"id":186240,"n":"Baume Protect+ Topialyse SVR 400ml","p":14.98,"pp":11.23,"u":"28,08 €/L","img":"https://fd9-photos.leclercdrive.fr/image.ashx?id=2971658&use=l&cat=p&typeid=i","cat":290421},{"id":186246,"n":"Sérum anti-imperfections SVR SEBIACLEAR - 30ml","p":14.71,"u":"490,33 €/L","img":"https://fd9-photos.leclercdrive.fr/image.ashx?id=2965136&use=l&cat=p&typeid=i","cat":291166},{"id":186258,"n":"Lessive Capsules Tout-en-1 Skip Fraîcheur Intense x26 Capsules","p":9.41,"u":"17,08 €/KG","img":"https://fd9-photos.leclercdrive.fr/image.ashx?id=2978934&use=l&cat=p&typeid=i","cat":284641},{"id":186260,"n":"Lessive Capsules Skip Tout-en-1 Active Clean x26","p":9.54,"u":"17,31 €/KG","img":"https://fd9-photos.leclercdrive.fr/image.ashx?id=2940651&use=l&cat=p&typeid=i","cat":284641},{"id":186263,"n":"Lessive Capsules Tout-en-1 Skip Fraîcheur Intense 38 Lavages","p":13.34,"u":"16,55 €/KG","img":"https://fd9-photos.leclercdrive.fr/image.ashx?id=2929236&use=l&cat=p&typeid=i","cat":284641},{"id":186267,"n":"Lingettes bébé visage et mains Biolane - 64 lingettes","p":2.5,"u":"0,04 €/P","img":"https://fd9-photos.leclercdrive.fr/image.ashx?id=2876539&use=l&cat=p&typeid=i","cat":284738},{"id":186293,"n":"Répare crevaison Tech9 400ml","p":5.19,"u":"12,98 €/L","img":"https://fd9-photos.leclercdrive.fr/image.ashx?id=2527337&use=l&cat=p&typeid=i","cat":298252},{"id":186296,"n":"Lessive Capsules Skip Tout-en-1 Active Clean x38","p":13.34,"u":"16,55 €/KG","img":"https://fd9-photos.leclercdrive.fr/image.ashx?id=2757114&use=l&cat=p&typeid=i","cat":284641},{"id":186322,"n":"Lingettes pour bébé Pampers Harmonie Aqua - 3x48","p":6.73,"u":"0,05 €/P","img":"https://fd9-photos.leclercdrive.fr/image.ashx?id=2903809&use=l&cat=p&typeid=i","cat":284738},{"id":186497,"n":"Capsules café L'Or Espresso Saveur Caramel x10","p":3.44,"u":"66,15 €/KG","img":"https://fd9-photos.leclercdrive.fr/image.ashx?id=2387049&use=l&cat=p&typeid=i","cat":293241},{"id":186595,"n":"Crème glacée Häagen-Dazs Vanille Caramel Brownie - 541g","p":5.83,"u":"10,78 €/KG","img":"https://fd9-photos.leclercdrive.fr/image.ashx?id=2893426&use=l&cat=p&typeid=i","cat":284725},{"id":186657,"n":"Crème dessert Delisse Chocolat - 6x125g","p":1.42,"u":"1,89 €/KG","img":"https://fd9-photos.leclercdrive.fr/image.ashx?id=2441492&use=l&cat=p&typeid=i","cat":285041},{"id":186659,"n":"Crème dessert Delisse Vanille - 6x125g","p":1.33,"u":"1,77 €/KG","img":"https://fd9-photos.leclercdrive.fr/image.ashx?id=2441498&use=l&cat=p&typeid=i","cat":285041},{"id":186661,"n":"Crème dessert Delisse Caramel - 6x125g","p":1.39,"u":"1,85 €/KG","img":"https://fd9-photos.leclercdrive.fr/image.ashx?id=2441504&use=l&cat=p&typeid=i","cat":285041},{"id":186686,"n":"Déodorant stick Homme Mennen Marine Sans Alcool - 60ml","p":3.17,"u":"52,83 €/L","img":"https://fd9-photos.leclercdrive.fr/image.ashx?id=2869107&use=l&cat=p&typeid=i","cat":284618},{"id":186688,"n":"Déodorant stick Homme Mennen Sans Alcool Anti-Traces - 60ml","p":3.17,"u":"52,83 €/L","img":"https://fd9-photos.leclercdrive.fr/image.ashx?id=2869110&use=l&cat=p&typeid=i","cat":284618},{"id":186777,"n":"Cartouche d'encre Epson 603 Multipack 4 couleurs","p":49.37,"u":"Dont 0,02 € d'éco-part.","img":"https://fd9-photos.leclercdrive.fr/image.ashx?id=2391873&use=l&cat=p&typeid=i","cat":316445},{"id":186853,"n":"Lessive Capsules Tout-en-1 Skip Touche de Cajoline 24 Lavages","p":9.41,"u":"18,49 €/KG","img":"https://fd9-photos.leclercdrive.fr/image.ashx?id=2956688&use=l&cat=p&typeid=i","cat":284641},{"id":186856,"n":"Lessive Capsules Skip Tout-en-1 Extra Détachant x24","p":9.41,"u":"18,49 €/KG","img":"https://fd9-photos.leclercdrive.fr/image.ashx?id=2956691&use=l&cat=p&typeid=i","cat":284641},{"id":186857,"n":"Lessive Capsules Skip Tout-en-1 Cajoline 36 Lavages","p":13.34,"u":"17,48 €/KG","img":"https://fd9-photos.leclercdrive.fr/image.ashx?id=2929239&use=l&cat=p&typeid=i","cat":284641},{"id":186867,"n":"Glaces à l'eau Yeti x12 - 660g","p":3.83,"u":"5,80 €/KG","img":"https://fd9-photos.leclercdrive.fr/image.ashx?id=2733793&use=l&cat=p&typeid=i","cat":285250},{"id":186920,"n":"Tuiles Monster Munch Crazy Original - 150g","p":1.9,"u":"12,67 €/KG","img":"https://fd9-photos.leclercdrive.fr/image.ashx?id=2921735&use=l&cat=p&typeid=i","cat":287899},{"id":186923,"n":"Tuiles Monster Munch  Crazy crème oignon - 150g","p":1.9,"u":"12,67 €/KG","img":"https://fd9-photos.leclercdrive.fr/image.ashx?id=2916881&use=l&cat=p&typeid=i","cat":287899},{"id":186926,"n":"Tuiles Monster Munch Crazy paprika - 150g","p":1.9,"u":"12,67 €/KG","img":"https://fd9-photos.leclercdrive.fr/image.ashx?id=2955339&use=l&cat=p&typeid=i","cat":287899},{"id":186931,"n":"Soin ultra-hydratant Saforelle Le flacon de 500ml","p":11.3,"u":"22,60 €/L","img":"https://fd9-photos.leclercdrive.fr/image.ashx?id=2583434&use=l&cat=p&typeid=i","cat":301348},{"id":187029,"n":"Coton-tiges ouatés Inell Boîte - x300 bâtonnets","p":0.73,"img":"https://fd9-photos.leclercdrive.fr/image.ashx?id=2440784&use=l&cat=p&typeid=i","cat":284636},{"id":187131,"n":"Marrons glacés Frutignac x9 - 155g","p":8.82,"u":"56,90 €/KG","img":"https://fd9-photos.leclercdrive.fr/image.ashx?id=2394243&use=l&cat=p&typeid=i","cat":327603},{"id":187151,"n":"Tasse Pat Patrouille Chase et Stella Chocolat au lait - 34g","p":5.97,"u":"175,59 €/KG","img":"https://fd9-photos.leclercdrive.fr/image.ashx?id=2964081&use=l&cat=p&typeid=i","cat":327789},{"id":187154,"n":"Tasse Frozen Anna et Elsa Chocolat au lait - 34g","p":5.97,"u":"175,59 €/KG","img":"https://fd9-photos.leclercdrive.fr/image.ashx?id=2394282&use=l&cat=p&typeid=i","cat":327789},{"id":187158,"n":"Tasse céramique Spiderman Chocolat au lait  - 34g","p":5.97,"u":"175,59 €/KG","img":"https://fd9-photos.leclercdrive.fr/image.ashx?id=2394288&use=l&cat=p&typeid=i","cat":327789},{"id":187160,"n":"Assortiment Novi pralinés chocolat 250g","p":8.49,"pp":5.6,"u":"22,40 €/KG","img":"https://fd9-photos.leclercdrive.fr/image.ashx?id=2615152&use=l&cat=p&typeid=i","cat":327595},{"id":187161,"n":"Pralinés Gianduiotto Novi 250g","p":8.49,"pp":5.6,"u":"22,40 €/KG","img":"https://fd9-photos.leclercdrive.fr/image.ashx?id=2615164&use=l&cat=p&typeid=i","cat":327595},{"id":187168,"n":"Assortiment Cuadro Novi 250g","p":8.49,"pp":5.6,"u":"22,40 €/KG","img":"https://fd9-photos.leclercdrive.fr/image.ashx?id=2615173&use=l&cat=p&typeid=i","cat":327595},{"id":187176,"n":"After Eight Chocolat Noël Saveur Cerise - 400g","p":8.32,"u":"20,80 €/KG","img":"https://fd9-photos.leclercdrive.fr/image.ashx?id=2394315&use=l&cat=p&typeid=i","cat":327595},{"id":187241,"n":"Savon Le Petit Marseillais  Solide amande douce - 2x100g","p":1.72,"u":"8,60 €/KG","img":"https://fd9-photos.leclercdrive.fr/image.ashx?id=2684203&use=l&cat=p&typeid=i","cat":284597},{"id":187280,"n":"Biscuits Oréo pocket 3x246g","p":6.29,"u":"8,52 €/KG","img":"https://fd9-photos.leclercdrive.fr/image.ashx?id=2601217&use=l&cat=p&typeid=i","cat":284488},{"id":187282,"n":"Biscuits Oreo  3x246g","p":6.5,"u":"8,81 €/KG","img":"https://fd9-photos.leclercdrive.fr/image.ashx?id=2525735&use=l&cat=p&typeid=i","cat":284488},{"id":187287,"n":"Desserts Lactés P'TIT BRASSE Banane pêche 6M+ - 4x90g","p":2.1,"u":"5,83 €/KG","img":"https://fd9-photos.leclercdrive.fr/image.ashx?id=2616252&use=l&cat=p&typeid=i","cat":312392},{"id":187288,"n":"Desserts Lactés P'TIT BRASSE Poire SSA 6M+ - 4x90g","p":2.14,"u":"5,94 €/KG","img":"https://fd9-photos.leclercdrive.fr/image.ashx?id=2593050&use=l&cat=p&typeid=i","cat":312392},{"id":187358,"n":"Bûche Signature Eskiss Façon rocher - 501g","p":5.59,"u":"11,16 €/KG","img":"https://fd9-photos.leclercdrive.fr/image.ashx?id=2974831&use=l&cat=p&typeid=i","cat":284266},{"id":187369,"n":"Escargots de Bourgogne Escal x60 - 336g","p":18.6,"u":"55,36 €/KG","img":"https://fd9-photos.leclercdrive.fr/image.ashx?id=2913241&use=l&cat=p&typeid=i","cat":319775},{"id":187393,"n":"Assortiment chocolats belges Equador - 195g","p":5.15,"u":"26,41 €/KG","img":"https://fd9-photos.leclercdrive.fr/image.ashx?id=3004115&use=l&cat=p&typeid=i","cat":327595},{"id":187394,"n":"Assortiment chocolats belges Equador - 390g","p":9.59,"u":"24,59 €/KG","img":"https://fd9-photos.leclercdrive.fr/image.ashx?id=3004118&use=l&cat=p&typeid=i","cat":327595},{"id":187403,"n":"Feuilletés Jambon Fromage Eco+ x10 - 650g","p":2.63,"u":"4,05 €/KG","img":"https://fd9-photos.leclercdrive.fr/image.ashx?id=2395837&use=l&cat=p&typeid=i","cat":319776},{"id":187405,"n":"Petits pois très fins Notre Jardin - 1kg","p":1.79,"img":"https://fd9-photos.leclercdrive.fr/image.ashx?id=2900166&use=l&cat=p&typeid=i","cat":319805},{"id":187448,"n":"Frites ondulées McCain Côté Burger - 650g","p":2.73,"u":"4,20 €/KG","img":"https://fd9-photos.leclercdrive.fr/image.ashx?id=2920027&use=l&cat=p&typeid=i","cat":319791},{"id":187462,"n":"Préparation Tablier Blanc Moelleux au chocolat - 435g","p":1.97,"u":"4,53 €/KG","img":"https://fd9-photos.leclercdrive.fr/image.ashx?id=2982697&use=l&cat=p&typeid=i","cat":284505},{"id":187470,"n":"Brocolis surgelés Eco+ 900g","p":1.79,"u":"1,99 €/KG","img":"https://fd9-photos.leclercdrive.fr/image.ashx?id=2442109&use=l&cat=p&typeid=i","cat":319805},{"id":187478,"n":"Cordon bleu de poulet Eco+ 200g","p":1.45,"u":"7,25 €/KG","img":"https://fd9-photos.leclercdrive.fr/image.ashx?id=2758294&use=l&cat=p&typeid=i","cat":333683},{"id":187487,"n":"Compote de fruits Materne Multi saveurs - 16x100g","p":6.29,"u":"3,93 €/KG","img":"https://fd9-photos.leclercdrive.fr/image.ashx?id=2721598&use=l&cat=p&typeid=i","cat":284508},{"id":187488,"n":"Compote de fruits Materne Multi saveurs - 16x100g","p":6.19,"u":"3,87 €/KG","img":"https://fd9-photos.leclercdrive.fr/image.ashx?id=2729623&use=l&cat=p&typeid=i","cat":284508},{"id":187547,"n":"Moutarde Fine & Forte AMORA Flacon Souple - 460g","p":2.38,"u":"5,17 €/KG","img":"https://fd9-photos.leclercdrive.fr/image.ashx?id=2877271&use=l&cat=p&typeid=i","cat":288850},{"id":187549,"n":"Sérum antichute et croissance Neoptide Ducray - 2x50ml","p":46.43,"u":"464,30 €/L","img":"https://fd9-photos.leclercdrive.fr/image.ashx?id=2977393&use=l&cat=p&typeid=i","cat":290399},{"id":187671,"n":"Piles alcalines Energizer Max AA/LR6 - x4","p":4.99,"img":"https://fd9-photos.leclercdrive.fr/image.ashx?id=2689073&use=l&cat=p&typeid=i","cat":300572},{"id":187807,"n":"Petits pois carottes d'aucy  Bio - 58cl","p":3.17,"u":"9,32 €/KG","img":"https://fd9-photos.leclercdrive.fr/image.ashx?id=2529789&use=l&cat=p&typeid=i","cat":312607},{"id":187848,"n":"R/c Peach quad 1:20e Dès 6 ans","p":34.4,"u":"Dont 0,22 € d'éco-part.","img":"https://fd9-photos.leclercdrive.fr/image.ashx?id=2415123&use=l&cat=p&typeid=i","cat":334382},{"id":187849,"n":"R/c Yoshi quad 1:20e Dès 6 ans","p":34.4,"u":"Dont 0,22 € d'éco-part.","img":"https://fd9-photos.leclercdrive.fr/image.ashx?id=2415120&use=l&cat=p&typeid=i","cat":334382},{"id":187851,"n":"R/c Mario quad 1:20e Dès 6 ans","p":34.4,"u":"Dont 0,22 € d'éco-part.","img":"https://fd9-photos.leclercdrive.fr/image.ashx?id=2415162&use=l&cat=p&typeid=i","cat":334382},{"id":187879,"n":"Montre-jeu Pat Patrouille Dès 3 ans","p":16.5,"u":"Dont 0,12 € d'éco-part.","img":"https://fd9-photos.leclercdrive.fr/image.ashx?id=2415144&use=l&cat=p&typeid=i","cat":334378},{"id":187898,"n":"Barbie et sa garde robe Dès 3 ans","p":49.9,"img":"https://fd9-photos.leclercdrive.fr/image.ashx?id=2415039&use=l&cat=p&typeid=i","cat":334379},{"id":187906,"n":"Mon cube d'activités - Kidway Dès 1 an","p":9.9,"img":"https://fd9-photos.leclercdrive.fr/image.ashx?id=2412129&use=l&cat=p&typeid=i","cat":334379},{"id":187987,"n":"Déodorant stick Homme Mennen 24H Musk Sans Alcool - 60ml","p":3.17,"u":"52,83 €/L","img":"https://fd9-photos.leclercdrive.fr/image.ashx?id=2869113&use=l&cat=p&typeid=i","cat":284618},{"id":187990,"n":"Lait Corps Réparateur Mixa Peau abîmée desséchée - 300ml","p":4.09,"u":"13,63 €/L","img":"https://fd9-photos.leclercdrive.fr/image.ashx?id=2908186&use=l&cat=p&typeid=i","cat":325349},{"id":187999,"n":"Lait Corps réparateur Mixa Peaux desséchées - 300ml","p":3.65,"u":"12,17 €/L","img":"https://fd9-photos.leclercdrive.fr/image.ashx?id=2402394&use=l&cat=p&typeid=i","cat":325349},{"id":188001,"n":"Gel coiffant Vivelle DOP Fixation Extrême - 190ml","p":3.75,"u":"19,74 €/L","img":"https://fd9-photos.leclercdrive.fr/image.ashx?id=2402403&use=l&cat=p&typeid=i","cat":284609},{"id":188003,"n":"Gel Coiffant Béton Dop Vivelle Fixation 24h - 190ml","p":3.75,"u":"19,74 €/L","img":"https://fd9-photos.leclercdrive.fr/image.ashx?id=2402406&use=l&cat=p&typeid=i","cat":284609},{"id":188013,"n":"Tablette de chocolat Lindt Lait extra fin - 3x100g","p":5.77,"u":"19,23 €/KG","img":"https://fd9-photos.leclercdrive.fr/image.ashx?id=2655853&use=l&cat=p&typeid=i","cat":284497},{"id":188015,"n":"Cœurs de palmier D'aucy  125g","p":4.18,"u":"19,00 €/KG","img":"https://fd9-photos.leclercdrive.fr/image.ashx?id=2401369&use=l&cat=p&typeid=i","cat":312611},{"id":188168,"n":"Féta AOP Salakis Fromage brebis et chèvre - 150g","p":2.8,"u":"18,67 €/KG","img":"https://fd9-photos.leclercdrive.fr/image.ashx?id=2879128&use=l&cat=p&typeid=i","cat":314026},{"id":188173,"n":"Lessive Liquide Skip Fraîcheur Intense 37 Lavages","p":12.41,"u":"7,45 €/L","img":"https://fd9-photos.leclercdrive.fr/image.ashx?id=2662568&use=l&cat=p&typeid=i","cat":284640},{"id":188295,"n":"Jambon Le Bon Paris Herta À l'étouffée x4 - 170g","p":2.06,"u":"12,12 €/KG","img":"https://fd9-photos.leclercdrive.fr/image.ashx?id=2731390&use=l&cat=p&typeid=i","cat":316009},{"id":188296,"n":"Jambon Le Bon Paris Herta À l'étouffée x6 - 255g","p":2.93,"u":"11,49 €/KG","img":"https://fd9-photos.leclercdrive.fr/image.ashx?id=2418720&use=l&cat=p&typeid=i","cat":316009},{"id":188299,"n":"Jambon Le Bon Paris Herta À l'étouffée x10 - 425g","p":4.61,"u":"10,85 €/KG","img":"https://fd9-photos.leclercdrive.fr/image.ashx?id=2757599&use=l&cat=p&typeid=i","cat":316009},{"id":188418,"n":"Ail Eco+ Filet 250g","p":1.99,"u":"7,96 €/KG","img":"https://fd9-photos.leclercdrive.fr/image.ashx?id=2919586&use=l&cat=p&typeid=i","cat":284352},{"id":188808,"n":"Banane Bio Max Havelaar  Bio Village x5","p":1.99,"u":"0,40 €/P","img":"https://fd9-photos.leclercdrive.fr/image.ashx?id=2323988&use=l&cat=p&typeid=i","cat":284356},{"id":189021,"n":"Carotte Bio Bio Village 1kg","p":1.89,"u":"1,89 €/KG","img":"https://fd9-photos.leclercdrive.fr/image.ashx?id=1457160&use=l&cat=p&typeid=i","cat":284352},{"id":189070,"n":"Carottes Eco+ Sachet de 2kg","p":1.89,"u":"0,95 €/KG","img":"https://fd9-photos.leclercdrive.fr/image.ashx?id=2922376&use=l&cat=p&typeid=i","cat":284352},{"id":189480,"n":"Chou frisé 1p","p":1.85,"img":"https://fd9-photos.leclercdrive.fr/image.ashx?id=560851&use=l&cat=p&typeid=i","cat":284352},{"id":189759,"n":"Citrons verts Panier du Primeur 500g","p":1.99,"u":"3,98 €/KG","img":"https://fd9-photos.leclercdrive.fr/image.ashx?id=2373018&use=l&cat=p&typeid=i","cat":284356},{"id":189768,"n":"Citron jaune Eco+  Filet 500g","p":0.99,"u":"1,98 €/KG","img":"https://fd9-photos.leclercdrive.fr/image.ashx?id=2619807&use=l&cat=p&typeid=i","cat":284356},{"id":189924,"n":"Concombre 1p","p":1.69,"img":"https://fd9-photos.leclercdrive.fr/image.ashx?id=1631895&use=l&cat=p&typeid=i","cat":284352},{"id":190274,"n":"Potimarron 1p","p":1.75,"img":"https://fd9-photos.leclercdrive.fr/image.ashx?id=1633196&use=l&cat=p&typeid=i","cat":284352},{"id":190380,"n":"Courgettes Bio Bio Village Filet - 750g","p":3.99,"u":"5,32 €/KG","img":"https://fd9-photos.leclercdrive.fr/image.ashx?id=2625698&use=l&cat=p&typeid=i","cat":284352},{"id":190437,"n":"Echalote traditionnelle filière Panier du Primeur Filet 250g","p":0.99,"u":"3,96 €/KG","img":"https://fd9-photos.leclercdrive.fr/image.ashx?id=2965500&use=l&cat=p&typeid=i","cat":284352},{"id":191748,"n":"Pomme de terre Bio Bio Village Four Potage - 1.5kg","p":2.99,"u":"1,99 €/KG","img":"https://fd9-photos.leclercdrive.fr/image.ashx?id=2959752&use=l&cat=p&typeid=i","cat":284352},{"id":192024,"n":"Pomme de terre filière vapeur  sautées Panier du Primeur - 2kg","p":2.29,"u":"1,15 €/KG","img":"https://fd9-photos.leclercdrive.fr/image.ashx?id=2959644&use=l&cat=p&typeid=i","cat":284352},{"id":192030,"n":"Pomme de terre pour frites Panier du Primeur - 2kg","p":2.29,"u":"1,15 €/KG","img":"https://fd9-photos.leclercdrive.fr/image.ashx?id=2959737&use=l&cat=p&typeid=i","cat":284352},{"id":192618,"n":"Pommes bicolores bio Bio Village Barquette x4","p":1.99,"u":"0,50 €/P","img":"https://fd9-photos.leclercdrive.fr/image.ashx?id=2556538&use=l&cat=p&typeid=i","cat":284356},{"id":192747,"n":"Pommes Bicolores Eco+ Sachet 2kg","p":2.99,"u":"1,50 €/KG","img":"https://fd9-photos.leclercdrive.fr/image.ashx?id=2537872&use=l&cat=p&typeid=i","cat":284356},{"id":193068,"n":"Poivron Bicolore bio Bio Village x2","p":2.79,"u":"1,40 €/P","img":"https://fd9-photos.leclercdrive.fr/image.ashx?id=2960541&use=l&cat=p&typeid=i","cat":284352},{"id":193248,"n":"Poire bio Bio Village Barquette x4","p":2.99,"u":"0,75 €/P","img":"https://fd9-photos.leclercdrive.fr/image.ashx?id=2552002&use=l&cat=p&typeid=i","cat":284356},{"id":193281,"n":"Poires Panier du Primeur Mûre à point Filière x4","p":3.49,"u":"0,87 €/P","img":"https://fd9-photos.leclercdrive.fr/image.ashx?id=2955038&use=l&cat=p&typeid=i","cat":284356},{"id":193554,"n":"Kiwi Panier du Primeur Filière Mûrs à point - x6","p":3.99,"u":"0,67 €/P","img":"https://fd9-photos.leclercdrive.fr/image.ashx?id=2955047&use=l&cat=p&typeid=i","cat":284356},{"id":194064,"n":"Jambon Le Bon Paris Herta  sans nitrite x6 - 210g","p":3.46,"u":"16,48 €/KG","img":"https://fd9-photos.leclercdrive.fr/image.ashx?id=2731396&use=l&cat=p&typeid=i","cat":316009},{"id":194075,"n":"Jambon Le Bon Paris Herta -25%  de sel sans nitrite x4 - 140g","p":2.47,"u":"17,64 €/KG","img":"https://fd9-photos.leclercdrive.fr/image.ashx?id=2910124&use=l&cat=p&typeid=i","cat":316009},{"id":194208,"n":"Coffret 10 vehicules Fast Car Dès 18 mois","p":9.9,"img":"https://fd9-photos.leclercdrive.fr/image.ashx?id=2405542&use=l&cat=p&typeid=i","cat":334382},{"id":194209,"n":"Camion porte voitures - Abrick Dès 18 mois","p":9.9,"img":"https://fd9-photos.leclercdrive.fr/image.ashx?id=2405539&use=l&cat=p&typeid=i","cat":334382},{"id":194296,"n":"Bloc de fromage Leerdammer Le Moelleux - 250g","p":3.68,"u":"14,72 €/KG","img":"https://fd9-photos.leclercdrive.fr/image.ashx?id=2421606&use=l&cat=p&typeid=i","cat":314034},{"id":194298,"n":"Tranches de fromage Leerdammer L'Original - 16 Tranches - 400g","p":4.62,"u":"11,55 €/KG","img":"https://fd9-photos.leclercdrive.fr/image.ashx?id=2489196&use=l&cat=p&typeid=i","cat":314028},{"id":194333,"n":"Soin yeux Vichy Minéral Fortifiant & réparateur - 15ml","p":17.09,"img":"https://fd9-photos.leclercdrive.fr/image.ashx?id=2406043&use=l&cat=p&typeid=i","cat":291172},{"id":194334,"n":"Fluide Capital Soleil Vichy SPF50  - 40ml","p":16.48,"u":"412,00 €/L","img":"https://fd9-photos.leclercdrive.fr/image.ashx?id=3001365&use=l&cat=p&typeid=i","cat":290396},{"id":194347,"n":"Crème regénération cellulaire Avène Hyaluron Activ B3 - 50ml","p":31.89,"u":"637,80 €/L","img":"https://fd9-photos.leclercdrive.fr/image.ashx?id=2733151&use=l&cat=p&typeid=i","cat":291168},{"id":194354,"n":"Crème multi-intensive nuit Avène - 40ml","p":31.98,"u":"799,50 €/L","img":"https://fd9-photos.leclercdrive.fr/image.ashx?id=2968262&use=l&cat=p&typeid=i","cat":291171},{"id":194360,"n":"Anacaps expert chute de cheveux Ducray - x90 gélules","p":28.42,"img":"https://fd9-photos.leclercdrive.fr/image.ashx?id=2556159&use=l&cat=p&typeid=i","cat":301266},{"id":194556,"n":"Pyjamasque Super Chat de combat Dès 3 ans","p":59.9,"u":"Dont 0,26 € d'éco-part.","img":"https://fd9-photos.leclercdrive.fr/image.ashx?id=2407940&use=l&cat=p&typeid=i","cat":334380},{"id":194620,"n":"Trotteur d'activités évolutif Fisher-Price - Dès 6 mois","p":34.9,"u":"Dont 0,25 € d'éco-part.","img":"https://fd9-photos.leclercdrive.fr/image.ashx?id=2429203&use=l&cat=p&typeid=i","cat":334379},{"id":194699,"n":"Lait Corps Nourissant Mixa Effet Soleil - 250ml","p":4.65,"u":"18,60 €/L","img":"https://fd9-photos.leclercdrive.fr/image.ashx?id=2409379&use=l&cat=p&typeid=i","cat":325349},{"id":195960,"n":"Coton-tiges bébé Mots d'Enfants Bio - x60","p":0.65,"u":"0,01 €/P","img":"https://fd9-photos.leclercdrive.fr/image.ashx?id=3015129&use=l&cat=p&typeid=i","cat":284739},{"id":195983,"n":"Liquide vaisselle Excel Paic Dégraissant actif à froid 500ml","p":1.94,"u":"3,88 €/L","img":"https://fd9-photos.leclercdrive.fr/image.ashx?id=2413182&use=l&cat=p&typeid=i","cat":284655},{"id":196114,"n":"Jambon Le Bon Paris Herta À l'étouffé x8 - 280g","p":4.38,"u":"15,64 €/KG","img":"https://fd9-photos.leclercdrive.fr/image.ashx?id=2795036&use=l&cat=p&typeid=i","cat":316009},{"id":196116,"n":"Jambon Le Bon Paris Herta  -25% Sel x6 - 210g","p":2.72,"u":"12,95 €/KG","img":"https://fd9-photos.leclercdrive.fr/image.ashx?id=2707750&use=l&cat=p&typeid=i","cat":316009},{"id":196175,"n":"Capsules Starbucks by Nespresso  House Blend Int 8 - x18","p":6.05,"u":"58,74 €/KG","img":"https://fd9-photos.leclercdrive.fr/image.ashx?id=3009113&use=l&cat=p&typeid=i","cat":284749},{"id":196241,"n":"Jambon supérieur Eco+ Sans couenne 4 tranches - 160g","p":1.4,"u":"8,75 €/KG","img":"https://fd9-photos.leclercdrive.fr/image.ashx?id=2418411&use=l&cat=p&typeid=i","cat":316009},{"id":196266,"n":"Mousse à Raser 0% Alcool Mennen Peaux sensibles - 250ml","p":2.27,"u":"9,08 €/L","img":"https://fd9-photos.leclercdrive.fr/image.ashx?id=2661733&use=l&cat=p&typeid=i","cat":284617},{"id":196267,"n":"Mousse à Raser 0% Alcool Mennen Hypoallergénique - 250ml","p":2.24,"u":"8,96 €/L","img":"https://fd9-photos.leclercdrive.fr/image.ashx?id=2661736&use=l&cat=p&typeid=i","cat":284617},{"id":196271,"n":"Nettoyant Ménager Cif Crème à Récurer 750 ml","p":1.79,"u":"2,39 €/L","img":"https://fd9-photos.leclercdrive.fr/image.ashx?id=2752513&use=l&cat=p&typeid=i","cat":325357},{"id":196278,"n":"Crème à récurer CIF Citron CleanBoost 101 Usages 750ml","p":2.46,"u":"3,28 €/L","img":"https://fd9-photos.leclercdrive.fr/image.ashx?id=2948540&use=l&cat=p&typeid=i","cat":325357},{"id":196280,"n":"Couches Jumbo Biolane Taille 5 - x40","p":17.25,"u":"0,43 €/P","img":"https://fd9-photos.leclercdrive.fr/image.ashx?id=2876527&use=l&cat=p&typeid=i","cat":284737},{"id":196315,"n":"Assortiment Noël Delacre Biscuits tea time - 600g","p":7.34,"u":"12,23 €/KG","img":"https://fd9-photos.leclercdrive.fr/image.ashx?id=2962155&use=l&cat=p&typeid=i","cat":284490},{"id":196319,"n":"Jambon supérieur Eco+ Avec couenne 4 tranches - 160g","p":1.45,"u":"9,06 €/KG","img":"https://fd9-photos.leclercdrive.fr/image.ashx?id=2418405&use=l&cat=p&typeid=i","cat":316009},{"id":196320,"n":"Jambon supérieur Eco+ Avec couenne 6 tranches - 240g","p":2.21,"u":"9,21 €/KG","img":"https://fd9-photos.leclercdrive.fr/image.ashx?id=2418408&use=l&cat=p&typeid=i","cat":316009},{"id":196321,"n":"Jambon supérieur Eco+ Sans couenne 6 tranches - 240g","p":2.11,"u":"8,79 €/KG","img":"https://fd9-photos.leclercdrive.fr/image.ashx?id=2418414&use=l&cat=p&typeid=i","cat":316009},{"id":196353,"n":"Chardons liqueurs  jacquot x4 - 300g","p":8.32,"u":"27,73 €/KG","img":"https://fd9-photos.leclercdrive.fr/image.ashx?id=2416685&use=l&cat=p&typeid=i","cat":327601},{"id":196374,"n":"Bueno eggs kinder Chocolat - 140g","p":5.49,"u":"39,21 €/KG","img":"https://fd9-photos.leclercdrive.fr/image.ashx?id=2764353&use=l&cat=p&typeid=i","cat":327592},{"id":196376,"n":"Mix boite sélection  Kinder Chocolat - 174g","p":6.46,"u":"37,13 €/KG","img":"https://fd9-photos.leclercdrive.fr/image.ashx?id=2799656&use=l&cat=p&typeid=i","cat":327592},{"id":196378,"n":"Boîte chocolats Ferrero Rocher x16 pralines - 200g","p":5.48,"u":"27,40 €/KG","img":"https://fd9-photos.leclercdrive.fr/image.ashx?id=2963841&use=l&cat=p&typeid=i","cat":327600},{"id":196379,"n":"Boîte chocolats Ferrero Rocher x30 pralines - 375g","p":8.61,"u":"22,96 €/KG","img":"https://fd9-photos.leclercdrive.fr/image.ashx?id=2938091&use=l&cat=p&typeid=i","cat":327600},{"id":196380,"n":"Pralines Raffaello Noix de coco amandes x40- 400g","p":11.17,"u":"27,93 €/KG","img":"https://fd9-photos.leclercdrive.fr/image.ashx?id=2945005&use=l&cat=p&typeid=i","cat":327595},{"id":196383,"n":"Assortiment Etoile Delacre Biscuits - 454g","p":11.26,"u":"24,80 €/KG","img":"https://fd9-photos.leclercdrive.fr/image.ashx?id=2946919&use=l&cat=p&typeid=i","cat":284490},{"id":196391,"n":"Fizzy tubo mini canes Accroches sapin - 120g","p":3.95,"u":"32,92 €/KG","img":"https://fd9-photos.leclercdrive.fr/image.ashx?id=2416748&use=l&cat=p&typeid=i","cat":327592},{"id":196452,"n":"Authentique Revillon  Pralinés - 360g","p":9.4,"u":"26,11 €/KG","img":"https://fd9-photos.leclercdrive.fr/image.ashx?id=2662000&use=l&cat=p&typeid=i","cat":327597},{"id":196454,"n":"Authentique Revillon  Noir - 360g","p":8.77,"u":"24,36 €/KG","img":"https://fd9-photos.leclercdrive.fr/image.ashx?id=2661997&use=l&cat=p&typeid=i","cat":327597},{"id":196488,"n":"Authentique Revillon Chocolat  Lait Voie Lactée - 360g","p":8.44,"u":"23,44 €/KG","img":"https://fd9-photos.leclercdrive.fr/image.ashx?id=2662116&use=l&cat=p&typeid=i","cat":327597},{"id":196500,"n":"Authentique Révillon Noir Lait et Blanc - 360g","p":9.4,"u":"26,11 €/KG","img":"https://fd9-photos.leclercdrive.fr/image.ashx?id=2661994&use=l&cat=p&typeid=i","cat":327597},{"id":196566,"n":"Fromage de Chèvre Chavroux Frais Nature - 150g","p":2.07,"u":"13,80 €/KG","img":"https://fd9-photos.leclercdrive.fr/image.ashx?id=2912161&use=l&cat=p&typeid=i","cat":314031},{"id":196619,"n":"Lingettes bébé WaterWipes 99,9% d'eau - Lot 4+1 x60","p":10.52,"u":"0,04 €/P","img":"https://fd9-photos.leclercdrive.fr/image.ashx?id=2419398&use=l&cat=p&typeid=i","cat":290385},{"id":196647,"n":"Spray dégraissant Chanteclair Universel Marseille - 600ml","p":2.45,"u":"4,08 €/L","img":"https://fd9-photos.leclercdrive.fr/image.ashx?id=2419743&use=l&cat=p&typeid=i","cat":325357},{"id":196648,"n":"Spray dégraissant Chanteclair Citron - 600ml","p":2.45,"u":"4,08 €/L","img":"https://fd9-photos.leclercdrive.fr/image.ashx?id=2419746&use=l&cat=p&typeid=i","cat":325357},{"id":196651,"n":"Spray dégraissant Chanteclair Antibactérien - 600ml","p":2.55,"u":"4,25 €/L","img":"https://fd9-photos.leclercdrive.fr/image.ashx?id=2419740&use=l&cat=p&typeid=i","cat":325357},{"id":196685,"n":"Pizza Numero Uno Italpizza Margherita - 410g","p":3.56,"u":"8,68 €/KG","img":"https://fd9-photos.leclercdrive.fr/image.ashx?id=2419752&use=l&cat=p&typeid=i","cat":284256},{"id":196686,"n":"Pizza Numero Uno Italpizza Prosciutto & Funghi - 440g","p":3.67,"u":"8,34 €/KG","img":"https://fd9-photos.leclercdrive.fr/image.ashx?id=2419758&use=l&cat=p&typeid=i","cat":284256},{"id":196687,"n":"Pizza Numero Uno Italpizza 5 Fromaggi - 410g","p":3.38,"u":"8,24 €/KG","img":"https://fd9-photos.leclercdrive.fr/image.ashx?id=2419761&use=l&cat=p&typeid=i","cat":284256},{"id":196965,"n":"Liqueur de menthe Get 27 17,9° - 70cl","p":11.56,"u":"16,51 €/L","img":"https://fd9-photos.leclercdrive.fr/image.ashx?id=2835565&use=l&cat=p&typeid=i","cat":286032},{"id":196989,"n":"Assortiment compotes x Materne  Pomme Poire banane mangue 100g","p":6.19,"u":"3,87 €/KG","img":"https://fd9-photos.leclercdrive.fr/image.ashx?id=2721595&use=l&cat=p&typeid=i","cat":284508},{"id":197110,"n":"AOP Gaillac rouge Seigneur de Gaillac - 75cl","p":4.23,"u":"5,64 €/L","img":"https://fd9-photos.leclercdrive.fr/image.ashx?id=2792570&use=l&cat=p&typeid=i","cat":289556},{"id":197161,"n":"Traîneau chocolat oeuf Kinder Jaune - 75g","p":3.42,"u":"45,60 €/KG","img":"https://fd9-photos.leclercdrive.fr/image.ashx?id=2426809&use=l&cat=p&typeid=i","cat":327592},{"id":197277,"n":"Orange à déguster bio Bio Village Sachet x4","p":3.99,"u":"1,00 €/P","img":"https://fd9-photos.leclercdrive.fr/image.ashx?id=2801061&use=l&cat=p&typeid=i","cat":284356},{"id":197344,"n":"Gros sel de mer Algarve 1kg","p":1.51,"u":"1,51 €/KG","img":"https://fd9-photos.leclercdrive.fr/image.ashx?id=2520129&use=l&cat=p&typeid=i","cat":284457},{"id":197444,"n":"Friandise pour chat Dentalife Chat adulte - Poulet - 140g","p":4.59,"u":"32,79 €/KG","img":"https://fd9-photos.leclercdrive.fr/image.ashx?id=2901127&use=l&cat=p&typeid=i","cat":285285},{"id":197475,"n":"Effilés Chat Junior Purina One Sauce saumon ou poulet - 8x85g","p":3.58,"u":"5,26 €/KG","img":"https://fd9-photos.leclercdrive.fr/image.ashx?id=2899731&use=l&cat=p&typeid=i","cat":285286},{"id":197486,"n":"Soupe en sachets chat Felix Selection de poissons - 6x48g","p":2.16,"u":"7,50 €/KG","img":"https://fd9-photos.leclercdrive.fr/image.ashx?id=2968553&use=l&cat=p&typeid=i","cat":285286},{"id":197713,"n":"Fromage à Tartiner St Môret  Nature - 500g","p":5.44,"u":"10,88 €/KG","img":"https://fd9-photos.leclercdrive.fr/image.ashx?id=2427991&use=l&cat=p&typeid=i","cat":314029},{"id":197909,"n":"Chocolat Peluche mix Kinder Léopard - 133g","p":13.94,"u":"104,81 €/KG","img":"https://fd9-photos.leclercdrive.fr/image.ashx?id=2447850&use=l&cat=p&typeid=i","cat":327789},{"id":197910,"n":"Chocolat Peluche mix Kinder Tigre - 133g","p":13.94,"u":"104,81 €/KG","img":"https://fd9-photos.leclercdrive.fr/image.ashx?id=2447853&use=l&cat=p&typeid=i","cat":327789},{"id":198001,"n":"Tomate cerise Eco+ Barquette 250g","p":0.99,"u":"3,96 €/KG","img":"https://fd9-photos.leclercdrive.fr/image.ashx?id=2968067&use=l&cat=p&typeid=i","cat":284352},{"id":198338,"n":"Confiture Douceur du Verger Fraise intense - 320 g","p":1.42,"u":"4,44 €/KG","img":"https://fd9-photos.leclercdrive.fr/image.ashx?id=2965605&use=l&cat=p&typeid=i","cat":284480},{"id":198623,"n":"Capsules Nescafé Dolce Gusto  Double Espresso - x16","p":5.26,"u":"38,68 €/KG","img":"https://fd9-photos.leclercdrive.fr/image.ashx?id=2687245&use=l&cat=p&typeid=i","cat":293239},{"id":198794,"n":"Protège-slips Doulys Ultra-mince Long - x30","p":1.25,"u":"0,04 €/P","img":"https://fd9-photos.leclercdrive.fr/image.ashx?id=2882343&use=l&cat=p&typeid=i","cat":284625},{"id":198861,"n":"Véritable choucroute garnie Tempé - 1kg","p":9.44,"pp":6.61,"u":"6,61 €/KG","img":"https://fd9-photos.leclercdrive.fr/image.ashx?id=2862323&use=l&cat=p&typeid=i","cat":333666},{"id":198877,"n":"Rasoir Mach 3 Gillette 3 lames -x1","p":10.7,"img":"https://fd9-photos.leclercdrive.fr/image.ashx?id=2971416&use=l&cat=p&typeid=i","cat":284616},{"id":198951,"n":"Rasoir GilletteLabs Barre exfoliante - 3 lames - x1","p":34.35,"img":"https://fd9-photos.leclercdrive.fr/image.ashx?id=2437011&use=l&cat=p&typeid=i","cat":284616},{"id":198959,"n":"Gel désodorisant Uni vert Lavande Eucalyptus","p":1.39,"img":"https://fd9-photos.leclercdrive.fr/image.ashx?id=2478934&use=l&cat=p&typeid=i","cat":311628},{"id":198968,"n":"Bloc wc javel Syphon eau bleue x2 - 100g","p":1.78,"u":"17,80 €/KG","img":"https://fd9-photos.leclercdrive.fr/image.ashx?id=2437005&use=l&cat=p&typeid=i","cat":284662},{"id":198974,"n":"Perles désodorisantes Bien Air Agrumes","p":2.39,"img":"https://fd9-photos.leclercdrive.fr/image.ashx?id=2466892&use=l&cat=p&typeid=i","cat":311628},{"id":199097,"n":"Chocolat Père Noel Kinder 160g","p":5.37,"u":"33,56 €/KG","img":"https://fd9-photos.leclercdrive.fr/image.ashx?id=2764308&use=l&cat=p&typeid=i","cat":327592},{"id":199134,"n":"Moulage chocolat Kinder Père Noel - 110g","p":3.68,"u":"33,45 €/KG","img":"https://fd9-photos.leclercdrive.fr/image.ashx?id=2438108&use=l&cat=p&typeid=i","cat":327592},{"id":199306,"n":"Kiwi jaune Panier du Primeur x4","p":3.49,"u":"0,87 €/P","img":"https://fd9-photos.leclercdrive.fr/image.ashx?id=2928303&use=l&cat=p&typeid=i","cat":284356},{"id":199461,"n":"Chocolat Kinder Surprise x6 oeufs - 6x20g","p":7.5,"u":"62,50 €/KG","img":"https://fd9-photos.leclercdrive.fr/image.ashx?id=2826336&use=l&cat=p&typeid=i","cat":327592},{"id":199552,"n":"Dentifrice Elmex Anti-caries Original - 75ml","p":4.1,"u":"54,67 €/L","img":"https://fd9-photos.leclercdrive.fr/image.ashx?id=2852181&use=l&cat=p&typeid=i","cat":284612},{"id":199553,"n":"Dentifrice Elmex Sensitive Original - 75ml","p":4.22,"u":"56,27 €/L","img":"https://fd9-photos.leclercdrive.fr/image.ashx?id=2738404&use=l&cat=p&typeid=i","cat":284612},{"id":199554,"n":"Dentifrice Elmex Sensitive  Haleine fraîche - 75ml","p":3.76,"u":"50,13 €/L","img":"https://fd9-photos.leclercdrive.fr/image.ashx?id=2738407&use=l&cat=p&typeid=i","cat":284612},{"id":199557,"n":"Dentifrice Elmex Anti-caries Haleine fraîche - 75 ml","p":3.33,"u":"44,40 €/MT","img":"https://fd9-photos.leclercdrive.fr/image.ashx?id=2738419&use=l&cat=p&typeid=i","cat":284612},{"id":199559,"n":"Dentifrice Elmex Sensitive  Blancheur douce - 2x75ml","p":8.92,"u":"59,47 €/MT","img":"https://fd9-photos.leclercdrive.fr/image.ashx?id=2738425&use=l&cat=p&typeid=i","cat":284612},{"id":199598,"n":"Désodorisant diffuseur Airwick  Active Fresh Vanille - 228ml","p":7.09,"u":"31,10 €/L","img":"https://fd9-photos.leclercdrive.fr/image.ashx?id=2864672&use=l&cat=p&typeid=i","cat":311629},{"id":199657,"n":"Jambon cru Aoste 6 tranches + 3 offertes - 150g","p":3.32,"u":"22,13 €/KG","img":"https://fd9-photos.leclercdrive.fr/image.ashx?id=2442659&use=l&cat=p&typeid=i","cat":316007},{"id":200323,"n":"Cassoulet Castelnaudary NRT 420g","p":2.5,"u":"5,95 €/KG","img":"https://fd9-photos.leclercdrive.fr/image.ashx?id=2723264&use=l&cat=p&typeid=i","cat":284440},{"id":200379,"n":"Cassoulet Castelnaud NRT 840g","p":4.31,"u":"5,13 €/KG","img":"https://fd9-photos.leclercdrive.fr/image.ashx?id=2723267&use=l&cat=p&typeid=i","cat":284440},{"id":200470,"n":"Brocoli Eco+ 400g","p":0.99,"u":"2,48 €/KG","img":"https://fd9-photos.leclercdrive.fr/image.ashx?id=2953398&use=l&cat=p&typeid=i","cat":284352},{"id":200648,"n":"Escargot de Bourgogne surgelé L'origine du goût x12 - 110g","p":6.99,"u":"63,55 €/KG","img":"https://fd9-photos.leclercdrive.fr/image.ashx?id=2809885&use=l&cat=p&typeid=i","cat":319775},{"id":200714,"n":"Céréales Lion Nestlé   Triple Crunchy - 550g","p":4.16,"u":"7,56 €/KG","img":"https://fd9-photos.leclercdrive.fr/image.ashx?id=2893538&use=l&cat=p&typeid=i","cat":309513},{"id":200722,"n":"Tasse céramique Captain America Chocolat au lait - 34g","p":5.97,"u":"175,59 €/KG","img":"https://fd9-photos.leclercdrive.fr/image.ashx?id=2451789&use=l&cat=p&typeid=i","cat":327789},{"id":200779,"n":"Nettoyant sol Vigor Désincrustant intense - 1L","p":3.12,"u":"3,12 €/L","img":"https://fd9-photos.leclercdrive.fr/image.ashx?id=2736160&use=l&cat=p&typeid=i","cat":284907},{"id":200805,"n":"Matin Léger de Lactel Sans lactose 1.2%mg - 10x1L","p":16.2,"u":"1,62 €/L","img":"https://fd9-photos.leclercdrive.fr/image.ashx?id=2454250&use=l&cat=p&typeid=i","cat":317169},{"id":200962,"n":"Bloc foie gras canard mi-cuit Maistres Occitans - 1kg","p":27.95,"pp":18.45,"u":"18,45 €/KG","img":"https://fd9-photos.leclercdrive.fr/image.ashx?id=2497406&use=l&cat=p&typeid=i","cat":305148},{"id":201017,"n":"Crêpes dentelles Bretagne NRT 120g","p":1.72,"u":"14,33 €/KG","img":"https://fd9-photos.leclercdrive.fr/image.ashx?id=2622359&use=l&cat=p&typeid=i","cat":284487},{"id":201298,"n":"Fromage enfant La Vache qui rit Original 12P à tartiner - 192g","p":2.47,"u":"12,86 €/KG","img":"https://fd9-photos.leclercdrive.fr/image.ashx?id=2945442&use=l&cat=p&typeid=i","cat":314030},{"id":201300,"n":"Fromage enfant La Vache qui rit Original 32P à tartiner - 512g","p":4.68,"u":"9,14 €/KG","img":"https://fd9-photos.leclercdrive.fr/image.ashx?id=2945448&use=l&cat=p&typeid=i","cat":314030},{"id":201341,"n":"Iceberg Eco+","p":0.99,"img":"https://fd9-photos.leclercdrive.fr/image.ashx?id=2715747&use=l&cat=p&typeid=i","cat":284352},{"id":201342,"n":"Coquilles St Jacques Celtigel À la Bretonne - 4x90g","p":6.9,"u":"1,92 €/KG","img":"https://fd9-photos.leclercdrive.fr/image.ashx?id=2744869&use=l&cat=p&typeid=i","cat":319775},{"id":201353,"n":"Cocktail de fruits rouges Fresh Cueillette - 500g","p":6.96,"u":"13,92 €/KG","img":"https://fd9-photos.leclercdrive.fr/image.ashx?id=2917936&use=l&cat=p&typeid=i","cat":284268},{"id":201455,"n":"Thé vert Boost Yate x20 - 32g","p":1.49,"u":"46,56 €/KG","img":"https://fd9-photos.leclercdrive.fr/image.ashx?id=2897811&use=l&cat=p&typeid=i","cat":293233},{"id":201571,"n":"Viande bovine Bourguignon ** à mijoter - 500g","p":6.79,"u":"13,58 €/KG","img":"https://fd9-photos.leclercdrive.fr/image.ashx?id=2930933&use=l&cat=p&typeid=i","cat":284328},{"id":201572,"n":"Sauté de porc Atelier Boucherie VPF - 500g","p":4.59,"u":"9,18 €/KG","img":"https://fd9-photos.leclercdrive.fr/image.ashx?id=2932707&use=l&cat=p&typeid=i","cat":284331},{"id":201607,"n":"Rasoirs jetables Wilkinson Extra 3 Essentials - x4","p":2.26,"u":"0,57 €/P","img":"https://fd9-photos.leclercdrive.fr/image.ashx?id=2462840&use=l&cat=p&typeid=i","cat":325352},{"id":201688,"n":"Beurre plaquette Eco+ Doux - 60% MG  - 200g","p":1.45,"u":"7,25 €/KG","img":"https://fd9-photos.leclercdrive.fr/image.ashx?id=2462044&use=l&cat=p&typeid=i","cat":284379},{"id":201689,"n":"Café capsules Plantation Lungo -","p":5.15,"u":"33,01 €/KG","img":"https://fd9-photos.leclercdrive.fr/image.ashx?id=2860085&use=l&cat=p&typeid=i","cat":284749},{"id":201692,"n":"Frites Crousti Express Findus Micro-ondes Allumette 2x100g","p":1.66,"u":"8,30 €/KG","img":"https://fd9-photos.leclercdrive.fr/image.ashx?id=2648274&use=l&cat=p&typeid=i","cat":319791},{"id":201702,"n":"Bière Leffe Ruby 5% - 6x25cl","p":5.19,"u":"3,46 €/L","img":"https://fd9-photos.leclercdrive.fr/image.ashx?id=2811581&use=l&cat=p&typeid=i","cat":334878},{"id":201706,"n":"Bière Leffe Ruby 5% - 12x25cl","p":8.92,"u":"2,97 €/L","img":"https://fd9-photos.leclercdrive.fr/image.ashx?id=2813008&use=l&cat=p&typeid=i","cat":334878},{"id":201774,"n":"Sous-vêtements nuit DryNites® Garçons 4-7 ans (17-30 kg) x16","p":11.85,"u":"0,74 €/P","img":"https://fd9-photos.leclercdrive.fr/image.ashx?id=2844727&use=l&cat=p&typeid=i","cat":290633},{"id":201775,"n":"Sous-vêtements nuit DryNites® Garçons 8-13 ans (30-48 kg) x13","p":11.85,"u":"0,91 €/P","img":"https://fd9-photos.leclercdrive.fr/image.ashx?id=2971314&use=l&cat=p&typeid=i","cat":290633},{"id":201776,"n":"Sous-vêtements nuit DryNites® Filles 8-13 ans (30-48 kg) x13","p":11.85,"u":"0,91 €/P","img":"https://fd9-photos.leclercdrive.fr/image.ashx?id=2844736&use=l&cat=p&typeid=i","cat":290633},{"id":201791,"n":"Soupe en sachets chat Felix Sélection de poissons - 6x48g","p":2.07,"u":"7,19 €/KG","img":"https://fd9-photos.leclercdrive.fr/image.ashx?id=2887251&use=l&cat=p&typeid=i","cat":285286},{"id":201792,"n":"Mousseline Purina Gourmet Thon nappé de sauce - 4x57g","p":3.03,"u":"13,29 €/KG","img":"https://fd9-photos.leclercdrive.fr/image.ashx?id=2899722&use=l&cat=p&typeid=i","cat":285601},{"id":201837,"n":"Protège-slips Doulys Ultra-mince normal - x45","p":0.87,"u":"0,02 €/P","img":"https://fd9-photos.leclercdrive.fr/image.ashx?id=2849590&use=l&cat=p&typeid=i","cat":284625},{"id":201840,"n":"Poudre chocolat Ovomaltine 350g","p":4.07,"u":"11,63 €/KG","img":"https://fd9-photos.leclercdrive.fr/image.ashx?id=2465610&use=l&cat=p&typeid=i","cat":293235},{"id":201911,"n":"Liniment BB calendula Weleda 400ml","p":9.04,"u":"22,60 €/L","img":"https://fd9-photos.leclercdrive.fr/image.ashx?id=2654890&use=l&cat=p&typeid=i","cat":290387},{"id":201915,"n":"Protège-slips Doulys Slip ou string - x45","p":1.61,"u":"0,04 €/P","img":"https://fd9-photos.leclercdrive.fr/image.ashx?id=3006178&use=l&cat=p&typeid=i","cat":284625},{"id":201922,"n":"Epices Spigol 100% naturel 5,6g","p":2.45,"u":"4,38 €/KG","img":"https://fd9-photos.leclercdrive.fr/image.ashx?id=2631078&use=l&cat=p&typeid=i","cat":298297},{"id":201934,"n":"Protège-slips Vania Confort Fresh - x56","p":2.25,"img":"https://fd9-photos.leclercdrive.fr/image.ashx?id=2735227&use=l&cat=p&typeid=i","cat":284625},{"id":201935,"n":"Protège-slips Confort Vania  Sans parfum - x56","p":2.25,"u":"0,04 €/P","img":"https://fd9-photos.leclercdrive.fr/image.ashx?id=2735230&use=l&cat=p&typeid=i","cat":284625},{"id":201946,"n":"Gel Douche Le Petit Marseillais Lait de vanille - 650 ml","p":3.26,"u":"5,02 €/L","img":"https://fd9-photos.leclercdrive.fr/image.ashx?id=2674794&use=l&cat=p&typeid=i","cat":284594},{"id":201947,"n":"Gel Douche Le Petit Marseillais Fleur de cerisie - 650ml","p":3.17,"u":"4,88 €/L","img":"https://fd9-photos.leclercdrive.fr/image.ashx?id=2676099&use=l&cat=p&typeid=i","cat":284594},{"id":201950,"n":"Gel Douche Le Petit Marseillais Amande douce - 250ml","p":1.58,"u":"6,32 €/MT","img":"https://fd9-photos.leclercdrive.fr/image.ashx?id=2946592&use=l&cat=p&typeid=i","cat":284594},{"id":201951,"n":"Gel Douche Le Petit Marseillais Lait - 250ml","p":1.75,"u":"7,00 €/MT","img":"https://fd9-photos.leclercdrive.fr/image.ashx?id=2676108&use=l&cat=p&typeid=i","cat":284594},{"id":201952,"n":"Gel Douche Le Petit Marseillais Lait - 650ml","p":3.12,"u":"4,80 €/L","img":"https://fd9-photos.leclercdrive.fr/image.ashx?id=2676111&use=l&cat=p&typeid=i","cat":284594},{"id":201953,"n":"Gel Douche Le Petit Marseillais Pêche nectarine - 250ml","p":1.69,"u":"6,76 €/L","img":"https://fd9-photos.leclercdrive.fr/image.ashx?id=2938761&use=l&cat=p&typeid=i","cat":284594},{"id":201954,"n":"Gel Douche Le Petit Marseillais  Peche nectarine - 650ml","p":3.28,"u":"5,05 €/L","img":"https://fd9-photos.leclercdrive.fr/image.ashx?id=2676114&use=l&cat=p&typeid=i","cat":284594},{"id":201956,"n":"Gel Douche Le Petit Marseillais Verveine citron - 250ml","p":1.7,"u":"6,80 €/MT","img":"https://fd9-photos.leclercdrive.fr/image.ashx?id=2941769&use=l&cat=p&typeid=i","cat":284594},{"id":201957,"n":"Gel douche pamplemousse orange  Le Petit marseillais - 650ml","p":3.28,"u":"5,05 €/L","img":"https://fd9-photos.leclercdrive.fr/image.ashx?id=2676123&use=l&cat=p&typeid=i","cat":284594},{"id":201958,"n":"Baume B5 La Roche Posay Cicaplast- 100ml","p":11.49,"u":"114,90 €/MT","img":"https://fd9-photos.leclercdrive.fr/image.ashx?id=2468386&use=l&cat=p&typeid=i","cat":290421},{"id":201967,"n":"Bière blonde Corona 12x33cl","p":15.02,"u":"3,79 €/L","img":"https://fd9-photos.leclercdrive.fr/image.ashx?id=2544521&use=l&cat=p&typeid=i","cat":334873},{"id":201968,"n":"Bière blonde Corona Extra 4,5% - 6x33cl","p":7.92,"u":"4,00 €/L","img":"https://fd9-photos.leclercdrive.fr/image.ashx?id=2865452&use=l&cat=p&typeid=i","cat":334873},{"id":202054,"n":"Pizza Eco+ 6 fromages x2 - 680g","p":3.41,"u":"5,01 €/KG","img":"https://fd9-photos.leclercdrive.fr/image.ashx?id=2469025&use=l&cat=p&typeid=i","cat":284256},{"id":202066,"n":"Fromage blanc nature Délisse 4x100g","p":0.97,"u":"2,43 €/KG","img":"https://fd9-photos.leclercdrive.fr/image.ashx?id=3012881&use=l&cat=p&typeid=i","cat":284409},{"id":202133,"n":"Salade Batavia verte 1p","p":0.99,"img":"https://fd9-photos.leclercdrive.fr/image.ashx?id=1633577&use=l&cat=p&typeid=i","cat":284352},{"id":202399,"n":"Pur jus de grenade Jardin Bio Bio - 75cl","p":6.37,"u":"8,49 €/L","img":"https://fd9-photos.leclercdrive.fr/image.ashx?id=2471856&use=l&cat=p&typeid=i","cat":284915},{"id":202473,"n":"Dentifrice Colgate  Max White Charbon - 2x75ml","p":6.12,"u":"40,80 €/L","img":"https://fd9-photos.leclercdrive.fr/image.ashx?id=2472492&use=l&cat=p&typeid=i","cat":284612},{"id":202545,"n":"Gel douche Le Petit Marseillais Fleur de Tiare - 250ml","p":1.6,"u":"6,40 €/L","img":"https://fd9-photos.leclercdrive.fr/image.ashx?id=2676093&use=l&cat=p&typeid=i","cat":284594},{"id":202546,"n":"Gel douche Le Petit Marseillais Mandarine - 250ml","p":1.49,"u":"5,96 €/L","img":"https://fd9-photos.leclercdrive.fr/image.ashx?id=2684527&use=l&cat=p&typeid=i","cat":284594},{"id":202549,"n":"Gel douche Le Petit Marseillais Argan et Karité - 250ml","p":1.79,"u":"7,16 €/L","img":"https://fd9-photos.leclercdrive.fr/image.ashx?id=2684539&use=l&cat=p&typeid=i","cat":284594},{"id":202623,"n":"Lentilles blondes Eco  500g","p":0.89,"u":"1,78 €/KG","img":"https://fd9-photos.leclercdrive.fr/image.ashx?id=2474035&use=l&cat=p&typeid=i","cat":284430},{"id":202648,"n":"Bière blonde Jenlain 50 cl","p":1.58,"u":"3,16 €/L","img":"https://fd9-photos.leclercdrive.fr/image.ashx?id=2474383&use=l&cat=p&typeid=i","cat":334853},{"id":202870,"n":"Sucrines bicolores Panier du Primeur x3","p":1.29,"u":"0,43 €/P","img":"https://fd9-photos.leclercdrive.fr/image.ashx?id=2477544&use=l&cat=p&typeid=i","cat":284352},{"id":202871,"n":"Coeur de sucrine  Panier du Primeur x6","p":2.29,"u":"0,76 €/P","img":"https://fd9-photos.leclercdrive.fr/image.ashx?id=2477547&use=l&cat=p&typeid=i","cat":284352},{"id":202882,"n":"Filet de cabillaud MSC Eco+ Sans peau et sans arête - 200g","p":3.97,"u":"19,85 €/KG","img":"https://fd9-photos.leclercdrive.fr/image.ashx?id=2698558&use=l&cat=p&typeid=i","cat":284342},{"id":202888,"n":"Gel douche Adidas Active Start - 250ml","p":1.79,"u":"7,16 €/L","img":"https://fd9-photos.leclercdrive.fr/image.ashx?id=2990805&use=l&cat=p&typeid=i","cat":284619},{"id":202935,"n":"Soin ultra-hydratant Saforelle 100ml","p":2.9,"u":"29,00 €/L","img":"https://fd9-photos.leclercdrive.fr/image.ashx?id=2583431&use=l&cat=p&typeid=i","cat":301348},{"id":202965,"n":"Korma Garbit 300g","p":3.65,"u":"12,17 €/KG","img":"https://fd9-photos.leclercdrive.fr/image.ashx?id=2901917&use=l&cat=p&typeid=i","cat":284953},{"id":203037,"n":"Shampooing Mixa Bébé  Très Doux - 300ml","p":2.37,"u":"7,90 €/L","img":"https://fd9-photos.leclercdrive.fr/image.ashx?id=2479321&use=l&cat=p&typeid=i","cat":284740},{"id":203038,"n":"Shampooing démêlant Mixa Bébé Karité - 300ml","p":2.38,"u":"7,93 €/L","img":"https://fd9-photos.leclercdrive.fr/image.ashx?id=2478640&use=l&cat=p&typeid=i","cat":284740},{"id":203041,"n":"Lait de toilette Mixa Bébé  Très Doux - 300ml","p":2.34,"u":"7,80 €/L","img":"https://fd9-photos.leclercdrive.fr/image.ashx?id=2479324&use=l&cat=p&typeid=i","cat":284741},{"id":203042,"n":"Gel Toilette Intime Extra Doux Intima Natural Hamamélis 200ml","p":3.08,"u":"15,40 €/L","img":"https://fd9-photos.leclercdrive.fr/image.ashx?id=2959871&use=l&cat=p&typeid=i","cat":284627},{"id":203043,"n":"Gel Toilette Intime Régulateur Intima Natural Cranberry 200ml","p":3.09,"u":"15,45 €/L","img":"https://fd9-photos.leclercdrive.fr/image.ashx?id=2959874&use=l&cat=p&typeid=i","cat":284627},{"id":203049,"n":"Recharge Sense & Spray Glade Muguet - 18 ml","p":3.64,"u":"202,22 €/L","img":"https://fd9-photos.leclercdrive.fr/image.ashx?id=2634349&use=l&cat=p&typeid=i","cat":311629},{"id":203050,"n":"Recharge Sense & Spray Glade Ocean Adventure - 18 ml","p":3.81,"u":"211,67 €/L","img":"https://fd9-photos.leclercdrive.fr/image.ashx?id=2634352&use=l&cat=p&typeid=i","cat":311629},{"id":203051,"n":"Recharge Sense & Spray Glade Relaxing Zen - 18 ml","p":3.67,"u":"203,89 €/L","img":"https://fd9-photos.leclercdrive.fr/image.ashx?id=2634355&use=l&cat=p&typeid=i","cat":311629},{"id":203052,"n":"Recharge pour diffuseur Glade  Bois de Santal & Jasmin - 18ml","p":3.51,"u":"195,00 €/L","img":"https://fd9-photos.leclercdrive.fr/image.ashx?id=2634358&use=l&cat=p&typeid=i","cat":311629},{"id":203055,"n":"Diffuseur Automatic Spray Glade Sandalwood & Jasmine - 269 ml","p":9.02,"img":"https://fd9-photos.leclercdrive.fr/image.ashx?id=2866007&use=l&cat=p&typeid=i","cat":311629},{"id":203056,"n":"Recharge Touch & Fresh Glade Marine - 10 ml","p":2.29,"u":"229,00 €/L","img":"https://fd9-photos.leclercdrive.fr/image.ashx?id=2506609&use=l&cat=p&typeid=i","cat":311629},{"id":203057,"n":"Recharge Touch & Fresh Glade Muguet - 10ml","p":2.61,"u":"261,00 €/L","img":"https://fd9-photos.leclercdrive.fr/image.ashx?id=2506612&use=l&cat=p&typeid=i","cat":311629},{"id":203059,"n":"Recharge Touch & Fresh Glade Sandalwood & Jasmine - 10 ml","p":2.61,"u":"261,00 €/L","img":"https://fd9-photos.leclercdrive.fr/image.ashx?id=2914744&use=l&cat=p&typeid=i","cat":311629},{"id":203060,"n":"Diffuseur Touch & Fresh Glade Relaxing Zen - 10 ml","p":4.35,"u":"435,00 €/L","img":"https://fd9-photos.leclercdrive.fr/image.ashx?id=2914753&use=l&cat=p&typeid=i","cat":311629},{"id":203062,"n":"Spray désodorisant Glade  Bois de Santal & Jasmin - 269ml","p":3.33,"u":"12,38 €/L","img":"https://fd9-photos.leclercdrive.fr/image.ashx?id=2864170&use=l&cat=p&typeid=i","cat":311629},{"id":203063,"n":"Gel désodorisant Glade  Longue durée - Muguet - x1","p":1.51,"img":"https://fd9-photos.leclercdrive.fr/image.ashx?id=2479429&use=l&cat=p&typeid=i","cat":311628},{"id":203065,"n":"Crealine H2O Bioderma 500ml","p":9.48,"u":"18,96 €/L","img":"https://fd9-photos.leclercdrive.fr/image.ashx?id=2979944&use=l&cat=p&typeid=i","cat":301587},{"id":203067,"n":"Crealine T.S. H2O Bioderma 500ml","p":9.48,"u":"18,96 €/L","img":"https://fd9-photos.leclercdrive.fr/image.ashx?id=2979947&use=l&cat=p&typeid=i","cat":301587},{"id":203068,"n":"Créaline H2O Bioderma Sans parfum 2x500ml","p":17.09,"u":"17,09 €/L","img":"https://fd9-photos.leclercdrive.fr/image.ashx?id=2956541&use=l&cat=p&typeid=i","cat":301587},{"id":203073,"n":"Crème Ultra Atoderm Nourrissante hydratante - 500ml","p":9.97,"u":"19,94 €/L","img":"https://fd9-photos.leclercdrive.fr/image.ashx?id=2981211&use=l&cat=p&typeid=i","cat":290421},{"id":203089,"n":"Pizza au feu de bois Turini Chèvre et miel - 410g","p":2.65,"u":"6,46 €/KG","img":"https://fd9-photos.leclercdrive.fr/image.ashx?id=2816615&use=l&cat=p&typeid=i","cat":284256},{"id":203203,"n":"Moulage  Kinder Surprise 36g","p":2.17,"u":"60,28 €/KG","img":"https://fd9-photos.leclercdrive.fr/image.ashx?id=2509089&use=l&cat=p&typeid=i","cat":327592},{"id":203206,"n":"Mini oeufs Kinder Bueno Chocolat - 80g","p":3.32,"u":"41,50 €/KG","img":"https://fd9-photos.leclercdrive.fr/image.ashx?id=2866499&use=l&cat=p&typeid=i","cat":327592},{"id":203209,"n":"Petits plaisirs  Ferrero Rocher Chocolat - 126g","p":4.89,"u":"38,81 €/KG","img":"https://fd9-photos.leclercdrive.fr/image.ashx?id=2945008&use=l&cat=p&typeid=i","cat":327600},{"id":203310,"n":"Diffuseur Touch & Fresh Glade Marine - 10 ml","p":3.42,"img":"https://fd9-photos.leclercdrive.fr/image.ashx?id=2914750&use=l&cat=p&typeid=i","cat":311629},{"id":203407,"n":"Chocolat Merveilles du Monde Lait Amandes Noisettes  - 100g","p":2.8,"u":"28,00 €/KG","img":"https://fd9-photos.leclercdrive.fr/image.ashx?id=2663030&use=l&cat=p&typeid=i","cat":284497},{"id":203409,"n":"Chocolat Merveilles du Monde Noir Amandes Noisettes - 100g","p":2.9,"u":"29,00 €/KG","img":"https://fd9-photos.leclercdrive.fr/image.ashx?id=2663033&use=l&cat=p&typeid=i","cat":284497},{"id":203433,"n":"Gel douche Homme Adidas After Sport - 250ml","p":1.68,"u":"6,72 €/L","img":"https://fd9-photos.leclercdrive.fr/image.ashx?id=2990799&use=l&cat=p&typeid=i","cat":284619},{"id":203476,"n":"Mâche Eco+ 125g","p":0.99,"img":"https://fd9-photos.leclercdrive.fr/image.ashx?id=2958305&use=l&cat=p&typeid=i","cat":284352},{"id":203604,"n":"Banane Eco+ x4","p":0.79,"u":"0,20 €/P","img":"https://fd9-photos.leclercdrive.fr/image.ashx?id=2600252&use=l&cat=p&typeid=i","cat":284356},{"id":203821,"n":"Boîte chien Pedigree  Cuisinés en sauce - 6x400g","p":8.19,"u":"3,41 €/KG","img":"https://fd9-photos.leclercdrive.fr/image.ashx?id=2849722&use=l&cat=p&typeid=i","cat":288578},{"id":203822,"n":"Boîte chien Pedigree Cuisinés en sauce - 4x400g","p":5.89,"u":"3,68 €/KG","img":"https://fd9-photos.leclercdrive.fr/image.ashx?id=2849719&use=l&cat=p&typeid=i","cat":288578},{"id":203823,"n":"Sachet fraicheur chat Whiskas Carte mixte en gelée - 48x85g","p":15.52,"u":"3,80 €/KG","img":"https://fd9-photos.leclercdrive.fr/image.ashx?id=2486916&use=l&cat=p&typeid=i","cat":285286},{"id":203824,"n":"Sachet fraicheur chat Whiskas Classiques en sauce - 24x85g","p":10.24,"u":"5,02 €/KG","img":"https://fd9-photos.leclercdrive.fr/image.ashx?id=2486913&use=l&cat=p&typeid=i","cat":285286},{"id":203826,"n":"Sachet fraicheur chat Whiskas Poissons en gelée - 12x85g","p":4.66,"u":"4,57 €/KG","img":"https://fd9-photos.leclercdrive.fr/image.ashx?id=2486910&use=l&cat=p&typeid=i","cat":285286},{"id":203828,"n":"Sachet repas chaton Whiskas Festins volaille gelée - 12x85g","p":5.43,"u":"5,32 €/KG","img":"https://fd9-photos.leclercdrive.fr/image.ashx?id=2487093&use=l&cat=p&typeid=i","cat":285286},{"id":203829,"n":"Gel Douche extra doux Lait Le Petit Marseillais 3x250ml","p":5.25,"u":"7,00 €/L","img":"https://fd9-photos.leclercdrive.fr/image.ashx?id=2487012&use=l&cat=p&typeid=i","cat":284594},{"id":203831,"n":"Gel Douche extra doux Vanille Le Petit Marseillais 3x250ml","p":4.68,"u":"6,24 €/L","img":"https://fd9-photos.leclercdrive.fr/image.ashx?id=2487006&use=l&cat=p&typeid=i","cat":284594},{"id":203833,"n":"Gel Douche extra doux Orange Le Petit Marseillais 3x250ml","p":5.1,"u":"6,80 €/L","img":"https://fd9-photos.leclercdrive.fr/image.ashx?id=2763547&use=l&cat=p&typeid=i","cat":284594},{"id":204057,"n":"Céréales Spécial K Kellogg's Chocolat noir - 500g","p":4.03,"u":"8,06 €/KG","img":"https://fd9-photos.leclercdrive.fr/image.ashx?id=2692710&use=l&cat=p&typeid=i","cat":309512},{"id":204058,"n":"Céréales Special K Kellogg's Chocolat au Lait - 500g","p":4.15,"u":"8,30 €/KG","img":"https://fd9-photos.leclercdrive.fr/image.ashx?id=2692713&use=l&cat=p&typeid=i","cat":309512},{"id":204131,"n":"Nettoyant four Decapfour  Express - 500ml","p":3.3,"u":"6,60 €/L","img":"https://fd9-photos.leclercdrive.fr/image.ashx?id=2489719&use=l&cat=p&typeid=i","cat":325363},{"id":204157,"n":"Pâte feuilletée Herta Trésor de Grand-Mère  280g","p":1.53,"u":"5,46 €/KG","img":"https://fd9-photos.leclercdrive.fr/image.ashx?id=2833303&use=l&cat=p&typeid=i","cat":333681},{"id":204158,"n":"Pâte brisée Herta Trésor de Grand-Mère - 280g","p":1.68,"u":"6,00 €/KG","img":"https://fd9-photos.leclercdrive.fr/image.ashx?id=2833306&use=l&cat=p&typeid=i","cat":333681},{"id":204159,"n":"Pâte à tarte sablée Herta Trésor de Grand-Mère - 280g","p":1.79,"u":"6,39 €/KG","img":"https://fd9-photos.leclercdrive.fr/image.ashx?id=2814536&use=l&cat=p&typeid=i","cat":333681},{"id":204169,"n":"Sachet fraicheur chat Whiskas Festins volaille gelée - 12x85g","p":4.86,"u":"4,76 €/KG","img":"https://fd9-photos.leclercdrive.fr/image.ashx?id=2490329&use=l&cat=p&typeid=i","cat":285286},{"id":204179,"n":"Sachet fraicheur chat Whiskas Tasty Mix en sauce - 40x85g","p":15.48,"u":"4,55 €/KG","img":"https://fd9-photos.leclercdrive.fr/image.ashx?id=2589488&use=l&cat=p&typeid=i","cat":285286},{"id":204181,"n":"Dentifrice Aquafresh Triple Protection - Blancheur- 2x125ml","p":3.52,"u":"14,08 €/L","img":"https://fd9-photos.leclercdrive.fr/image.ashx?id=2895199&use=l&cat=p&typeid=i","cat":284612},{"id":204247,"n":"Protège-slip Vania Confort Multiformes - 1p","p":2.25,"img":"https://fd9-photos.leclercdrive.fr/image.ashx?id=2735224&use=l&cat=p&typeid=i","cat":284625},{"id":204302,"n":"Shampoing nutrition Ultra Doux Lait de coco - 300ml","p":2.73,"u":"9,10 €/L","img":"https://fd9-photos.leclercdrive.fr/image.ashx?id=2492788&use=l&cat=p&typeid=i","cat":284606},{"id":204303,"n":"Shampoing purifiant Ultra Doux Cheveux gras - 300ml","p":2.48,"u":"8,27 €/L","img":"https://fd9-photos.leclercdrive.fr/image.ashx?id=2492791&use=l&cat=p&typeid=i","cat":284606},{"id":204304,"n":"Shampoing Illuminant Ultra Doux Camomille - 300ml","p":2.48,"u":"8,27 €/L","img":"https://fd9-photos.leclercdrive.fr/image.ashx?id=2926596&use=l&cat=p&typeid=i","cat":284606},{"id":204305,"n":"Shampoing nutrition Ultra Doux Argan et camélia - 300ml","p":2.48,"u":"8,27 €/L","img":"https://fd9-photos.leclercdrive.fr/image.ashx?id=2492797&use=l&cat=p&typeid=i","cat":284606},{"id":204306,"n":"Shampoing nutrition Ultra Doux Cheveu Bouclé à Frisé - 300ml","p":2.48,"u":"8,27 €/L","img":"https://fd9-photos.leclercdrive.fr/image.ashx?id=2926599&use=l&cat=p&typeid=i","cat":284606},{"id":204307,"n":"Shampoing Couleur Ultra Doux Cheveux colorés - 300ml","p":2.68,"u":"8,93 €/L","img":"https://fd9-photos.leclercdrive.fr/image.ashx?id=2492803&use=l&cat=p&typeid=i","cat":284606},{"id":204308,"n":"Shampoing Enfants Ultra Doux Abricot - 300ml","p":2.51,"u":"8,37 €/L","img":"https://fd9-photos.leclercdrive.fr/image.ashx?id=2851093&use=l&cat=p&typeid=i","cat":284606},{"id":204310,"n":"Shampoing Hydratant Ultra Doux Cheveux délicats - 300ml","p":2.48,"u":"8,27 €/L","img":"https://fd9-photos.leclercdrive.fr/image.ashx?id=2492812&use=l&cat=p&typeid=i","cat":284606},{"id":204311,"n":"Shampoing doux Ultra Doux Extrait de tilleul - 300ml","p":2.74,"u":"9,13 €/L","img":"https://fd9-photos.leclercdrive.fr/image.ashx?id=2492815&use=l&cat=p&typeid=i","cat":284606},{"id":204313,"n":"Après-shampooing karité Garnier Cheveu bouclé à Frisé - 250ml","p":2.48,"u":"9,92 €/L","img":"https://fd9-photos.leclercdrive.fr/image.ashx?id=2986651&use=l&cat=p&typeid=i","cat":284607},{"id":204314,"n":"Après-shampoing Ultra doux Cheveux fragiles - 250ml","p":2.72,"u":"10,88 €/L","img":"https://fd9-photos.leclercdrive.fr/image.ashx?id=2646569&use=l&cat=p&typeid=i","cat":284607},{"id":204316,"n":"Shampoing réparateur Ultra Doux Cheveux fragiles - 300ml","p":2.68,"u":"8,93 €/L","img":"https://fd9-photos.leclercdrive.fr/image.ashx?id=2646572&use=l&cat=p&typeid=i","cat":284606},{"id":204383,"n":"Mini pizzas Piccolinis Buitoni 3 Formaggi x9 - 270g","p":2.85,"u":"10,56 €/KG","img":"https://fd9-photos.leclercdrive.fr/image.ashx?id=2493649&use=l&cat=p&typeid=i","cat":319774},{"id":204386,"n":"Mini pizzas Piccolinis Buitoni Bolognaise x9 - 270g","p":2.84,"u":"10,52 €/KG","img":"https://fd9-photos.leclercdrive.fr/image.ashx?id=2493655&use=l&cat=p&typeid=i","cat":319774},{"id":204620,"n":"Purée Butternut Patate douce Notre Jardin - 750g","p":3.49,"u":"4,65 €/KG","img":"https://fd9-photos.leclercdrive.fr/image.ashx?id=2856208&use=l&cat=p&typeid=i","cat":319805},{"id":204717,"n":"Soda Schweppes Saveur Agrumes Zero - 1,5L","p":1.69,"u":"1,13 €/L","img":"https://fd9-photos.leclercdrive.fr/image.ashx?id=2852444&use=l&cat=p&typeid=i","cat":284532},{"id":204718,"n":"Soda Schweppes Saveur Agrumes - 1,5L","p":1.63,"u":"1,09 €/L","img":"https://fd9-photos.leclercdrive.fr/image.ashx?id=2852447&use=l&cat=p&typeid=i","cat":284532},{"id":204719,"n":"Soda Schweppes Indian Tonic - 1,5L","p":1.65,"u":"1,10 €/L","img":"https://fd9-photos.leclercdrive.fr/image.ashx?id=2852456&use=l&cat=p&typeid=i","cat":284531},{"id":204731,"n":"Sachet fraîcheur chat Whiskas  Sélection en sauce - 12x85g","p":5.21,"u":"5,11 €/KG","img":"https://fd9-photos.leclercdrive.fr/image.ashx?id=2495764&use=l&cat=p&typeid=i","cat":285286},{"id":204747,"n":"Dentifrice Aquafresh Menthe fraîche - 125ml","p":1.94,"u":"15,52 €/L","img":"https://fd9-photos.leclercdrive.fr/image.ashx?id=2546752&use=l&cat=p&typeid=i","cat":284612},{"id":204748,"n":"Boisson énergisante Red Bull Goût Abricot-Fraise, 250ml","p":1.27,"u":"5,08 €/L","img":"https://fd9-photos.leclercdrive.fr/image.ashx?id=3011995&use=l&cat=p&typeid=i","cat":284533},{"id":204788,"n":"Gnocchi à poêler Lustucru 325g","p":1.4,"u":"4,31 €/KG","img":"https://fd9-photos.leclercdrive.fr/image.ashx?id=2975218&use=l&cat=p&typeid=i","cat":333682},{"id":204789,"n":"Gnocchi à poêler Lustucru 520g","p":1.92,"u":"3,69 €/KG","img":"https://fd9-photos.leclercdrive.fr/image.ashx?id=2792423&use=l&cat=p&typeid=i","cat":333682},{"id":204791,"n":"Gnocchi à poêler Lustucru  Format XXL - 720g","p":2.85,"u":"3,96 €/KG","img":"https://fd9-photos.leclercdrive.fr/image.ashx?id=2788556&use=l&cat=p&typeid=i","cat":333682},{"id":204792,"n":"Girasoli Lustucru Tomate Basilic Mozzarella 250g","p":2.18,"u":"8,72 €/KG","img":"https://fd9-photos.leclercdrive.fr/image.ashx?id=2974363&use=l&cat=p&typeid=i","cat":333682},{"id":204796,"n":"Tortellini Lustucru Jambon cru - 250g","p":2.38,"u":"9,52 €/KG","img":"https://fd9-photos.leclercdrive.fr/image.ashx?id=2974360&use=l&cat=p&typeid=i","cat":333682},{"id":204951,"n":"Thon Sauce Mayonnaise Petit Navire - 140g","p":1.62,"u":"11,57 €/KG","img":"https://fd9-photos.leclercdrive.fr/image.ashx?id=2528292&use=l&cat=p&typeid=i","cat":303867},{"id":205009,"n":"Colin d'Alaska & riz D'Aucy Crème de St Jacques 280g","p":3.8,"u":"13,57 €/KG","img":"https://fd9-photos.leclercdrive.fr/image.ashx?id=2498221&use=l&cat=p&typeid=i","cat":284953},{"id":205232,"n":"Serviettes Always Ultra Normal Plus - T1 - x14","p":2.5,"u":"0,18 €/P","img":"https://fd9-photos.leclercdrive.fr/image.ashx?id=2851321&use=l&cat=p&typeid=i","cat":284624},{"id":205233,"n":"Serviettes Always Ultra Long - T2 - x12","p":2.55,"u":"0,21 €/P","img":"https://fd9-photos.leclercdrive.fr/image.ashx?id=2851324&use=l&cat=p&typeid=i","cat":284624},{"id":205236,"n":"Protège-slip Always Fresh & Protect - Normal - x30","p":1.63,"u":"0,05 €/P","img":"https://fd9-photos.leclercdrive.fr/image.ashx?id=2949070&use=l&cat=p&typeid=i","cat":284625},{"id":205238,"n":"Savon Eco+ Amande douce - 150g","p":0.61,"u":"4,07 €/KG","img":"https://fd9-photos.leclercdrive.fr/image.ashx?id=2499058&use=l&cat=p&typeid=i","cat":284597},{"id":205239,"n":"Nettoyant four Decapfour Confort - 500ml","p":3.57,"u":"7,14 €/L","img":"https://fd9-photos.leclercdrive.fr/image.ashx?id=2499669&use=l&cat=p&typeid=i","cat":325363},{"id":205317,"n":"Après-Shampooing Garnier Cheveux normaux à gras - 200ml","p":2.57,"u":"12,85 €/L","img":"https://fd9-photos.leclercdrive.fr/image.ashx?id=2500174&use=l&cat=p&typeid=i","cat":284607},{"id":205322,"n":"Masque remède Nutrition Garnier Avocat karité - 340ml","p":4.68,"u":"13,76 €/L","img":"https://fd9-photos.leclercdrive.fr/image.ashx?id=2875453&use=l&cat=p&typeid=i","cat":284608},{"id":205327,"n":"Pâte Nocciolata Bio cacao 250g","p":3.48,"u":"13,92 €/KG","img":"https://fd9-photos.leclercdrive.fr/image.ashx?id=2807897&use=l&cat=p&typeid=i","cat":284481},{"id":205344,"n":"Pâte à tartiner Nocciolata  Bio cacao Noisettes - 650g","p":7.13,"u":"10,97 €/KG","img":"https://fd9-photos.leclercdrive.fr/image.ashx?id=2883248&use=l&cat=p&typeid=i","cat":284481},{"id":205347,"n":"Pâte à Nocciolata  Bio Cacao - 250g","p":3.25,"u":"13,00 €/KG","img":"https://fd9-photos.leclercdrive.fr/image.ashx?id=2883251&use=l&cat=p&typeid=i","cat":284481},{"id":205439,"n":"Sirop sans sucre Teisseire  Fraise - 60cl","p":2.99,"u":"4,98 €/L","img":"https://fd9-photos.leclercdrive.fr/image.ashx?id=2500455&use=l&cat=p&typeid=i","cat":295020},{"id":205522,"n":"Shampoing Réparateur Elsève Pro Bond Repair - 200ml","p":5.58,"u":"27,90 €/L","img":"https://fd9-photos.leclercdrive.fr/image.ashx?id=3008779&use=l&cat=p&typeid=i","cat":284606},{"id":205876,"n":"Nettoyant dilué Mr Propre Bicarbonate - 1L","p":2.5,"u":"2,50 €/L","img":"https://fd9-photos.leclercdrive.fr/image.ashx?id=2867842&use=l&cat=p&typeid=i","cat":284907},{"id":205890,"n":"Nettoyant multi-usages Mr Prore - Bergamote - 1L","p":2.81,"u":"2,81 €/L","img":"https://fd9-photos.leclercdrive.fr/image.ashx?id=2889979&use=l&cat=p&typeid=i","cat":284907},{"id":205892,"n":"Nettoyant multi-usages Mr Propre - Savon noir - 1L","p":2.95,"u":"2,95 €/L","img":"https://fd9-photos.leclercdrive.fr/image.ashx?id=2889976&use=l&cat=p&typeid=i","cat":284907},{"id":205934,"n":"Culottes Pampers Premium P Protection - T4 - x31","p":16.39,"u":"0,53 €/P","img":"https://fd9-photos.leclercdrive.fr/image.ashx?id=2670881&use=l&cat=p&typeid=i","cat":290633},{"id":205938,"n":"Couches Pampers Baby-dry Taille 2 - x58","p":16.25,"u":"0,28 €/P","img":"https://fd9-photos.leclercdrive.fr/image.ashx?id=2655151&use=l&cat=p&typeid=i","cat":284737},{"id":205942,"n":"Couches Pampers Baby-dry T3 - x52","p":16.87,"u":"0,32 €/P","img":"https://fd9-photos.leclercdrive.fr/image.ashx?id=2655154&use=l&cat=p&typeid=i","cat":284737},{"id":206033,"n":"Biscuits Mots Doux P'tit Déli Chocolat noisettes - 180g","p":1.89,"u":"10,50 €/KG","img":"https://fd9-photos.leclercdrive.fr/image.ashx?id=2503247&use=l&cat=p&typeid=i","cat":284488},{"id":206122,"n":"Liquide vaisselle Rainett Concentré - Framboise - 500ml","p":1.54,"u":"3,08 €/L","img":"https://fd9-photos.leclercdrive.fr/image.ashx?id=2508792&use=l&cat=p&typeid=i","cat":284655},{"id":206123,"n":"Liquide vaisselle Paic Bi Activ Vinaigre et Sel minéral - 750ml","p":2.78,"u":"3,71 €/L","img":"https://fd9-photos.leclercdrive.fr/image.ashx?id=2508843&use=l&cat=p&typeid=i","cat":284655},{"id":206125,"n":"Riz parfumé  1kg","p":2.29,"u":"2,29 €/KG","img":"https://fd9-photos.leclercdrive.fr/image.ashx?id=2515521&use=l&cat=p&typeid=i","cat":284428},{"id":206126,"n":"Infusion La Tisanière Nuit calme - x20 - 28g","p":2.67,"u":"95,36 €/KG","img":"https://fd9-photos.leclercdrive.fr/image.ashx?id=2907863&use=l&cat=p&typeid=i","cat":293234},{"id":206128,"n":"Pâte à tartiner Nocciolata Bio Praliné Noisettes - 250g","p":3.39,"u":"13,56 €/KG","img":"https://fd9-photos.leclercdrive.fr/image.ashx?id=2883254&use=l&cat=p&typeid=i","cat":284481},{"id":206132,"n":"Infusion La Tisanière Après repas - x20 - 30g","p":2.86,"u":"95,33 €/KG","img":"https://fd9-photos.leclercdrive.fr/image.ashx?id=2843947&use=l&cat=p&typeid=i","cat":293234},{"id":206135,"n":"Infusion La Tisanière Fleur de camomille - x20  - 30g","p":2.75,"u":"91,67 €/KG","img":"https://fd9-photos.leclercdrive.fr/image.ashx?id=2880700&use=l&cat=p&typeid=i","cat":293234},{"id":206136,"n":"Cookies La Biscuiterie Delacre Pépites de chocolat - 136g","p":2.52,"u":"18,53 €/KG","img":"https://fd9-photos.leclercdrive.fr/image.ashx?id=2674086&use=l&cat=p&typeid=i","cat":325066},{"id":206137,"n":"Cookies La Biscuiterie Delacre Chocolat noir lait blanc -136g","p":2.42,"u":"17,79 €/KG","img":"https://fd9-photos.leclercdrive.fr/image.ashx?id=2673151&use=l&cat=p&typeid=i","cat":325066},{"id":206139,"n":"Sirop Teisseire Cassis - 60cl","p":3.3,"u":"5,50 €/L","img":"https://fd9-photos.leclercdrive.fr/image.ashx?id=2508588&use=l&cat=p&typeid=i","cat":295020},{"id":206140,"n":"Sirop concentré Teisseire Citron vert - 60cl","p":3.3,"u":"5,50 €/L","img":"https://fd9-photos.leclercdrive.fr/image.ashx?id=2508591&use=l&cat=p&typeid=i","cat":295020},{"id":206142,"n":"Sirop Teisseire  Fraise - 60cl","p":3.3,"u":"5,50 €/L","img":"https://fd9-photos.leclercdrive.fr/image.ashx?id=2771750&use=l&cat=p&typeid=i","cat":295020},{"id":206143,"n":"Sirop Teisseire  Pêche - 60cl","p":3.3,"u":"5,50 €/L","img":"https://fd9-photos.leclercdrive.fr/image.ashx?id=2508597&use=l&cat=p&typeid=i","cat":295020},{"id":206144,"n":"Boisson concentrée Teisseire A diluer grenadine Zéro - 60cl","p":2.72,"u":"4,53 €/L","img":"https://fd9-photos.leclercdrive.fr/image.ashx?id=2508600&use=l&cat=p&typeid=i","cat":295020},{"id":206147,"n":"Boisson concentrée Teisseire Menthe verte sans sucres - 60cl","p":2.74,"u":"4,57 €/L","img":"https://fd9-photos.leclercdrive.fr/image.ashx?id=2508603&use=l&cat=p&typeid=i","cat":295020},{"id":206149,"n":"Boisson concentrée Teisseire Citron sans sucres - 60cl","p":2.89,"u":"4,82 €/L","img":"https://fd9-photos.leclercdrive.fr/image.ashx?id=2508606&use=l&cat=p&typeid=i","cat":295020},{"id":206154,"n":"Saucisson Herta  Fuet - 180g","p":2.73,"u":"15,17 €/KG","img":"https://fd9-photos.leclercdrive.fr/image.ashx?id=2767648&use=l&cat=p&typeid=i","cat":316006},{"id":206163,"n":"Sirop Teisseire  Menthe verte - 60cl","p":2.25,"u":"3,75 €/L","img":"https://fd9-photos.leclercdrive.fr/image.ashx?id=2772726&use=l&cat=p&typeid=i","cat":295020},{"id":206169,"n":"Sirop Tesseire Citron - 60cl","p":2.25,"u":"3,75 €/L","img":"https://fd9-photos.leclercdrive.fr/image.ashx?id=2771747&use=l&cat=p&typeid=i","cat":295020},{"id":206172,"n":"Biscuits Kinder Tronky fourrés Cacao et au lait  - 90g","p":1.99,"u":"22,11 €/KG","img":"https://fd9-photos.leclercdrive.fr/image.ashx?id=2916462&use=l&cat=p&typeid=i","cat":284488},{"id":206211,"n":"Olives vertes dénoyautées  À la Provençale - 200g","p":2.15,"u":"10,75 €/KG","img":"https://fd9-photos.leclercdrive.fr/image.ashx?id=2647796&use=l&cat=p&typeid=i","cat":316002},{"id":206217,"n":"Gel moussant A-Derma bio Nettoyant purifiant - 400ml","p":11.2,"u":"28,00 €/L","img":"https://fd9-photos.leclercdrive.fr/image.ashx?id=2509481&use=l&cat=p&typeid=i","cat":301587},{"id":206218,"n":"Eau micellaire A-Derma Nettoyante purifiante - 400ML","p":13.62,"u":"34,05 €/L","img":"https://fd9-photos.leclercdrive.fr/image.ashx?id=2509484&use=l&cat=p&typeid=i","cat":301587},{"id":206219,"n":"Lotion cheveux Ducray Creastim Reactiv - Antichute - 60ml","p":40.25,"u":"670,83 €/L","img":"https://fd9-photos.leclercdrive.fr/image.ashx?id=2917453&use=l&cat=p&typeid=i","cat":290399},{"id":206220,"n":"Fluide anti-imperfections A-derma - anti-marques Bio-40ml","p":15.6,"u":"390,00 €/L","img":"https://fd9-photos.leclercdrive.fr/image.ashx?id=2509514&use=l&cat=p&typeid=i","cat":291166},{"id":206221,"n":"Soin matifiant A-Derma anti-imperfecions - 40ml","p":12.69,"u":"317,25 €/L","img":"https://fd9-photos.leclercdrive.fr/image.ashx?id=2509517&use=l&cat=p&typeid=i","cat":291166},{"id":206222,"n":"Fluide anti-tâches Ducray Protecteur SPF50+ - 50ml","p":15.9,"u":"318,00 €/L","img":"https://fd9-photos.leclercdrive.fr/image.ashx?id=2509526&use=l&cat=p&typeid=i","cat":291168},{"id":206223,"n":"Crème anti-tâches Ducray Protectrice SPF50+ - 50ml","p":15.93,"u":"318,60 €/L","img":"https://fd9-photos.leclercdrive.fr/image.ashx?id=2509529&use=l&cat=p&typeid=i","cat":291168},{"id":206224,"n":"Roll-on Aisselles Ducray Anti-transpirant - 40ml","p":9.45,"u":"236,25 €/L","img":"https://fd9-photos.leclercdrive.fr/image.ashx?id=2509532&use=l&cat=p&typeid=i","cat":301593},{"id":206227,"n":"Crème anti-démangeaisons BepanthenSensicalm - 20g","p":5.82,"u":"291,00 €/KG","img":"https://fd9-photos.leclercdrive.fr/image.ashx?id=2508981&use=l&cat=p&typeid=i","cat":290405},{"id":206243,"n":"Lotion nettoyante Avène Tolérance - 400ml","p":10.13,"u":"25,33 €/L","img":"https://fd9-photos.leclercdrive.fr/image.ashx?id=2509469&use=l&cat=p&typeid=i","cat":301587},{"id":206244,"n":"Mousse nettoyante Avène 150ml","p":13.52,"u":"90,13 €/L","img":"https://fd9-photos.leclercdrive.fr/image.ashx?id=2509475&use=l&cat=p&typeid=i","cat":301587},{"id":206245,"n":"Lait démaquillant Avène 200ml","p":13.98,"u":"69,90 €/L","img":"https://fd9-photos.leclercdrive.fr/image.ashx?id=2509478&use=l&cat=p&typeid=i","cat":301587},{"id":206249,"n":"Baume relipidant Eau thermale Avène - XeraCalm - 400ml","p":22.26,"u":"55,65 €/L","img":"https://fd9-photos.leclercdrive.fr/image.ashx?id=2605596&use=l&cat=p&typeid=i","cat":290421},{"id":206250,"n":"Crème relipidante Eau thermale Avène - XeraCalm - 400ml","p":20.29,"u":"50,73 €/L","img":"https://fd9-photos.leclercdrive.fr/image.ashx?id=2625481&use=l&cat=p&typeid=i","cat":290421},{"id":206251,"n":"Crème de douche Eau thermale Avène - XeraCalm - 500ml","p":12.92,"u":"25,84 €/L","img":"https://fd9-photos.leclercdrive.fr/image.ashx?id=2524673&use=l&cat=p&typeid=i","cat":301591},{"id":206253,"n":"Lait hydratant Eau thermale Avène - XeraCalm - 400ml","p":16.83,"u":"42,08 €/L","img":"https://fd9-photos.leclercdrive.fr/image.ashx?id=2509511&use=l&cat=p&typeid=i","cat":290421},{"id":206254,"n":"Sérum concentré Hydratant Avène Hydrance Boost - 30ml","p":23.03,"u":"767,67 €/L","img":"https://fd9-photos.leclercdrive.fr/image.ashx?id=2509520&use=l&cat=p&typeid=i","cat":291171},{"id":206260,"n":"Eau oxygénée Gilbert Stabilisée - 20 volumes - 250ml","p":3.78,"u":"15,12 €/L","img":"https://fd9-photos.leclercdrive.fr/image.ashx?id=2509643&use=l&cat=p&typeid=i","cat":291163},{"id":206261,"n":"Eau oxygénée Gilbert 30 volumes - 250ml","p":3.85,"u":"15,40 €/L","img":"https://fd9-photos.leclercdrive.fr/image.ashx?id=2509646&use=l&cat=p&typeid=i","cat":291163},{"id":206263,"n":"Anti-adhésif Gilbert 125ml","p":3.98,"u":"31,84 €/L","img":"https://fd9-photos.leclercdrive.fr/image.ashx?id=2509652&use=l&cat=p&typeid=i","cat":291163},{"id":206264,"n":"Crème d'eau Uriage Eau Thermale 40ml","p":12.88,"u":"322,00 €/L","img":"https://fd9-photos.leclercdrive.fr/image.ashx?id=2509038&use=l&cat=p&typeid=i","cat":291171},{"id":206274,"n":"Shampooing 2 en 1 Klorane Amande - 400ml","p":9.48,"u":"23,70 €/L","img":"https://fd9-photos.leclercdrive.fr/image.ashx?id=2509472&use=l&cat=p&typeid=i","cat":290400},{"id":206281,"n":"Shampooing sec Klorane Spray - Extra-doux - 150ml","p":8.28,"u":"55,20 €/L","img":"https://fd9-photos.leclercdrive.fr/image.ashx?id=2923879&use=l&cat=p&typeid=i","cat":290400},{"id":206365,"n":"Spray hypertonique Marimer Nez bouché - 100ml","p":3.89,"u":"38,90 €/L","img":"https://fd9-photos.leclercdrive.fr/image.ashx?id=2519174&use=l&cat=p&typeid=i","cat":301256},{"id":206378,"n":"Gelée fraîche démaquillante Uriage - 150ml","p":11.34,"u":"75,60 €/L","img":"https://fd9-photos.leclercdrive.fr/image.ashx?id=2774655&use=l&cat=p&typeid=i","cat":301587},{"id":206379,"n":"Recharge gel lavant Topialyse SVR - 1L","p":6.45,"pp":4.84,"u":"4,84 €/L","img":"https://fd9-photos.leclercdrive.fr/image.ashx?id=2510130&use=l&cat=p&typeid=i","cat":301591},{"id":206380,"n":"Recharge Huile lavante Topyalise SVR - 1L","p":12.98,"pp":9.73,"u":"9,73 €/L","img":"https://fd9-photos.leclercdrive.fr/image.ashx?id=2510133&use=l&cat=p&typeid=i","cat":301591},{"id":206385,"n":"Huile essentielle Puressentiel Ravintsara Bio - 10ml","p":5.6,"u":"560,00 €/L","img":"https://fd9-photos.leclercdrive.fr/image.ashx?id=2510142&use=l&cat=p&typeid=i","cat":298633},{"id":206406,"n":"Euphytose nuit Bayer x15","p":9.69,"img":"https://fd9-photos.leclercdrive.fr/image.ashx?id=2638954&use=l&cat=p&typeid=i","cat":301265},{"id":206414,"n":"Gummies cheveux Forcapil  Croissance - x60","p":11.55,"img":"https://fd9-photos.leclercdrive.fr/image.ashx?id=2939934&use=l&cat=p&typeid=i","cat":301266},{"id":206422,"n":"Arkomag magnésium B6 Arkopharma Nervosité et fatigue - x120","p":6.52,"u":"0,05 €/P","img":"https://fd9-photos.leclercdrive.fr/image.ashx?id=2510936&use=l&cat=p&typeid=i","cat":301264},{"id":206423,"n":"Crème protectrice visage Bébé Calendula - 50ml","p":6.25,"u":"125,00 €/L","img":"https://fd9-photos.leclercdrive.fr/image.ashx?id=2510118&use=l&cat=p&typeid=i","cat":291171},{"id":206424,"n":"1ère huile lavante bébé Uriage 500ml","p":12.65,"u":"25,30 €/L","img":"https://fd9-photos.leclercdrive.fr/image.ashx?id=2510124&use=l&cat=p&typeid=i","cat":290425},{"id":206426,"n":"Gummies sommeil Forté Pharma Forté Nuit - x20","p":11.5,"img":"https://fd9-photos.leclercdrive.fr/image.ashx?id=2510969&use=l&cat=p&typeid=i","cat":301265},{"id":206429,"n":"Compléments alimentaires Luxéol Chute de cheveux - x90 gélules","p":34.26,"u":"0,38 €/P","img":"https://fd9-photos.leclercdrive.fr/image.ashx?id=2805489&use=l&cat=p&typeid=i","cat":301266},{"id":206430,"n":"Gummies Luxéol Cheveux et ongles - x60","p":19.89,"u":"0,33 €/P","img":"https://fd9-photos.leclercdrive.fr/image.ashx?id=2921942&use=l&cat=p&typeid=i","cat":301266},{"id":206434,"n":"Ortis Fruits &Fibres Forte Transit intestinal - 2x12","p":10.85,"pp":7.59,"u":"0,32 €/P","img":"https://fd9-photos.leclercdrive.fr/image.ashx?id=2510166&use=l&cat=p&typeid=i","cat":301268},{"id":206448,"n":"Rhum blanc  La Martiniquaise 40° 20cl","p":3.27,"u":"16,35 €/L","img":"https://fd9-photos.leclercdrive.fr/image.ashx?id=2962242&use=l&cat=p&typeid=i","cat":284550},{"id":206471,"n":"Baume du Tigre Blanc T 19g","p":6.7,"u":"352,63 €/KG","img":"https://fd9-photos.leclercdrive.fr/image.ashx?id=2511104&use=l&cat=p&typeid=i","cat":290421},{"id":206473,"n":"Huile prodigieuse Nuxe  Visage, corps, cheveux - 50ml","p":13.9,"u":"278,00 €/L","img":"https://fd9-photos.leclercdrive.fr/image.ashx?id=2651486&use=l&cat=p&typeid=i","cat":290422},{"id":206474,"n":"Huile relaxante Weleda Lavande - 100ml","p":12.07,"u":"120,70 €/L","img":"https://fd9-photos.leclercdrive.fr/image.ashx?id=2510482&use=l&cat=p&typeid=i","cat":290422},{"id":206530,"n":"Mini Génoises Balconi Chocolat & Lait - 300g","p":1.46,"u":"4,87 €/KG","img":"https://fd9-photos.leclercdrive.fr/image.ashx?id=2964057&use=l&cat=p&typeid=i","cat":284495},{"id":206537,"n":"Cookies La Biscuiterie Delacre Chocolat et noisette - 136g","p":2.69,"u":"19,78 €/KG","img":"https://fd9-photos.leclercdrive.fr/image.ashx?id=2784752&use=l&cat=p&typeid=i","cat":325066},{"id":206538,"n":"Cookies La Biscuiterie Delacre Chocolat noir et lait - 136g","p":2.6,"u":"19,12 €/KG","img":"https://fd9-photos.leclercdrive.fr/image.ashx?id=2661667&use=l&cat=p&typeid=i","cat":325066},{"id":206553,"n":"Serviettes hygiéniques Always Ultra Jour&Nuit Taille 3 - x22","p":4.2,"u":"0,19 €/P","img":"https://fd9-photos.leclercdrive.fr/image.ashx?id=2849433&use=l&cat=p&typeid=i","cat":284624},{"id":206558,"n":"Gummies Luxéol  Pousse des cheveux - x60","p":19.89,"u":"0,33 €/P","img":"https://fd9-photos.leclercdrive.fr/image.ashx?id=2565317&use=l&cat=p&typeid=i","cat":301266},{"id":206559,"n":"Thé Morning Boost Panda Tea Bio - 28 sachets","p":14.35,"pp":10.76,"img":"https://fd9-photos.leclercdrive.fr/image.ashx?id=2540793&use=l&cat=p&typeid=i","cat":301268},{"id":206560,"n":"Thé Night Cleanse Panda Tea Bio - 28 sachets","p":14.41,"pp":10.81,"img":"https://fd9-photos.leclercdrive.fr/image.ashx?id=2540796&use=l&cat=p&typeid=i","cat":301268},{"id":206577,"n":"Crème fluide UHT Président Secret de Crème - 3x20cl","p":3.57,"u":"5,95 €/L","img":"https://fd9-photos.leclercdrive.fr/image.ashx?id=2678999&use=l&cat=p&typeid=i","cat":284381},{"id":206582,"n":"Liquide vaiselle Paic Bi Activ Vinaigre et citron - 750ml","p":2.98,"u":"3,97 €/L","img":"https://fd9-photos.leclercdrive.fr/image.ashx?id=2966797&use=l&cat=p&typeid=i","cat":284655},{"id":206583,"n":"Liquide vaiselle Paic Bi Activ Vinaigre et menthol - 750ml","p":2.94,"u":"3,92 €/L","img":"https://fd9-photos.leclercdrive.fr/image.ashx?id=2512075&use=l&cat=p&typeid=i","cat":284655},{"id":206607,"n":"Rasoir Venus Gillette ComfortGlide Breeze - x1","p":13.67,"img":"https://fd9-photos.leclercdrive.fr/image.ashx?id=2518424&use=l&cat=p&typeid=i","cat":325352},{"id":206612,"n":"Brûleur de graisse Forté Pharma XtraSlim max 24 - 60 comprimés","p":40.19,"img":"https://fd9-photos.leclercdrive.fr/image.ashx?id=2512258&use=l&cat=p&typeid=i","cat":301267},{"id":206613,"n":"Thé glacé Oasis Ice Tea Saveur Framboise Cassis - 1,5L","p":1.82,"u":"1,21 €/L","img":"https://fd9-photos.leclercdrive.fr/image.ashx?id=2681730&use=l&cat=p&typeid=i","cat":295019},{"id":206615,"n":"Boisson aux fruits Oasis Tropical sans sucres - 1,5L","p":2.01,"u":"1,34 €/L","img":"https://fd9-photos.leclercdrive.fr/image.ashx?id=2681739&use=l&cat=p&typeid=i","cat":295018},{"id":206617,"n":"Lessive liquide Arbre Vert Recharge x34 - 1.53L","p":5.64,"u":"3,69 €/L","img":"https://fd9-photos.leclercdrive.fr/image.ashx?id=2680209&use=l&cat=p&typeid=i","cat":284640},{"id":206727,"n":"Bâtonnet Magnum Double Chocolat x4 - 284g","p":2.99,"u":"10,53 €/KG","img":"https://fd9-photos.leclercdrive.fr/image.ashx?id=3009284&use=l&cat=p&typeid=i","cat":284265},{"id":206935,"n":"Thon entier Eco+ 140g","p":1.34,"u":"9,57 €/KG","img":"https://fd9-photos.leclercdrive.fr/image.ashx?id=2517724&use=l&cat=p&typeid=i","cat":303867},{"id":206950,"n":"Gaufrettes P'tit Déli Fourrés - 128g","p":1.59,"u":"12,42 €/KG","img":"https://fd9-photos.leclercdrive.fr/image.ashx?id=2842522&use=l&cat=p&typeid=i","cat":284488},{"id":206963,"n":"Morceaux et coeurs de palmier  250g","p":2.71,"u":"10,84 €/KG","img":"https://fd9-photos.leclercdrive.fr/image.ashx?id=2670365&use=l&cat=p&typeid=i","cat":312611},{"id":206985,"n":"Haché de jambon Fleury Michon À poêler x2 - 190g","p":1.8,"u":"9,47 €/KG","img":"https://fd9-photos.leclercdrive.fr/image.ashx?id=2518649&use=l&cat=p&typeid=i","cat":316009},{"id":207017,"n":"Monster Top Speed Zero 50CL","p":1.67,"u":"3,34 €/L","img":"https://fd9-photos.leclercdrive.fr/image.ashx?id=2861174&use=l&cat=p&typeid=i","cat":284533},{"id":207074,"n":"Vaisselle mains L'Arbre Vert Peaux sensibles - 500ml","p":1.42,"u":"2,84 €/L","img":"https://fd9-photos.leclercdrive.fr/image.ashx?id=2845428&use=l&cat=p&typeid=i","cat":284655},{"id":207075,"n":"Vaisselle Main L'Arbre Vert Amande - 500ml","p":1.39,"u":"2,78 €/L","img":"https://fd9-photos.leclercdrive.fr/image.ashx?id=2845431&use=l&cat=p&typeid=i","cat":284655},{"id":207076,"n":"Recharge Vaisselle mains L'Arbre Vert - Amande - 1L","p":2.58,"u":"2,58 €/L","img":"https://fd9-photos.leclercdrive.fr/image.ashx?id=2849926&use=l&cat=p&typeid=i","cat":284655},{"id":207104,"n":"Culotte Feel Natural  Menstruelle - Taille XL","p":16.49,"pp":9.89,"img":"https://fd9-photos.leclercdrive.fr/image.ashx?id=2795255&use=l&cat=p&typeid=i","cat":284624},{"id":207123,"n":"Crème Solaire Spray Nivea Sun FPS50+ Protect&Hydrate - 200ml","p":8.58,"u":"42,90 €/L","img":"https://fd9-photos.leclercdrive.fr/image.ashx?id=2859746&use=l&cat=p&typeid=i","cat":325355},{"id":207139,"n":"Serviettes hygiéniques Always  Ultra - Secure night - x18","p":4.2,"u":"0,23 €/P","img":"https://fd9-photos.leclercdrive.fr/image.ashx?id=2849436&use=l&cat=p&typeid=i","cat":284624},{"id":207140,"n":"Serviettes hygiéniques Always Ultra - Secure night extra- x16","p":4.35,"u":"0,27 €/P","img":"https://fd9-photos.leclercdrive.fr/image.ashx?id=3000878&use=l&cat=p&typeid=i","cat":284624},{"id":207141,"n":"Préservatifs Durex Nude Extra Fins Peau contre Peau x10","p":8.21,"u":"0,82 €/P","img":"https://fd9-photos.leclercdrive.fr/image.ashx?id=2962017&use=l&cat=p&typeid=i","cat":284631},{"id":207184,"n":"Compotes Pom'Potes Pomme, Pomme brugnon - 96x90g","p":30.99,"u":"3,59 €/KG","img":"https://fd9-photos.leclercdrive.fr/image.ashx?id=2918547&use=l&cat=p&typeid=i","cat":284508},{"id":207198,"n":"Recharge lessive liquide  Rainette Aloe vera - 1.6L","p":5.99,"u":"3,74 €/L","img":"https://fd9-photos.leclercdrive.fr/image.ashx?id=2858684&use=l&cat=p&typeid=i","cat":284640},{"id":207199,"n":"Recharge lessive liquide  Rainett Savon de Marseille 1.6L","p":6.42,"u":"4,01 €/L","img":"https://fd9-photos.leclercdrive.fr/image.ashx?id=2842129&use=l&cat=p&typeid=i","cat":284640},{"id":207220,"n":"Prodigieux lait parfumé Nuxe  Corps sublimateur - 200ml","p":12.25,"u":"61,25 €/L","img":"https://fd9-photos.leclercdrive.fr/image.ashx?id=2651480&use=l&cat=p&typeid=i","cat":290421},{"id":207221,"n":"Crème solaire visage corps Nuxe  Spray SPF50 - 150ml","p":16.3,"u":"108,67 €/L","img":"https://fd9-photos.leclercdrive.fr/image.ashx?id=2988379&use=l&cat=p&typeid=i","cat":290396},{"id":207225,"n":"Crème prodigieuse boost Nuxe  Gel anti-âge - 40ml","p":23.99,"pp":19.19,"u":"479,75 €/L","img":"https://fd9-photos.leclercdrive.fr/image.ashx?id=2583918&use=l&cat=p&typeid=i","cat":290421},{"id":207230,"n":"Crème prodigieuse boost Nuxe  Gel baume yeux anti-âge - 15ml","p":20.79,"pp":16.63,"img":"https://fd9-photos.leclercdrive.fr/image.ashx?id=2583924&use=l&cat=p&typeid=i","cat":291172},{"id":207237,"n":"Rêve de miel baume visage Nuxe  Jour & nuit - 50ml","p":21.77,"u":"435,40 €/L","img":"https://fd9-photos.leclercdrive.fr/image.ashx?id=2651513&use=l&cat=p&typeid=i","cat":291171},{"id":207249,"n":"Dentifrice Oral-B Protège et nettoie - 75ml","p":2.18,"u":"29,07 €/L","img":"https://fd9-photos.leclercdrive.fr/image.ashx?id=2957683&use=l&cat=p&typeid=i","cat":284612},{"id":207262,"n":"Capsules Nescafé Dolce Gusto  Grande - x16","p":4.48,"u":"32,94 €/KG","img":"https://fd9-photos.leclercdrive.fr/image.ashx?id=2964153&use=l&cat=p&typeid=i","cat":293239},{"id":207307,"n":"Culotte Feel Natural Taille S","p":16.49,"pp":9.89,"img":"https://fd9-photos.leclercdrive.fr/image.ashx?id=2795246&use=l&cat=p&typeid=i","cat":284624},{"id":207308,"n":"Cuisse de poulet  1kg","p":4.58,"u":"4,58 €/KG","img":"https://fd9-photos.leclercdrive.fr/image.ashx?id=2524811&use=l&cat=p&typeid=i","cat":284336},{"id":207311,"n":"Culotte Feel Natural Menstruelle - Taille M","p":16.49,"pp":9.89,"img":"https://fd9-photos.leclercdrive.fr/image.ashx?id=2795249&use=l&cat=p&typeid=i","cat":284624},{"id":207326,"n":"Super sérum anti-âge Nuxe  Concentré universel - 30ml","p":59.45,"img":"https://fd9-photos.leclercdrive.fr/image.ashx?id=2827308&use=l&cat=p&typeid=i","cat":291168},{"id":207327,"n":"Merveillance lift Nuxe  Crème anti-âge yeux - 15ml","p":29.45,"img":"https://fd9-photos.leclercdrive.fr/image.ashx?id=2540610&use=l&cat=p&typeid=i","cat":291172},{"id":207329,"n":"Merveillance lift Nuxe  Crème anti-âge velours - 50ml","p":33.99,"u":"679,80 €/L","img":"https://fd9-photos.leclercdrive.fr/image.ashx?id=2542342&use=l&cat=p&typeid=i","cat":291168},{"id":207330,"n":"Rêve de thé lait corps Nuxe  Hydratant 24h - 400ml","p":19.15,"u":"47,88 €/L","img":"https://fd9-photos.leclercdrive.fr/image.ashx?id=2651531&use=l&cat=p&typeid=i","cat":290421},{"id":207331,"n":"Huile solaire capillaire Nuxe  Brume - 100ml","p":12.7,"u":"127,00 €/L","img":"https://fd9-photos.leclercdrive.fr/image.ashx?id=2651534&use=l&cat=p&typeid=i","cat":290399},{"id":207332,"n":"Rêve de miel soin lèvres Nuxe  10ml","p":12.49,"img":"https://fd9-photos.leclercdrive.fr/image.ashx?id=2651546&use=l&cat=p&typeid=i","cat":291172},{"id":207333,"n":"Crème solaire visage corps Nuxe  Lait SPF50 - 150ml","p":18.31,"u":"122,07 €/L","img":"https://fd9-photos.leclercdrive.fr/image.ashx?id=2901941&use=l&cat=p&typeid=i","cat":290396},{"id":207336,"n":"Crème solaire visage corps Nuxe  Spray SPF30 - 150ml","p":18.89,"u":"125,93 €/L","img":"https://fd9-photos.leclercdrive.fr/image.ashx?id=2651558&use=l&cat=p&typeid=i","cat":290396},{"id":207337,"n":"Rêve de miel gel visage Nuxe  Nettoyant démaquillant - 200ml","p":9.2,"u":"46,00 €/L","img":"https://fd9-photos.leclercdrive.fr/image.ashx?id=2651456&use=l&cat=p&typeid=i","cat":301587},{"id":207338,"n":"Nuxe men gel visage homme Nuxe  Multi-fonctions - 50ml","p":19.8,"pp":15.84,"u":"316,80 €/L","img":"https://fd9-photos.leclercdrive.fr/image.ashx?id=2652224&use=l&cat=p&typeid=i","cat":291167},{"id":207339,"n":"Crème solaire visage Nuxe  Délicieuse SPF30 - 50ml","p":14.29,"u":"285,80 €/L","img":"https://fd9-photos.leclercdrive.fr/image.ashx?id=2651462&use=l&cat=p&typeid=i","cat":290396},{"id":207401,"n":"Adoucissant Soupline  Éclat de Fraîcheur - 28p","p":5.91,"u":"0,21 €/P","img":"https://fd9-photos.leclercdrive.fr/image.ashx?id=2583509&use=l&cat=p&typeid=i","cat":284650},{"id":207402,"n":"Adoucissant Soupline  Hypoallergénique - 28p","p":6.17,"u":"0,22 €/P","img":"https://fd9-photos.leclercdrive.fr/image.ashx?id=2818827&use=l&cat=p&typeid=i","cat":284650},{"id":207452,"n":"Dosettes Café Carte Noire  Arabica Décaféiné n5 x36 - 250g","p":6.46,"u":"25,84 €/KG","img":"https://fd9-photos.leclercdrive.fr/image.ashx?id=2980127&use=l&cat=p&typeid=i","cat":293238},{"id":207467,"n":"Moutarde Forte Amora 430g","p":1.5,"u":"3,49 €/KG","img":"https://fd9-photos.leclercdrive.fr/image.ashx?id=2526079&use=l&cat=p&typeid=i","cat":288850},{"id":207469,"n":"Moutarde Forte Amora 185g","p":1.56,"u":"8,43 €/KG","img":"https://fd9-photos.leclercdrive.fr/image.ashx?id=2526082&use=l&cat=p&typeid=i","cat":288850},{"id":207471,"n":"Moutarde Mi-forte Amora 415g","p":1.53,"u":"3,69 €/KG","img":"https://fd9-photos.leclercdrive.fr/image.ashx?id=2993176&use=l&cat=p&typeid=i","cat":288850},{"id":207476,"n":"Moutarde de Dijon Fine MAILLE L'Original Bocal - 360g","p":1.47,"u":"4,08 €/KG","img":"https://fd9-photos.leclercdrive.fr/image.ashx?id=2945841&use=l&cat=p&typeid=i","cat":288850},{"id":207478,"n":"Moutarde à l'Ancienne MAILLE Bocal - 360g","p":2.35,"u":"6,53 €/KG","img":"https://fd9-photos.leclercdrive.fr/image.ashx?id=2664307&use=l&cat=p&typeid=i","cat":288850},{"id":207528,"n":"Lessive liquide L'Arbre Vert Peaux sensibles - x34 - 1.53L","p":6.78,"u":"4,43 €/L","img":"https://fd9-photos.leclercdrive.fr/image.ashx?id=3008536&use=l&cat=p&typeid=i","cat":284640},{"id":207529,"n":"Recharge lessive L'Arbre Vert Peaux sensibles - x34 - 1.53L","p":6.5,"u":"4,25 €/L","img":"https://fd9-photos.leclercdrive.fr/image.ashx?id=2680212&use=l&cat=p&typeid=i","cat":284640},{"id":207530,"n":"Vaisselle mains L'Arbre Vert Peaux sensibles - 750ml","p":1.73,"u":"2,31 €/L","img":"https://fd9-photos.leclercdrive.fr/image.ashx?id=2850575&use=l&cat=p&typeid=i","cat":284655},{"id":207531,"n":"Serviettes hygiéniques Always Ultra - Normal - x30","p":4.01,"img":"https://fd9-photos.leclercdrive.fr/image.ashx?id=2846496&use=l&cat=p&typeid=i","cat":284624},{"id":207533,"n":"Préservatifs Durex Feeling  Extra Fins Extra Lubrifiés x12","p":6.3,"img":"https://fd9-photos.leclercdrive.fr/image.ashx?id=2962014&use=l&cat=p&typeid=i","cat":284631},{"id":207536,"n":"Préservatifs Durex Nude Sans Latex Extra Lubrifié x10","p":6.96,"img":"https://fd9-photos.leclercdrive.fr/image.ashx?id=2730478&use=l&cat=p&typeid=i","cat":284631},{"id":207537,"n":"Culotte dentelle Menstruelle - Taille L","p":16.49,"pp":9.89,"img":"https://fd9-photos.leclercdrive.fr/image.ashx?id=2795252&use=l&cat=p&typeid=i","cat":284624},{"id":207551,"n":"Dentifrice Naturals Aquafresh Blancheur charbon - 75ml","p":1.74,"u":"23,20 €/L","img":"https://fd9-photos.leclercdrive.fr/image.ashx?id=2527079&use=l&cat=p&typeid=i","cat":284612},{"id":207559,"n":"Préservatifs Durex Pleasure me Perlés et Nervurés x12","p":7.0,"u":"0,58 €/P","img":"https://fd9-photos.leclercdrive.fr/image.ashx?id=2730466&use=l&cat=p&typeid=i","cat":284631},{"id":207574,"n":"Graisse de canard Maistres Occitans - 320g","p":3.28,"u":"10,25 €/KG","img":"https://fd9-photos.leclercdrive.fr/image.ashx?id=2528753&use=l&cat=p&typeid=i","cat":284339},{"id":207609,"n":"Masque reconstituant Ultra doux Cheveu fragile cassant - 340ml","p":4.69,"u":"13,79 €/L","img":"https://fd9-photos.leclercdrive.fr/image.ashx?id=2646924&use=l&cat=p&typeid=i","cat":284608},{"id":207627,"n":"ST MARC Pistolet Antibactérien - 750ml","p":1.9,"u":"2,53 €/L","img":"https://fd9-photos.leclercdrive.fr/image.ashx?id=2528054&use=l&cat=p&typeid=i","cat":325357},{"id":207628,"n":"Spray Détachant Vanish  Format Familial - 940ml","p":5.84,"u":"6,21 €/L","img":"https://fd9-photos.leclercdrive.fr/image.ashx?id=2878105&use=l&cat=p&typeid=i","cat":284651},{"id":208153,"n":"Crème solaire visage Nuxe  Fondante SPF50 - 50ml","p":12.55,"u":"251,00 €/L","img":"https://fd9-photos.leclercdrive.fr/image.ashx?id=2901938&use=l&cat=p&typeid=i","cat":290396},{"id":208154,"n":"Huile prodigieuse or Nuxe  Visage, corps, cheveux - 100ml","p":25.89,"u":"258,90 €/L","img":"https://fd9-photos.leclercdrive.fr/image.ashx?id=2651489&use=l&cat=p&typeid=i","cat":290422},{"id":208155,"n":"Huile prodigieuse or Nuxe  Visage, corps, cheveux - 50ml","p":18.51,"u":"370,20 €/L","img":"https://fd9-photos.leclercdrive.fr/image.ashx?id=2651492&use=l&cat=p&typeid=i","cat":290422},{"id":208156,"n":"Eau délicieuse parfumante Nuxe  Parfum solaire - 100ml","p":22.63,"u":"226,30 €/L","img":"https://fd9-photos.leclercdrive.fr/image.ashx?id=2652230&use=l&cat=p&typeid=i","cat":290422},{"id":208158,"n":"Crème prodigieuse boost Nuxe  Huile anti-âge nuit - 50ml","p":24.89,"pp":19.91,"u":"398,20 €/L","img":"https://fd9-photos.leclercdrive.fr/image.ashx?id=2583921&use=l&cat=p&typeid=i","cat":291171},{"id":208168,"n":"Huile prodigieuse florale Nuxe  Visage, corps, cheveux - 100ml","p":24.52,"u":"245,20 €/L","img":"https://fd9-photos.leclercdrive.fr/image.ashx?id=2651510&use=l&cat=p&typeid=i","cat":290422},{"id":208170,"n":"Rêve de thé gel douche Nuxe  Gelée ressourçante - 200ml","p":6.56,"u":"32,80 €/L","img":"https://fd9-photos.leclercdrive.fr/image.ashx?id=2840904&use=l&cat=p&typeid=i","cat":301591},{"id":208172,"n":"Crème solaire visage Nuxe  Fluide léger SPF50 - 50ml","p":14.51,"u":"290,20 €/L","img":"https://fd9-photos.leclercdrive.fr/image.ashx?id=2651525&use=l&cat=p&typeid=i","cat":290396},{"id":208173,"n":"Merveillance lift Nuxe Crème anti-âge nuit - 50ml","p":34.0,"u":"680,00 €/L","img":"https://fd9-photos.leclercdrive.fr/image.ashx?id=2542345&use=l&cat=p&typeid=i","cat":291168},{"id":208174,"n":"Merveillance lift Nuxe  Crème anti-âge poudrée - 50ml","p":34.0,"u":"680,00 €/L","img":"https://fd9-photos.leclercdrive.fr/image.ashx?id=2542348&use=l&cat=p&typeid=i","cat":291168},{"id":208176,"n":"Crème fraîche de beauté Nuxe  Crème hydratante - 50ml","p":23.27,"pp":16.29,"u":"325,80 €/L","img":"https://fd9-photos.leclercdrive.fr/image.ashx?id=2651549&use=l&cat=p&typeid=i","cat":291171},{"id":208186,"n":"Crème fraîche de beauté Nuxe  Crème riche hydratante - 50ml","p":19.39,"pp":13.57,"u":"271,40 €/L","img":"https://fd9-photos.leclercdrive.fr/image.ashx?id=2540625&use=l&cat=p&typeid=i","cat":291171},{"id":208189,"n":"Complément alimentaire Ducray Anacaps Réactiv - 3mois - x90","p":25.9,"img":"https://fd9-photos.leclercdrive.fr/image.ashx?id=2528735&use=l&cat=p&typeid=i","cat":301266},{"id":208421,"n":"Infusion fruits rouges Elephant Touche de menthe - 40g","p":2.8,"u":"70,00 €/KG","img":"https://fd9-photos.leclercdrive.fr/image.ashx?id=2813104&use=l&cat=p&typeid=i","cat":293234},{"id":208426,"n":"Infusion Eléphant Tilleul Citron  - x20 - 28g","p":2.86,"u":"102,14 €/KG","img":"https://fd9-photos.leclercdrive.fr/image.ashx?id=2530284&use=l&cat=p&typeid=i","cat":293234},{"id":208484,"n":"Chips paysanne Lay's Saveur Oignon de Roscoff - 120g","p":1.47,"u":"12,25 €/KG","img":"https://fd9-photos.leclercdrive.fr/image.ashx?id=2810777&use=l&cat=p&typeid=i","cat":284447},{"id":208636,"n":"Purée Mousline Crème et noix de muscade - 500g","p":2.91,"u":"5,82 €/KG","img":"https://fd9-photos.leclercdrive.fr/image.ashx?id=3011728&use=l&cat=p&typeid=i","cat":284431},{"id":208638,"n":"Purée Mousline x3 sachets - 195g","p":1.27,"u":"6,51 €/KG","img":"https://fd9-photos.leclercdrive.fr/image.ashx?id=3004414&use=l&cat=p&typeid=i","cat":284431},{"id":208642,"n":"Purée Mousline x4 - 520g","p":2.39,"u":"4,60 €/KG","img":"https://fd9-photos.leclercdrive.fr/image.ashx?id=3011734&use=l&cat=p&typeid=i","cat":284431},{"id":208651,"n":"Purée Mousline  x8 - 1.04 kg","p":4.44,"u":"4,27 €/KG","img":"https://fd9-photos.leclercdrive.fr/image.ashx?id=2986780&use=l&cat=p&typeid=i","cat":284431},{"id":208658,"n":"Biscuit P'tit Deli Chocolat lait blanc - 150g","p":1.75,"u":"11,67 €/KG","img":"https://fd9-photos.leclercdrive.fr/image.ashx?id=2531316&use=l&cat=p&typeid=i","cat":284488},{"id":208747,"n":"Café en grains L'OR Brésil 100% Arabica N° 5 900g","p":18.05,"u":"20,06 €/KG","img":"https://fd9-photos.leclercdrive.fr/image.ashx?id=2851348&use=l&cat=p&typeid=i","cat":293237},{"id":208749,"n":"Riz long grain 10 min Lustucru  x5 - 900g","p":2.05,"u":"2,28 €/KG","img":"https://fd9-photos.leclercdrive.fr/image.ashx?id=2963739&use=l&cat=p&typeid=i","cat":284428},{"id":208751,"n":"Riz long grain 10 min Lustucru x5 - 450g","p":1.46,"u":"3,24 €/KG","img":"https://fd9-photos.leclercdrive.fr/image.ashx?id=2955830&use=l&cat=p&typeid=i","cat":284428},{"id":208759,"n":"Purée Mousline  Presse purée - 375g","p":2.77,"u":"7,39 €/KG","img":"https://fd9-photos.leclercdrive.fr/image.ashx?id=2940117&use=l&cat=p&typeid=i","cat":284431},{"id":208761,"n":"Purée Mousline x4 - 125g","p":1.16,"u":"9,28 €/KG","img":"https://fd9-photos.leclercdrive.fr/image.ashx?id=2940126&use=l&cat=p&typeid=i","cat":284431},{"id":208763,"n":"Dentifrice Colgate Max Fresh Cristaux fraicheur - 75ml","p":1.84,"u":"24,53 €/L","img":"https://fd9-photos.leclercdrive.fr/image.ashx?id=2957311&use=l&cat=p&typeid=i","cat":284612},{"id":208775,"n":"Gel douche Tahiti Citron et Huile de coco - 250ml","p":1.93,"u":"7,72 €/L","img":"https://fd9-photos.leclercdrive.fr/image.ashx?id=2533127&use=l&cat=p&typeid=i","cat":284594},{"id":208776,"n":"Gel douche Tahiti Vanille et huile de coco 250ml","p":2.34,"u":"9,36 €/L","img":"https://fd9-photos.leclercdrive.fr/image.ashx?id=2533130&use=l&cat=p&typeid=i","cat":284594},{"id":208788,"n":"Thé glacé Lipton Ice Tea Pêche  Sans sucres bouteille de 1.25L","p":1.56,"u":"1,25 €/L","img":"https://fd9-photos.leclercdrive.fr/image.ashx?id=2731570&use=l&cat=p&typeid=i","cat":295019},{"id":208791,"n":"Crevette du pacifique Costa 270g","p":8.9,"u":"32,96 €/KG","img":"https://fd9-photos.leclercdrive.fr/image.ashx?id=2533943&use=l&cat=p&typeid=i","cat":319787},{"id":208806,"n":"Grilletine blé complet Pasquier Sans sucre ajouté - 255g","p":2.35,"u":"9,22 €/KG","img":"https://fd9-photos.leclercdrive.fr/image.ashx?id=2533559&use=l&cat=p&typeid=i","cat":284479},{"id":208856,"n":"Dentifrice Colgate Tonigencyl Expert - 75ml","p":1.94,"u":"25,87 €/L","img":"https://fd9-photos.leclercdrive.fr/image.ashx?id=2859992&use=l&cat=p&typeid=i","cat":284612},{"id":208865,"n":"Spray nasal Prorhinel Aloe Vera - Enfant/Adulte 100ml","p":5.79,"u":"57,90 €/L","img":"https://fd9-photos.leclercdrive.fr/image.ashx?id=2917861&use=l&cat=p&typeid=i","cat":284630},{"id":208867,"n":"Serum physiologique Prorhinel 30x5ml","p":3.28,"u":"21,87 €/L","img":"https://fd9-photos.leclercdrive.fr/image.ashx?id=2878303&use=l&cat=p&typeid=i","cat":284741},{"id":208937,"n":"Barre protéinée Joyfuel Cookie Dough 55g","p":2.59,"u":"47,09 €/KG","img":"https://fd9-photos.leclercdrive.fr/image.ashx?id=2662057&use=l&cat=p&typeid=i","cat":318652},{"id":209060,"n":"Chips nature Lay's Sel - 6x25g","p":2.02,"u":"13,47 €/KG","img":"https://fd9-photos.leclercdrive.fr/image.ashx?id=3011143&use=l&cat=p&typeid=i","cat":284447},{"id":209064,"n":"Céréales bébé BABICAO Cacao 10M+ - 400g","p":3.48,"u":"8,70 €/KG","img":"https://fd9-photos.leclercdrive.fr/image.ashx?id=2537294&use=l&cat=p&typeid=i","cat":312225},{"id":209074,"n":"Gel acccélérateur Cicaplast La Roche-Posay - 40ml","p":7.49,"u":"187,25 €/L","img":"https://fd9-photos.leclercdrive.fr/image.ashx?id=2537071&use=l&cat=p&typeid=i","cat":290405},{"id":209094,"n":"Adoucissant Soupline Concentré Mandarine Vanille x60 - 1.28ml","p":6.0,"u":"4,69 €/L","img":"https://fd9-photos.leclercdrive.fr/image.ashx?id=2832572&use=l&cat=p&typeid=i","cat":284650},{"id":209113,"n":"Pâtes Collezione Barilla Farfalle Generose - 500g","p":1.58,"u":"3,16 €/KG","img":"https://fd9-photos.leclercdrive.fr/image.ashx?id=2654122&use=l&cat=p&typeid=i","cat":284427},{"id":209137,"n":"Blanc de poulet Tradilège Doré au four - 240g","p":1.97,"u":"8,21 €/KG","img":"https://fd9-photos.leclercdrive.fr/image.ashx?id=2925759&use=l&cat=p&typeid=i","cat":316010},{"id":209154,"n":"Compotes Pom'Potes  Assortiment x64 - 5.76kg","p":28.39,"pp":19.87,"u":"3,45 €/KG","img":"https://fd9-photos.leclercdrive.fr/image.ashx?id=2977261&use=l&cat=p&typeid=i","cat":284508},{"id":209156,"n":"Capsules lave-vaisselle Finish  Ultimate Plus Citron - x25","p":7.22,"u":"23,67 €/KG","img":"https://fd9-photos.leclercdrive.fr/image.ashx?id=2735554&use=l&cat=p&typeid=i","cat":284656},{"id":209161,"n":"Capsules lave-vaisselle Finish  Ultimate Citron - x30","p":8.09,"u":"20,90 €/KG","img":"https://fd9-photos.leclercdrive.fr/image.ashx?id=2749404&use=l&cat=p&typeid=i","cat":284656},{"id":209163,"n":"Capsules lave-vaisselle Finish  Quantum - x33","p":7.48,"u":"21,81 €/KG","img":"https://fd9-photos.leclercdrive.fr/image.ashx?id=2749548&use=l&cat=p&typeid=i","cat":284656},{"id":209196,"n":"Pur jus Tropicana Réveil fruité - 90cl","p":3.04,"u":"3,38 €/L","img":"https://fd9-photos.leclercdrive.fr/image.ashx?id=2538431&use=l&cat=p&typeid=i","cat":285435},{"id":209208,"n":"Sauce soja Suzi Wan Sucrée - 135ml","p":1.88,"u":"13,93 €/KG","img":"https://fd9-photos.leclercdrive.fr/image.ashx?id=2892931&use=l&cat=p&typeid=i","cat":288992},{"id":209209,"n":"Sauce soja Suzi Wan 250ml","p":2.74,"u":"10,96 €/L","img":"https://fd9-photos.leclercdrive.fr/image.ashx?id=2990880&use=l&cat=p&typeid=i","cat":288992},{"id":209215,"n":"Gel purifiant corps Effaclar La Roche-Posay - 400ml","p":13.66,"u":"34,15 €/L","img":"https://fd9-photos.leclercdrive.fr/image.ashx?id=2537511&use=l&cat=p&typeid=i","cat":301591},{"id":209245,"n":"Origan Ducros 12g","p":1.63,"u":"135,83 €/KG","img":"https://fd9-photos.leclercdrive.fr/image.ashx?id=2559517&use=l&cat=p&typeid=i","cat":298297},{"id":209246,"n":"Oignon de France Ducros 42g","p":1.72,"u":"40,95 €/KG","img":"https://fd9-photos.leclercdrive.fr/image.ashx?id=2538593&use=l&cat=p&typeid=i","cat":298297},{"id":209346,"n":"Sardines Connetable Lot de 2 - 140g","p":3.6,"u":"25,71 €/KG","img":"https://fd9-photos.leclercdrive.fr/image.ashx?id=2538680&use=l&cat=p&typeid=i","cat":305146},{"id":209349,"n":"Olives vertes Tropic Apéro Méditerranéenne - 200g","p":2.15,"u":"10,75 €/KG","img":"https://fd9-photos.leclercdrive.fr/image.ashx?id=2538752&use=l&cat=p&typeid=i","cat":316002},{"id":209368,"n":"Thé glacé Lipton Ice Tea Pêche La bouteille de 1.75L","p":1.87,"u":"1,07 €/L","img":"https://fd9-photos.leclercdrive.fr/image.ashx?id=2731594&use=l&cat=p&typeid=i","cat":295019},{"id":209371,"n":"Aneth Ducros 13g","p":1.82,"u":"140,00 €/KG","img":"https://fd9-photos.leclercdrive.fr/image.ashx?id=2538599&use=l&cat=p&typeid=i","cat":298297},{"id":209392,"n":"Gel bain douche Rogé Cavaillès Amande verte - 1L","p":10.25,"pp":7.17,"u":"7,17 €/L","img":"https://fd9-photos.leclercdrive.fr/image.ashx?id=2538833&use=l&cat=p&typeid=i","cat":301591},{"id":209430,"n":"Skyr Danone Citron 0%mg - 2x140g","p":2.39,"u":"8,54 €/KG","img":"https://fd9-photos.leclercdrive.fr/image.ashx?id=2851728&use=l&cat=p&typeid=i","cat":315000},{"id":209438,"n":"Crème dessert protéinée Hipro  Vanille 0%mg- 180g","p":1.84,"u":"10,22 €/KG","img":"https://fd9-photos.leclercdrive.fr/image.ashx?id=2800291&use=l&cat=p&typeid=i","cat":285041},{"id":209483,"n":"Lessive Liquide Chanteclair Savon de Marseille - x80 - 3,6L","p":6.95,"u":"1,93 €/L","img":"https://fd9-photos.leclercdrive.fr/image.ashx?id=2540097&use=l&cat=p&typeid=i","cat":284640},{"id":209485,"n":"Lessive Liquide Chanteclair Musc Blanc - x80 - 3,6L","p":5.47,"u":"1,52 €/L","img":"https://fd9-photos.leclercdrive.fr/image.ashx?id=2540100&use=l&cat=p&typeid=i","cat":284640},{"id":209491,"n":"Couscous moyen Ferrero sachet -500g","p":1.64,"u":"3,28 €/KG","img":"https://fd9-photos.leclercdrive.fr/image.ashx?id=2869561&use=l&cat=p&typeid=i","cat":284429},{"id":209494,"n":"Salade & Cie Sodebo Roma Jambon Speck - 320g","p":2.73,"u":"8,53 €/KG","img":"https://fd9-photos.leclercdrive.fr/image.ashx?id=2732413&use=l&cat=p&typeid=i","cat":333657},{"id":209495,"n":"Salade & Cie Sodebo Manhattan Poulet rôti - 320g","p":2.65,"u":"8,28 €/KG","img":"https://fd9-photos.leclercdrive.fr/image.ashx?id=2732407&use=l&cat=p&typeid=i","cat":333657},{"id":209496,"n":"Salade & Cie Sodebo Montmartre Jambon supérieur - 320g","p":2.77,"u":"8,66 €/KG","img":"https://fd9-photos.leclercdrive.fr/image.ashx?id=2868945&use=l&cat=p&typeid=i","cat":333657},{"id":209510,"n":"Chips nature Lay's Sel - 250g","p":2.18,"u":"8,72 €/KG","img":"https://fd9-photos.leclercdrive.fr/image.ashx?id=2995073&use=l&cat=p&typeid=i","cat":284447},{"id":209514,"n":"Chips Lay's Nature - 135g","p":1.36,"u":"10,07 €/KG","img":"https://fd9-photos.leclercdrive.fr/image.ashx?id=2994482&use=l&cat=p&typeid=i","cat":284447},{"id":209557,"n":"Litière chats Eco+ Minérale agglomérante - 5L","p":1.77,"img":"https://fd9-photos.leclercdrive.fr/image.ashx?id=2545479&use=l&cat=p&typeid=i","cat":284683},{"id":209589,"n":"Pain Kebab La Boulangère x4 - 320g","p":1.97,"u":"7,58 €/KG","img":"https://fd9-photos.leclercdrive.fr/image.ashx?id=2912308&use=l&cat=p&typeid=i","cat":284985},{"id":209597,"n":"Compote Allégée en sucres Eco+ Bocal pomme poire - 720g","p":1.13,"u":"1,57 €/KG","img":"https://fd9-photos.leclercdrive.fr/image.ashx?id=2953206&use=l&cat=p&typeid=i","cat":284508},{"id":209598,"n":"Compote Allégée en sucres Eco+ Bocal pomme banane - 720g","p":1.03,"u":"1,43 €/KG","img":"https://fd9-photos.leclercdrive.fr/image.ashx?id=2953209&use=l&cat=p&typeid=i","cat":284508},{"id":209601,"n":"Thé vert Lipton Menthe intense - x20 - 32g","p":1.54,"u":"48,13 €/KG","img":"https://fd9-photos.leclercdrive.fr/image.ashx?id=2540907&use=l&cat=p&typeid=i","cat":293233},{"id":209673,"n":"Drap housse Tissaia Basics 140x190cm - Blanc","p":6.95,"img":"https://fd9-photos.leclercdrive.fr/image.ashx?id=2541417&use=l&cat=p&typeid=i","cat":286694},{"id":209675,"n":"Drap housse Tissaia Blanc - 160x200cm","p":8.95,"img":"https://fd9-photos.leclercdrive.fr/image.ashx?id=2813710&use=l&cat=p&typeid=i","cat":286694},{"id":209682,"n":"Mochi glacé  Caramel beurre salé - 210g","p":5.89,"u":"28,05 €/KG","img":"https://fd9-photos.leclercdrive.fr/image.ashx?id=2542483&use=l&cat=p&typeid=i","cat":284266},{"id":209686,"n":"Thé vert Lipton Myrtille et mure - x20 - 32g","p":2.29,"u":"71,56 €/KG","img":"https://fd9-photos.leclercdrive.fr/image.ashx?id=2542816&use=l&cat=p&typeid=i","cat":293233},{"id":209688,"n":"Thé vert menthe Lipton Asie - x30s - 48g","p":2.68,"u":"55,83 €/KG","img":"https://fd9-photos.leclercdrive.fr/image.ashx?id=2542819&use=l&cat=p&typeid=i","cat":293233},{"id":209724,"n":"Dessert Glacé Viennetta Chocolat -  320g","p":2.78,"u":"8,69 €/KG","img":"https://fd9-photos.leclercdrive.fr/image.ashx?id=3009287&use=l&cat=p&typeid=i","cat":284266},{"id":209739,"n":"Adoucissant concentré Soupline Hypoallergénique 64 lav. 1,35L","p":4.74,"u":"3,51 €/L","img":"https://fd9-photos.leclercdrive.fr/image.ashx?id=2831185&use=l&cat=p&typeid=i","cat":284650},{"id":209798,"n":"Lames de rasoir Gillette Venus Comfortglide Breeze - x4","p":14.44,"u":"3,61 €/P","img":"https://fd9-photos.leclercdrive.fr/image.ashx?id=2834806&use=l&cat=p&typeid=i","cat":325352},{"id":209804,"n":"Rasoirs jetables Wilkinson Xtreme 3 Ultimate confort - x8","p":9.78,"img":"https://fd9-photos.leclercdrive.fr/image.ashx?id=2846478&use=l&cat=p&typeid=i","cat":284616},{"id":209856,"n":"Thé vert Tchaé orient  Lipton  x20 - 35g","p":2.59,"u":"74,00 €/KG","img":"https://fd9-photos.leclercdrive.fr/image.ashx?id=2544641&use=l&cat=p&typeid=i","cat":293233},{"id":209859,"n":"Déboucheur Liquide Destop  4 doses - 950ml","p":2.9,"u":"3,05 €/L","img":"https://fd9-photos.leclercdrive.fr/image.ashx?id=2832161&use=l&cat=p&typeid=i","cat":284908},{"id":209860,"n":"Déboucheur Gel Destop  Express - 4 doses - 950ml","p":2.85,"u":"3,00 €/L","img":"https://fd9-photos.leclercdrive.fr/image.ashx?id=2832164&use=l&cat=p&typeid=i","cat":284908},{"id":209863,"n":"Gel anti-calcaire Calgon  4 en 1 - 750ml","p":5.05,"u":"6,73 €/L","img":"https://fd9-photos.leclercdrive.fr/image.ashx?id=2963475&use=l&cat=p&typeid=i","cat":284653},{"id":209865,"n":"Gel anti-calcaire Calgon  4 en 1 - 2,25L","p":13.64,"u":"6,06 €/L","img":"https://fd9-photos.leclercdrive.fr/image.ashx?id=2953932&use=l&cat=p&typeid=i","cat":284653},{"id":209866,"n":"Infusion Elephant  Pêche Abricot - x20 38g","p":2.25,"u":"59,21 €/KG","img":"https://fd9-photos.leclercdrive.fr/image.ashx?id=2544617&use=l&cat=p&typeid=i","cat":293234},{"id":209867,"n":"AIRWICK Recharge diffuseur Fres hmatic Purefresh Agrumes 250ml","p":3.87,"u":"15,48 €/L","img":"https://fd9-photos.leclercdrive.fr/image.ashx?id=2963478&use=l&cat=p&typeid=i","cat":311629},{"id":209869,"n":"Infusion Elephant Pomme cannelle - 36g","p":1.87,"u":"51,94 €/KG","img":"https://fd9-photos.leclercdrive.fr/image.ashx?id=2544614&use=l&cat=p&typeid=i","cat":293234},{"id":209875,"n":"Gel WC 100% Détartrant Harpic 5 min Chrono - 750ml","p":1.43,"u":"1,91 €/L","img":"https://fd9-photos.leclercdrive.fr/image.ashx?id=2864687&use=l&cat=p&typeid=i","cat":284662},{"id":209878,"n":"Spray vitres Ajax Triple action - 750ml","p":1.98,"u":"2,64 €/L","img":"https://fd9-photos.leclercdrive.fr/image.ashx?id=2544581&use=l&cat=p&typeid=i","cat":325363},{"id":209879,"n":"Spray nettoyant La Croix Salle de bain - 500ml","p":1.71,"u":"3,42 €/L","img":"https://fd9-photos.leclercdrive.fr/image.ashx?id=2544587&use=l&cat=p&typeid=i","cat":325357},{"id":209889,"n":"Capsules lave-vaisselle Finish  Quantum Citron - x33","p":7.48,"u":"21,81 €/KG","img":"https://fd9-photos.leclercdrive.fr/image.ashx?id=2749551&use=l&cat=p&typeid=i","cat":284656},{"id":209891,"n":"Nettoyant lave-vaisselle Finish  Intégral Anti-Odeurs - 250ml","p":3.32,"u":"13,28 €/L","img":"https://fd9-photos.leclercdrive.fr/image.ashx?id=2659735&use=l&cat=p&typeid=i","cat":284657},{"id":209893,"n":"Détachant poudre Vanish  940g","p":10.19,"u":"10,84 €/KG","img":"https://fd9-photos.leclercdrive.fr/image.ashx?id=2680308&use=l&cat=p&typeid=i","cat":284651},{"id":209894,"n":"Adoucissant concentré Soupline  Lavande 60 lavages 1,35 L","p":5.69,"u":"4,21 €/L","img":"https://fd9-photos.leclercdrive.fr/image.ashx?id=2912716&use=l&cat=p&typeid=i","cat":284650},{"id":209896,"n":"Beurre gastronomique Président Doux - 82% MG - 500g","p":5.26,"u":"10,52 €/KG","img":"https://fd9-photos.leclercdrive.fr/image.ashx?id=2740556&use=l&cat=p&typeid=i","cat":284379},{"id":209926,"n":"Emincés de bœuf *** limousine L'atelier Boucherie - 240G","p":6.49,"u":"27,04 €/KG","img":"https://fd9-photos.leclercdrive.fr/image.ashx?id=2546920&use=l&cat=p&typeid=i","cat":284328},{"id":209935,"n":"Rumsteck tournedos*** limousine L'Atelier Boucherie x2 - 280g","p":8.99,"u":"32,11 €/KG","img":"https://fd9-photos.leclercdrive.fr/image.ashx?id=2546914&use=l&cat=p&typeid=i","cat":284328},{"id":209940,"n":"Steak de bœuf ** limousine  L'atelier Boucherie x2 - 260G","p":7.49,"u":"28,81 €/KG","img":"https://fd9-photos.leclercdrive.fr/image.ashx?id=2546908&use=l&cat=p&typeid=i","cat":284328},{"id":209996,"n":"Détachant Gel Vanish  750ml","p":5.71,"u":"7,61 €/L","img":"https://fd9-photos.leclercdrive.fr/image.ashx?id=2878108&use=l&cat=p&typeid=i","cat":284651},{"id":210015,"n":"Nettoyant ménager La Croix Spray - Ultra cuisine - 500ml","p":1.83,"u":"3,66 €/L","img":"https://fd9-photos.leclercdrive.fr/image.ashx?id=2545216&use=l&cat=p&typeid=i","cat":325357},{"id":210024,"n":"Lingettes désinfectantes St  Marc Soleil de Corse - x80","p":2.58,"u":"0,03 €/P","img":"https://fd9-photos.leclercdrive.fr/image.ashx?id=2757440&use=l&cat=p&typeid=i","cat":325358},{"id":210048,"n":"Gel douche Sanex Hypoallergenique - 425ml","p":4.41,"u":"10,38 €/L","img":"https://fd9-photos.leclercdrive.fr/image.ashx?id=2757860&use=l&cat=p&typeid=i","cat":284594},{"id":210050,"n":"Gel douche Sanex Natural Prebiotic Protection + - 425ml","p":4.3,"u":"10,12 €/L","img":"https://fd9-photos.leclercdrive.fr/image.ashx?id=2757872&use=l&cat=p&typeid=i","cat":284594},{"id":210062,"n":"Marrons entiers pelés à Sec Roger Descours - 510g","p":5.59,"u":"10,96 €/KG","img":"https://fd9-photos.leclercdrive.fr/image.ashx?id=2546605&use=l&cat=p&typeid=i","cat":312612},{"id":210067,"n":"Riz Lustucru 900g","p":2.44,"u":"2,71 €/KG","img":"https://fd9-photos.leclercdrive.fr/image.ashx?id=2963742&use=l&cat=p&typeid=i","cat":284428},{"id":210076,"n":"Gel douche Tahiti Coco & Huile de coco - 250ml","p":2.31,"u":"9,24 €/L","img":"https://fd9-photos.leclercdrive.fr/image.ashx?id=2545897&use=l&cat=p&typeid=i","cat":284594},{"id":210214,"n":"Farine multi-usages Chaque jour sans gluten - 1kg","p":4.98,"u":"4,98 €/KG","img":"https://fd9-photos.leclercdrive.fr/image.ashx?id=2872460&use=l&cat=p&typeid=i","cat":284503},{"id":210333,"n":"Crème hydratante La Roche-Posay Anthelios UVMune 400 - 50ml","p":12.58,"u":"251,60 €/L","img":"https://fd9-photos.leclercdrive.fr/image.ashx?id=2546512&use=l&cat=p&typeid=i","cat":290395},{"id":210359,"n":"Crème de jour Grenade Weleda Raffermissante - 40ml","p":24.75,"u":"618,75 €/L","img":"https://fd9-photos.leclercdrive.fr/image.ashx?id=2546623&use=l&cat=p&typeid=i","cat":291168},{"id":210360,"n":"Brulactiv fort Forté Pharma Perte de poids - Femme 50+ x60","p":33.77,"u":"0,56 €/P","img":"https://fd9-photos.leclercdrive.fr/image.ashx?id=2546207&use=l&cat=p&typeid=i","cat":301267},{"id":210401,"n":"Oreiller ergonomique Tissaia Blanc - 35x50cm","p":17.95,"u":"Dont 0,20 € d'éco-part.","img":"https://fd9-photos.leclercdrive.fr/image.ashx?id=2546932&use=l&cat=p&typeid=i","cat":288835},{"id":210566,"n":"Ballotin Célébrations 272g","p":5.53,"img":"https://fd9-photos.leclercdrive.fr/image.ashx?id=2979234&use=l&cat=p&typeid=i","cat":284499},{"id":210703,"n":"Terrine Tous mes amis Volaille carottes - 1.2kg","p":1.95,"u":"1,63 €/KG","img":"https://fd9-photos.leclercdrive.fr/image.ashx?id=2815758&use=l&cat=p&typeid=i","cat":288578},{"id":210705,"n":"Dragées chocolatées M&M's Cacahuètes - 250g","p":3.09,"u":"12,36 €/KG","img":"https://fd9-photos.leclercdrive.fr/image.ashx?id=3003393&use=l&cat=p&typeid=i","cat":304238},{"id":210717,"n":"Boulettes de boeuf Eco+ 1.2kg","p":1.53,"img":"https://fd9-photos.leclercdrive.fr/image.ashx?id=2550502&use=l&cat=p&typeid=i","cat":288578},{"id":210718,"n":"Crème relipidante Lipikar La Roche-Posay - AP+M - 400ml","p":19.98,"u":"49,95 €/L","img":"https://fd9-photos.leclercdrive.fr/image.ashx?id=2551213&use=l&cat=p&typeid=i","cat":290421},{"id":210738,"n":"Gélules cheveux Forcapil Fortfiant + Kératine - x180","p":23.97,"u":"0,13 €/P","img":"https://fd9-photos.leclercdrive.fr/image.ashx?id=2939928&use=l&cat=p&typeid=i","cat":301266},{"id":210803,"n":"Adoucissant Hyperdou Douceur de pêche - 1.9L - x27","p":2.42,"u":"1,27 €/L","img":"https://fd9-photos.leclercdrive.fr/image.ashx?id=2603015&use=l&cat=p&typeid=i","cat":284650},{"id":210804,"n":"Adoucissant Hyperdou Rêve de fraîcheur - 1.9L - x27","p":2.15,"u":"1,13 €/L","img":"https://fd9-photos.leclercdrive.fr/image.ashx?id=2603012&use=l&cat=p&typeid=i","cat":284650},{"id":210821,"n":"Pommes rissolées Findus 590g","p":2.37,"u":"4,02 €/KG","img":"https://fd9-photos.leclercdrive.fr/image.ashx?id=2790099&use=l&cat=p&typeid=i","cat":319792},{"id":210823,"n":"Pommes noisette Findus 500g","p":2.22,"u":"4,44 €/KG","img":"https://fd9-photos.leclercdrive.fr/image.ashx?id=2865866&use=l&cat=p&typeid=i","cat":319792},{"id":210947,"n":"Classeur Oxford school A5 Noir","p":3.19,"img":"https://fd9-photos.leclercdrive.fr/image.ashx?id=2553971&use=l&cat=p&typeid=i","cat":284745},{"id":210948,"n":"Margarine Planta Fin Doux 100% végétal - 450g","p":2.39,"u":"5,31 €/KG","img":"https://fd9-photos.leclercdrive.fr/image.ashx?id=2989477&use=l&cat=p&typeid=i","cat":315229},{"id":210949,"n":"Classeur Oxford school A5 Rouge","p":3.19,"img":"https://fd9-photos.leclercdrive.fr/image.ashx?id=2553974&use=l&cat=p&typeid=i","cat":284745},{"id":210960,"n":"Bouchées Tous les Amis 1.2kg","p":2.15,"u":"1,79 €/KG","img":"https://fd9-photos.leclercdrive.fr/image.ashx?id=2815767&use=l&cat=p&typeid=i","cat":288578},{"id":210963,"n":"Boulettes de bœuf Eco+ 400g","p":0.87,"u":"2,18 €/KG","img":"https://fd9-photos.leclercdrive.fr/image.ashx?id=2815731&use=l&cat=p&typeid=i","cat":285601},{"id":211085,"n":"Thé glacé Lipton Ice Tea pêche Le lot de 4x1.25L","p":5.68,"u":"1,14 €/L","img":"https://fd9-photos.leclercdrive.fr/image.ashx?id=2554133&use=l&cat=p&typeid=i","cat":295019},{"id":211114,"n":"Bigarreaux confits Vahiné Provence - 150g","p":3.12,"u":"20,80 €/KG","img":"https://fd9-photos.leclercdrive.fr/image.ashx?id=2554136&use=l&cat=p&typeid=i","cat":284504},{"id":211117,"n":"Paprika fumé Ducros 40g","p":2.04,"u":"51,00 €/KG","img":"https://fd9-photos.leclercdrive.fr/image.ashx?id=2559484&use=l&cat=p&typeid=i","cat":298297},{"id":211122,"n":"Curry Ducros 100g","p":2.94,"u":"29,40 €/KG","img":"https://fd9-photos.leclercdrive.fr/image.ashx?id=2554118&use=l&cat=p&typeid=i","cat":298297},{"id":211123,"n":"Paprika doux Ducros 100g","p":2.9,"u":"29,00 €/KG","img":"https://fd9-photos.leclercdrive.fr/image.ashx?id=2554121&use=l&cat=p&typeid=i","cat":298297},{"id":211125,"n":"Curry Ducros 47g","p":1.95,"u":"41,49 €/KG","img":"https://fd9-photos.leclercdrive.fr/image.ashx?id=2559496&use=l&cat=p&typeid=i","cat":298297},{"id":211218,"n":"Mélange pour paëlla 1 kg","p":7.59,"u":"7,59 €/KG","img":"https://fd9-photos.leclercdrive.fr/image.ashx?id=2555409&use=l&cat=p&typeid=i","cat":319787},{"id":211383,"n":"Gélules cheveux Forcapil Anti-chute - x90 comprimés","p":22.89,"u":"0,25 €/P","img":"https://fd9-photos.leclercdrive.fr/image.ashx?id=2939931&use=l&cat=p&typeid=i","cat":301266},{"id":211385,"n":"Gummies Luxéol Chute de cheveux - x60","p":20.9,"u":"0,35 €/P","img":"https://fd9-photos.leclercdrive.fr/image.ashx?id=2650723&use=l&cat=p&typeid=i","cat":301266},{"id":211391,"n":"Complément alimentaire Oenobiol Autonbronzant - 2x30","p":27.49,"u":"0,46 €/P","img":"https://fd9-photos.leclercdrive.fr/image.ashx?id=2561164&use=l&cat=p&typeid=i","cat":290395},{"id":211394,"n":"Anaca 3 minceur Gélules Jour/Nuit - x60","p":34.7,"u":"0,58 €/P","img":"https://fd9-photos.leclercdrive.fr/image.ashx?id=2650720&use=l&cat=p&typeid=i","cat":301267},{"id":211398,"n":"Amandes  Tokapi 200g","p":2.78,"u":"13,90 €/KG","img":"https://fd9-photos.leclercdrive.fr/image.ashx?id=2793326&use=l&cat=p&typeid=i","cat":284448},{"id":211413,"n":"Céréales Kit Kat 330g","p":3.54,"u":"10,73 €/KG","img":"https://fd9-photos.leclercdrive.fr/image.ashx?id=2989453&use=l&cat=p&typeid=i","cat":309513},{"id":211414,"n":"Céréales Miel Pops Kellogg's 330g","p":2.34,"u":"7,09 €/KG","img":"https://fd9-photos.leclercdrive.fr/image.ashx?id=3003423&use=l&cat=p&typeid=i","cat":309513},{"id":211415,"n":"Poules aux vermicelles Maggi 3x59g","p":1.36,"u":"7,68 €/KG","img":"https://fd9-photos.leclercdrive.fr/image.ashx?id=2556345&use=l&cat=p&typeid=i","cat":284463},{"id":211426,"n":"Pain burger Eco+ Nature x6 - 330g","p":0.88,"u":"2,67 €/KG","img":"https://fd9-photos.leclercdrive.fr/image.ashx?id=2854195&use=l&cat=p&typeid=i","cat":325067},{"id":211427,"n":"Pain burger Epi d'Or Nature x6 - 330g","p":0.93,"u":"2,82 €/KG","img":"https://fd9-photos.leclercdrive.fr/image.ashx?id=2807303&use=l&cat=p&typeid=i","cat":325067},{"id":211436,"n":"Weetabix crispy  Minis choco - 500g","p":3.93,"u":"7,86 €/KG","img":"https://fd9-photos.leclercdrive.fr/image.ashx?id=2971311&use=l&cat=p&typeid=i","cat":309512},{"id":211467,"n":"Crème contour yeux La Roche-Posay - 20ml","p":17.12,"u":"856,00 €/L","img":"https://fd9-photos.leclercdrive.fr/image.ashx?id=2813441&use=l&cat=p&typeid=i","cat":291172},{"id":211470,"n":"Dentifrice Signal Professionnel Action Sensibilité Complet 75ml","p":2.91,"u":"38,80 €/L","img":"https://fd9-photos.leclercdrive.fr/image.ashx?id=2961326&use=l&cat=p&typeid=i","cat":284612},{"id":211481,"n":"Biscottes Pasquier Sans sel et sucre ajoutés - 300","p":1.79,"u":"5,97 €/KG","img":"https://fd9-photos.leclercdrive.fr/image.ashx?id=2899407&use=l&cat=p&typeid=i","cat":284479},{"id":211522,"n":"Dentifrice Signal Professionnel Sensibilité Blancheur 75ml","p":2.73,"u":"36,40 €/L","img":"https://fd9-photos.leclercdrive.fr/image.ashx?id=2961332&use=l&cat=p&typeid=i","cat":284612},{"id":211525,"n":"Lessive tablettes Persil Bouquet de Provence - x32","p":5.92,"u":"6,17 €/KG","img":"https://fd9-photos.leclercdrive.fr/image.ashx?id=2557809&use=l&cat=p&typeid=i","cat":284641},{"id":211537,"n":"Céréales Miel Pops Loops Kellogg's 330g","p":2.44,"u":"7,39 €/KG","img":"https://fd9-photos.leclercdrive.fr/image.ashx?id=2561353&use=l&cat=p&typeid=i","cat":309513},{"id":211550,"n":"Sel Regénérant Sun Lave Vaisselle Standard 1Kg","p":1.07,"u":"1,07 €/KG","img":"https://fd9-photos.leclercdrive.fr/image.ashx?id=2729434&use=l&cat=p&typeid=i","cat":284657},{"id":211551,"n":"Déodorant bille homme Axe Aqua bergamot - 50ml","p":4.55,"u":"91,00 €/L","img":"https://fd9-photos.leclercdrive.fr/image.ashx?id=2850829&use=l&cat=p&typeid=i","cat":284618},{"id":211555,"n":"Sun Capsules Lave-Vaisselle Tout en 1 Absolu Brillance x28","p":7.9,"u":"18,81 €/KG","img":"https://fd9-photos.leclercdrive.fr/image.ashx?id=2961350&use=l&cat=p&typeid=i","cat":284656},{"id":211556,"n":"Sun Capsules Lave-Vaisselle Tout en1 Absolu Dégraissant x28","p":7.9,"u":"18,81 €/KG","img":"https://fd9-photos.leclercdrive.fr/image.ashx?id=2961353&use=l&cat=p&typeid=i","cat":284656},{"id":211561,"n":"Déodorant Spray Dove Anti- Transpirant Invisible Dry 100ml","p":2.97,"u":"29,70 €/L","img":"https://fd9-photos.leclercdrive.fr/image.ashx?id=2905711&use=l&cat=p&typeid=i","cat":284595},{"id":211562,"n":"Déodorant Spray Compressé Dove Anti-Transpirant Original 100ml","p":3.18,"u":"31,80 €/L","img":"https://fd9-photos.leclercdrive.fr/image.ashx?id=2793098&use=l&cat=p&typeid=i","cat":284595},{"id":211563,"n":"Déodorant Spray Dove Anti- Transpirant Invisible Dry 200ml","p":2.99,"u":"14,95 €/L","img":"https://fd9-photos.leclercdrive.fr/image.ashx?id=2877244&use=l&cat=p&typeid=i","cat":284595},{"id":211564,"n":"Adoucissant concentré Soupline Coco fleurs blanches - 1.28L","p":5.23,"u":"4,09 €/L","img":"https://fd9-photos.leclercdrive.fr/image.ashx?id=2832566&use=l&cat=p&typeid=i","cat":284650},{"id":211581,"n":"Déodorant spray homme Axe Blue Lavender - 150ml","p":4.06,"u":"27,07 €/L","img":"https://fd9-photos.leclercdrive.fr/image.ashx?id=2910231&use=l&cat=p&typeid=i","cat":284618},{"id":211584,"n":"Déodorant spray homme Axe Aqua bergamot - 150ml","p":4.2,"u":"28,00 €/L","img":"https://fd9-photos.leclercdrive.fr/image.ashx?id=3004453&use=l&cat=p&typeid=i","cat":284618},{"id":211598,"n":"Yaourt protéiné Hipro Stracciatella 0%mg - 2x160g","p":2.01,"u":"6,28 €/KG","img":"https://fd9-photos.leclercdrive.fr/image.ashx?id=2807438&use=l&cat=p&typeid=i","cat":315000},{"id":211827,"n":"Céréales bébé BABIVANILLE Vanille 10M+ - 400g","p":3.63,"u":"9,08 €/KG","img":"https://fd9-photos.leclercdrive.fr/image.ashx?id=2562651&use=l&cat=p&typeid=i","cat":312225},{"id":211849,"n":"Couscous fin Tipiak Parfumé épices douces - 500g","p":2.02,"u":"4,04 €/KG","img":"https://fd9-photos.leclercdrive.fr/image.ashx?id=2839190&use=l&cat=p&typeid=i","cat":284429},{"id":211864,"n":"Nouilles de blé Tien Shan Canard - 2x85g+85g offerts","p":1.75,"u":"6,86 €/KG","img":"https://fd9-photos.leclercdrive.fr/image.ashx?id=2562435&use=l&cat=p&typeid=i","cat":288992},{"id":211865,"n":"Nouilles de blé Tien Shan Crevette - 2x85g+85g offerts","p":1.74,"u":"6,82 €/KG","img":"https://fd9-photos.leclercdrive.fr/image.ashx?id=2562438&use=l&cat=p&typeid=i","cat":288992},{"id":211866,"n":"Nouilles de blé Tien Shan Curry - 2x85g+85g offerts","p":1.75,"u":"6,86 €/KG","img":"https://fd9-photos.leclercdrive.fr/image.ashx?id=2562441&use=l&cat=p&typeid=i","cat":288992},{"id":211867,"n":"Nouilles de blé Tien Shan Boeuf - 2x85g+85g offerts","p":1.75,"u":"6,86 €/KG","img":"https://fd9-photos.leclercdrive.fr/image.ashx?id=2562444&use=l&cat=p&typeid=i","cat":288992},{"id":211897,"n":"Serozinc La Roche-Posay Soluté de sulfate de zinc 150ml","p":9.9,"u":"66,00 €/L","img":"https://fd9-photos.leclercdrive.fr/image.ashx?id=2562528&use=l&cat=p&typeid=i","cat":291166},{"id":211899,"n":"Complément alimentaire Veinoflux - Jambes - x60","p":14.21,"u":"0,24 €/P","img":"https://fd9-photos.leclercdrive.fr/image.ashx?id=2886169&use=l&cat=p&typeid=i","cat":301268},{"id":211904,"n":"Complément alimentaire Oenobiol Sun Expert - 2x30 gélules","p":33.01,"u":"0,55 €/P","img":"https://fd9-photos.leclercdrive.fr/image.ashx?id=2576050&use=l&cat=p&typeid=i","cat":290395},{"id":211914,"n":"Déodorant spray Weleda Citron - 100ml","p":7.99,"u":"79,90 €/L","img":"https://fd9-photos.leclercdrive.fr/image.ashx?id=2562564&use=l&cat=p&typeid=i","cat":301593},{"id":211922,"n":"Mouche bébé Braun Electrique - BNA100","p":31.67,"img":"https://fd9-photos.leclercdrive.fr/image.ashx?id=2562621&use=l&cat=p&typeid=i","cat":290385},{"id":211933,"n":"Mouche bébé Physiodose Avec filtre","p":6.02,"u":"316,84 €/KG","img":"https://fd9-photos.leclercdrive.fr/image.ashx?id=2563670&use=l&cat=p&typeid=i","cat":290385},{"id":211935,"n":"Crème de corps Nuxe Rêve de miel - 48h - 400ml","p":17.99,"u":"44,98 €/L","img":"https://fd9-photos.leclercdrive.fr/image.ashx?id=2651516&use=l&cat=p&typeid=i","cat":290421},{"id":211965,"n":"Mâche Panier du Primeur 150g","p":1.49,"u":"9,93 €/KG","img":"https://fd9-photos.leclercdrive.fr/image.ashx?id=2960523&use=l&cat=p&typeid=i","cat":284352},{"id":212107,"n":"Brosse à dents Colgate Extra-clean médium - x4","p":1.79,"u":"0,45 €/P","img":"https://fd9-photos.leclercdrive.fr/image.ashx?id=2564309&use=l&cat=p&typeid=i","cat":284614},{"id":212112,"n":"Céréales Frosties Kellogg's  330g","p":2.35,"u":"7,12 €/KG","img":"https://fd9-photos.leclercdrive.fr/image.ashx?id=2565362&use=l&cat=p&typeid=i","cat":309513},{"id":212387,"n":"Transiphyt Herbesan 60 gélules","p":9.5,"pp":6.65,"u":"201,52 €/KG","img":"https://fd9-photos.leclercdrive.fr/image.ashx?id=2867092&use=l&cat=p&typeid=i","cat":301268},{"id":212467,"n":"Protège-slip Protection Vania Large Fresh - x36","p":3.07,"img":"https://fd9-photos.leclercdrive.fr/image.ashx?id=2735233&use=l&cat=p&typeid=i","cat":284625},{"id":212468,"n":"Protège-slips Confort Vania Aloe vera - x56","p":2.32,"img":"https://fd9-photos.leclercdrive.fr/image.ashx?id=2735236&use=l&cat=p&typeid=i","cat":284625},{"id":212473,"n":"Liquide de Rinçage Finish  Citron - 800ml","p":4.99,"u":"6,24 €/L","img":"https://fd9-photos.leclercdrive.fr/image.ashx?id=2881966&use=l&cat=p&typeid=i","cat":284657},{"id":212486,"n":"Film étirable Elembal 50m","p":1.8,"u":"0,04 €/MT","img":"https://fd9-photos.leclercdrive.fr/image.ashx?id=2566146&use=l&cat=p&typeid=i","cat":285194},{"id":212487,"n":"Papier toilette Le Trèfle Maxi douceur - 12+6","p":9.95,"u":"0,55 €/P","img":"https://fd9-photos.leclercdrive.fr/image.ashx?id=2568437&use=l&cat=p&typeid=i","cat":284634},{"id":212593,"n":"Litière chats Tous mes Amis Triple action blanche - 5L","p":4.2,"u":"0,84 €/L","img":"https://fd9-photos.leclercdrive.fr/image.ashx?id=2568361&use=l&cat=p&typeid=i","cat":284683},{"id":212599,"n":"Amandes décortiquées Couleurs Vives - 200g","p":2.78,"u":"13,90 €/KG","img":"https://fd9-photos.leclercdrive.fr/image.ashx?id=2567592&use=l&cat=p&typeid=i","cat":284357},{"id":212603,"n":"Fruits secs Mix croquant Couleurs Vives - 200g","p":2.99,"u":"14,95 €/KG","img":"https://fd9-photos.leclercdrive.fr/image.ashx?id=2567601&use=l&cat=p&typeid=i","cat":284357},{"id":212613,"n":"Collant Well Infini confort Transparent noir - T2","p":5.75,"img":"https://fd9-photos.leclercdrive.fr/image.ashx?id=2586789&use=l&cat=p&typeid=i","cat":334130},{"id":212616,"n":"Collant Well Infini confort Transparent noir - T3","p":5.75,"img":"https://fd9-photos.leclercdrive.fr/image.ashx?id=2586792&use=l&cat=p&typeid=i","cat":334130},{"id":212617,"n":"Collant Well Infini confort Transparent noir - T4","p":5.75,"img":"https://fd9-photos.leclercdrive.fr/image.ashx?id=2586795&use=l&cat=p&typeid=i","cat":334130},{"id":212621,"n":"Collant Well Infini confort Semi-opaque noir - T2","p":6.2,"img":"https://fd9-photos.leclercdrive.fr/image.ashx?id=2575021&use=l&cat=p&typeid=i","cat":334130},{"id":212622,"n":"Collant Well Infini confort Semi-opaque noir - T3","p":6.2,"img":"https://fd9-photos.leclercdrive.fr/image.ashx?id=2575024&use=l&cat=p&typeid=i","cat":334130},{"id":212623,"n":"Collant Well Infini confort Semi-opaque noir - T4","p":6.2,"img":"https://fd9-photos.leclercdrive.fr/image.ashx?id=2575027&use=l&cat=p&typeid=i","cat":334130},{"id":212630,"n":"Collant Le Bourget Dressing Noir - T3/4","p":7.4,"u":"7,40 €/TRC","img":"https://fd9-photos.leclercdrive.fr/image.ashx?id=2575162&use=l&cat=p&typeid=i","cat":334130},{"id":212631,"n":"Collants Le Bourget Modacolors Opaque marine - T1/2","p":5.95,"img":"https://fd9-photos.leclercdrive.fr/image.ashx?id=2586804&use=l&cat=p&typeid=i","cat":334130},{"id":212632,"n":"Collants Le Bourget Modacolors Opaque marine - T3/4","p":5.95,"img":"https://fd9-photos.leclercdrive.fr/image.ashx?id=2586807&use=l&cat=p&typeid=i","cat":334130},{"id":212770,"n":"Ail & poivre Ducros 45g","p":3.24,"u":"72,00 €/KG","img":"https://fd9-photos.leclercdrive.fr/image.ashx?id=2570166&use=l&cat=p&typeid=i","cat":298297},{"id":212773,"n":"Curry Balti Ducros - 39g","p":2.19,"u":"56,15 €/KG","img":"https://fd9-photos.leclercdrive.fr/image.ashx?id=2570169&use=l&cat=p&typeid=i","cat":298297},{"id":212817,"n":"Nettoyant vitres Ajax Triple action Recharge - 750ml","p":1.67,"u":"2,23 €/L","img":"https://fd9-photos.leclercdrive.fr/image.ashx?id=2842969&use=l&cat=p&typeid=i","cat":325363},{"id":212923,"n":"Lardons fumés Herta  300g","p":2.7,"u":"9,00 €/KG","img":"https://fd9-photos.leclercdrive.fr/image.ashx?id=2572155&use=l&cat=p&typeid=i","cat":316011},{"id":212934,"n":"Lait bébé poudre Guigoz Optipro 3ème âge - dès 12 mois - 830g","p":10.23,"u":"12,33 €/KG","img":"https://fd9-photos.leclercdrive.fr/image.ashx?id=2895059&use=l&cat=p&typeid=i","cat":290219},{"id":213023,"n":"Pâtée et morceaux chiens Eco+ Boeuf - 1.2kg","p":1.67,"u":"1,39 €/KG","img":"https://fd9-photos.leclercdrive.fr/image.ashx?id=2573238&use=l&cat=p&typeid=i","cat":288578},{"id":213024,"n":"Boulettes volaille Eco+ 800g","p":1.47,"u":"1,84 €/KG","img":"https://fd9-photos.leclercdrive.fr/image.ashx?id=2573232&use=l&cat=p&typeid=i","cat":285601},{"id":213176,"n":"Nouilles à la chinoise Marie Au Poulet - 900g","p":5.99,"u":"6,66 €/KG","img":"https://fd9-photos.leclercdrive.fr/image.ashx?id=2996773&use=l&cat=p&typeid=i","cat":284254},{"id":213190,"n":"Milky fromage enfant à tartiner Les Croisés 12 portions - 216g","p":1.85,"u":"8,56 €/KG","img":"https://fd9-photos.leclercdrive.fr/image.ashx?id=2791914&use=l&cat=p&typeid=i","cat":314030},{"id":213200,"n":"Gaufrettes Quadro Cémoi Choco noisettes - 187g","p":2.1,"u":"11,23 €/KG","img":"https://fd9-photos.leclercdrive.fr/image.ashx?id=2654731&use=l&cat=p&typeid=i","cat":284488},{"id":213242,"n":"Céréales Coco Pops Kellogg's Original - 330g","p":3.02,"u":"9,15 €/KG","img":"https://fd9-photos.leclercdrive.fr/image.ashx?id=2577099&use=l&cat=p&typeid=i","cat":309513},{"id":213366,"n":"Toast nature Harrys Tranches épaisses - 250g","p":1.75,"u":"7,00 €/KG","img":"https://fd9-photos.leclercdrive.fr/image.ashx?id=2581253&use=l&cat=p&typeid=i","cat":285454},{"id":213432,"n":"Gel Corps et Cheveux Cadum Hypoallergenique - 750ml","p":4.55,"u":"6,07 €/L","img":"https://fd9-photos.leclercdrive.fr/image.ashx?id=2581798&use=l&cat=p&typeid=i","cat":284594},{"id":213441,"n":"Gel douche Sanex Natural Prebiotic - Protection 2x425ml","p":8.6,"u":"10,12 €/L","img":"https://fd9-photos.leclercdrive.fr/image.ashx?id=2757875&use=l&cat=p&typeid=i","cat":284594},{"id":213443,"n":"Après-Shampoing Franck Provost Expert nutrition - 450ml","p":4.06,"u":"9,02 €/L","img":"https://fd9-photos.leclercdrive.fr/image.ashx?id=2581807&use=l&cat=p&typeid=i","cat":284607},{"id":213454,"n":"Petits pois Eco+ 1kg","p":1.52,"u":"1,52 €/KG","img":"https://fd9-photos.leclercdrive.fr/image.ashx?id=2699874&use=l&cat=p&typeid=i","cat":319805},{"id":213455,"n":"Champignons Eco+ 1kg","p":1.45,"u":"1,45 €/KG","img":"https://fd9-photos.leclercdrive.fr/image.ashx?id=2593339&use=l&cat=p&typeid=i","cat":319805},{"id":213456,"n":"Quart de jambon sec Eco+ 14 tranches - 200g","p":2.33,"u":"11,65 €/KG","img":"https://fd9-photos.leclercdrive.fr/image.ashx?id=2579219&use=l&cat=p&typeid=i","cat":316007},{"id":213528,"n":"Gel WC Canard 100% Détartrant - 750ml","p":2.39,"u":"3,19 €/L","img":"https://fd9-photos.leclercdrive.fr/image.ashx?id=2580194&use=l&cat=p&typeid=i","cat":284662},{"id":213537,"n":"Glace Viennetta Façon Cappuccino - 320g","p":2.23,"u":"6,97 €/KG","img":"https://fd9-photos.leclercdrive.fr/image.ashx?id=2580239&use=l&cat=p&typeid=i","cat":284266},{"id":213556,"n":"Shampoing Nutrition Elsève Cheveux secs - 300ml","p":4.81,"u":"16,03 €/L","img":"https://fd9-photos.leclercdrive.fr/image.ashx?id=2580780&use=l&cat=p&typeid=i","cat":284606},{"id":213560,"n":"Shampoing Booster Force Elsève Full Resist Cheveu Fin - 300ml","p":4.38,"u":"14,60 €/L","img":"https://fd9-photos.leclercdrive.fr/image.ashx?id=2580786&use=l&cat=p&typeid=i","cat":284606},{"id":213575,"n":"Shampoing disciplinant Elsève Liss-Intense Cheveu sec - 350ml","p":4.5,"u":"12,86 €/L","img":"https://fd9-photos.leclercdrive.fr/image.ashx?id=2582255&use=l&cat=p&typeid=i","cat":284606},{"id":213581,"n":"Gel douche Cadum Crème d'amande - 450ml","p":2.87,"u":"6,38 €/L","img":"https://fd9-photos.leclercdrive.fr/image.ashx?id=2582273&use=l&cat=p&typeid=i","cat":284594},{"id":213582,"n":"Crème Douche surgras Bio Cadum Karité - 450ml","p":2.66,"u":"5,91 €/L","img":"https://fd9-photos.leclercdrive.fr/image.ashx?id=2580801&use=l&cat=p&typeid=i","cat":284594},{"id":213604,"n":"Crème Douche Hydratation Cadum Huile d'Amandes Douces - 450ml","p":2.66,"u":"5,91 €/L","img":"https://fd9-photos.leclercdrive.fr/image.ashx?id=2582282&use=l&cat=p&typeid=i","cat":284594},{"id":213606,"n":"Gel Douche Sans Savon Bio Cadum Huile d'Amandes Douces - 450ml","p":2.64,"u":"5,87 €/L","img":"https://fd9-photos.leclercdrive.fr/image.ashx?id=2582288&use=l&cat=p&typeid=i","cat":284594},{"id":213610,"n":"Douche Crème Dop Lait d'Amande Douce - 290ml","p":1.73,"u":"5,97 €/L","img":"https://fd9-photos.leclercdrive.fr/image.ashx?id=2582300&use=l&cat=p&typeid=i","cat":284594},{"id":213614,"n":"Lentilles corail Notre Jardin 500g","p":1.72,"u":"3,44 €/KG","img":"https://fd9-photos.leclercdrive.fr/image.ashx?id=2983835&use=l&cat=p&typeid=i","cat":284430},{"id":213687,"n":"Shampoing karité Franck Provost Cheveux Secs, très secs - 500ml","p":4.06,"u":"8,12 €/L","img":"https://fd9-photos.leclercdrive.fr/image.ashx?id=2581804&use=l&cat=p&typeid=i","cat":284606},{"id":213688,"n":"Shampoing Karité Franck Provost Cheveux Très Secs épais - 500ml","p":4.06,"u":"8,12 €/L","img":"https://fd9-photos.leclercdrive.fr/image.ashx?id=2582312&use=l&cat=p&typeid=i","cat":284606},{"id":213690,"n":"Shampoing Franck Provost Cheveux abîmés cassants - 500ml","p":4.06,"u":"8,12 €/L","img":"https://fd9-photos.leclercdrive.fr/image.ashx?id=2582315&use=l&cat=p&typeid=i","cat":284606},{"id":213692,"n":"Shampooing Franck Provost Cheveux colorés - 500ml","p":4.06,"u":"8,12 €/L","img":"https://fd9-photos.leclercdrive.fr/image.ashx?id=2582321&use=l&cat=p&typeid=i","cat":284606},{"id":213695,"n":"Recharge Gel douche Cadum Sans Sulfate - 500ml","p":2.88,"u":"5,76 €/L","img":"https://fd9-photos.leclercdrive.fr/image.ashx?id=2581810&use=l&cat=p&typeid=i","cat":284594},{"id":213703,"n":"Gel Corps et Cheveux Cadum Sans Sulfate - 400ml","p":2.82,"u":"7,05 €/L","img":"https://fd9-photos.leclercdrive.fr/image.ashx?id=2582270&use=l&cat=p&typeid=i","cat":284594},{"id":213724,"n":"Bouchée pour chien Eco+ Boeuf, pâtes, carottes - 1.2kg","p":1.93,"u":"1,61 €/KG","img":"https://fd9-photos.leclercdrive.fr/image.ashx?id=2815728&use=l&cat=p&typeid=i","cat":288578},{"id":213749,"n":"Bière blonde Pélican 6x33cl","p":8.0,"u":"4,04 €/L","img":"https://fd9-photos.leclercdrive.fr/image.ashx?id=2946922&use=l&cat=p&typeid=i","cat":334872},{"id":213782,"n":"Bloc WC Canard Eau Bleue 5 en 1 - x2","p":1.5,"u":"0,75 €/P","img":"https://fd9-photos.leclercdrive.fr/image.ashx?id=2582378&use=l&cat=p&typeid=i","cat":284662},{"id":213792,"n":"Nettoyant sol savon noir Perfboost Carolin -1L","p":2.61,"u":"2,61 €/L","img":"https://fd9-photos.leclercdrive.fr/image.ashx?id=2582633&use=l&cat=p&typeid=i","cat":284907},{"id":213817,"n":"Croquettes chats Perfect Fit Stérilisés, saumon - 1.4kg","p":6.6,"u":"4,71 €/KG","img":"https://fd9-photos.leclercdrive.fr/image.ashx?id=2619163&use=l&cat=p&typeid=i","cat":284680},{"id":213823,"n":"Soupline dilué 3D grand air 2.85l","p":6.79,"u":"2,38 €/L","img":"https://fd9-photos.leclercdrive.fr/image.ashx?id=2811791&use=l&cat=p&typeid=i","cat":284650},{"id":213828,"n":"Paic Expert anti-calcaire 500 ml","p":2.43,"u":"4,86 €/L","img":"https://fd9-photos.leclercdrive.fr/image.ashx?id=2583485&use=l&cat=p&typeid=i","cat":284655},{"id":213830,"n":"Adoucissant Soupline concentré  3D Grand air - 1,35L","p":5.04,"u":"3,73 €/L","img":"https://fd9-photos.leclercdrive.fr/image.ashx?id=2924950&use=l&cat=p&typeid=i","cat":284650},{"id":213833,"n":"Colgate Chloro intense  75ml","p":1.16,"u":"15,47 €/L","img":"https://fd9-photos.leclercdrive.fr/image.ashx?id=2964231&use=l&cat=p&typeid=i","cat":284612},{"id":213834,"n":"Brosse à dents Colgate Extra-clean souple - x4","p":1.99,"u":"0,50 €/P","img":"https://fd9-photos.leclercdrive.fr/image.ashx?id=3011950&use=l&cat=p&typeid=i","cat":284614},{"id":213836,"n":"Dentifrice Colgate Ultra Brite  Haleine Fraîche - 75ml","p":1.21,"u":"16,13 €/L","img":"https://fd9-photos.leclercdrive.fr/image.ashx?id=2802845&use=l&cat=p&typeid=i","cat":284612},{"id":213857,"n":"Recharges WC Canard Fresh Disc  Fraîcheur Marine - 2x6 disques","p":5.26,"u":"2,63 €/P","img":"https://fd9-photos.leclercdrive.fr/image.ashx?id=2754824&use=l&cat=p&typeid=i","cat":284662},{"id":213861,"n":"Mélange à l'Orientale Ducros 32g","p":2.29,"u":"71,56 €/KG","img":"https://fd9-photos.leclercdrive.fr/image.ashx?id=2583335&use=l&cat=p&typeid=i","cat":298297},{"id":213865,"n":"Mélange Pizza Ducros 12g","p":2.5,"u":"208,33 €/KG","img":"https://fd9-photos.leclercdrive.fr/image.ashx?id=2583344&use=l&cat=p&typeid=i","cat":298297},{"id":213870,"n":"Mélange pour volailles Ducros 59g","p":3.0,"u":"50,85 €/KG","img":"https://fd9-photos.leclercdrive.fr/image.ashx?id=2583365&use=l&cat=p&typeid=i","cat":298297},{"id":213881,"n":"Soupe pot au feu Maggi  Aux vermicelles - 57g","p":0.56,"u":"9,82 €/KG","img":"https://fd9-photos.leclercdrive.fr/image.ashx?id=2614362&use=l&cat=p&typeid=i","cat":284463},{"id":213930,"n":"Fromage enfant La Vache qui rit Original 24P à tartiner - 384g","p":3.77,"u":"9,82 €/KG","img":"https://fd9-photos.leclercdrive.fr/image.ashx?id=2945451&use=l&cat=p&typeid=i","cat":314030},{"id":213953,"n":"Recharges WC Canard fresh disc Citron - 2x6 disques","p":4.8,"u":"2,40 €/P","img":"https://fd9-photos.leclercdrive.fr/image.ashx?id=2754821&use=l&cat=p&typeid=i","cat":284662},{"id":213954,"n":"Protège-slips Vania Pocket Normal - x30","p":2.24,"u":"0,07 €/P","img":"https://fd9-photos.leclercdrive.fr/image.ashx?id=2735245&use=l&cat=p&typeid=i","cat":284625},{"id":213958,"n":"Crème Corps Hydratante Mixa Peau très Sèche, terne - 400ml","p":5.32,"u":"13,30 €/L","img":"https://fd9-photos.leclercdrive.fr/image.ashx?id=2595767&use=l&cat=p&typeid=i","cat":325350},{"id":213959,"n":"Nettoyant ménager Pliz Fée du logis - 250ml","p":2.24,"u":"8,96 €/L","img":"https://fd9-photos.leclercdrive.fr/image.ashx?id=2585540&use=l&cat=p&typeid=i","cat":325364},{"id":213961,"n":"Terrine chiens Tous Mes Amis Viandes carottes - 1.2kg","p":1.95,"u":"1,63 €/KG","img":"https://fd9-photos.leclercdrive.fr/image.ashx?id=3015590&use=l&cat=p&typeid=i","cat":288578},{"id":213964,"n":"Nettoyant ménager Ajax Maison pure Sureau - 1.25L","p":2.61,"u":"2,09 €/L","img":"https://fd9-photos.leclercdrive.fr/image.ashx?id=2585555&use=l&cat=p&typeid=i","cat":284907},{"id":213965,"n":"Adoucissant Eco+ Fraîcheur - 1.5L - x60","p":1.64,"u":"1,09 €/L","img":"https://fd9-photos.leclercdrive.fr/image.ashx?id=2967543&use=l&cat=p&typeid=i","cat":284650},{"id":214083,"n":"Moutarde de Dijon Rustica Fine et forte - 200g","p":1.29,"u":"6,45 €/KG","img":"https://fd9-photos.leclercdrive.fr/image.ashx?id=2954388&use=l&cat=p&typeid=i","cat":288850},{"id":214087,"n":"Soda Coca-Cola Original Bouteille - 1,75L","p":2.32,"u":"1,33 €/L","img":"https://fd9-photos.leclercdrive.fr/image.ashx?id=2971745&use=l&cat=p&typeid=i","cat":284530},{"id":214104,"n":"Toasts Seigle spécial huîtres Tranches épaisses Harrys 250G","p":1.75,"u":"7,00 €/KG","img":"https://fd9-photos.leclercdrive.fr/image.ashx?id=2599200&use=l&cat=p&typeid=i","cat":285454},{"id":214105,"n":"Toast Brioché spécial foie gras Tranches épaisses Harrys 250G","p":1.75,"u":"7,00 €/KG","img":"https://fd9-photos.leclercdrive.fr/image.ashx?id=2587581&use=l&cat=p&typeid=i","cat":285454},{"id":214119,"n":"Dominos de couleurs Chromino Dès 6 ans","p":21.7,"img":"https://fd9-photos.leclercdrive.fr/image.ashx?id=2587731&use=l&cat=p&typeid=i","cat":334378},{"id":214121,"n":"Dobble Disney 100 ans Dès 8 ans","p":12.5,"img":"https://fd9-photos.leclercdrive.fr/image.ashx?id=2830537&use=l&cat=p&typeid=i","cat":334378},{"id":214123,"n":"Dobble Pat'Patrouille Dès 4 ans","p":12.5,"img":"https://fd9-photos.leclercdrive.fr/image.ashx?id=2587722&use=l&cat=p&typeid=i","cat":334378},{"id":214124,"n":"Jeu Super Sonic Super Teams Dès 6 ans","p":23.4,"img":"https://fd9-photos.leclercdrive.fr/image.ashx?id=2587719&use=l&cat=p&typeid=i","cat":334378},{"id":214133,"n":"Fabulus Magix Dès 8 ans","p":21.0,"u":"Dont 0,07 € d'éco-part.","img":"https://fd9-photos.leclercdrive.fr/image.ashx?id=2587599&use=l&cat=p&typeid=i","cat":334378},{"id":214134,"n":"Mille bornes Pat'Patrouille Dès 3 ans","p":18.9,"img":"https://fd9-photos.leclercdrive.fr/image.ashx?id=2587605&use=l&cat=p&typeid=i","cat":334378},{"id":214147,"n":"Twister Junior Dès 3 ans","p":14.9,"img":"https://fd9-photos.leclercdrive.fr/image.ashx?id=2587794&use=l&cat=p&typeid=i","cat":334378},{"id":214179,"n":"Barbie Joyeux noël Blonde Dès 6 ans","p":37.9,"img":"https://fd9-photos.leclercdrive.fr/image.ashx?id=2606855&use=l&cat=p&typeid=i","cat":334379},{"id":214180,"n":"Barbie Joyeux noël Brune Dès 6 ans","p":37.9,"img":"https://fd9-photos.leclercdrive.fr/image.ashx?id=2587335&use=l&cat=p&typeid=i","cat":334379},{"id":214187,"n":"Barbie voyage Dès 3 ans","p":22.9,"img":"https://fd9-photos.leclercdrive.fr/image.ashx?id=2767042&use=l&cat=p&typeid=i","cat":334379},{"id":214195,"n":"DJ le robot danseur vert Dès 9 mois","p":31.8,"u":"Dont 0,23 € d'éco-part.","img":"https://fd9-photos.leclercdrive.fr/image.ashx?id=2845212&use=l&cat=p&typeid=i","cat":334379},{"id":214199,"n":"Poupée Ariel 29cm Dès 3 ans","p":9.5,"img":"https://fd9-photos.leclercdrive.fr/image.ashx?id=2845224&use=l&cat=p&typeid=i","cat":334379},{"id":214200,"n":"Poupée Aurore 29cm Dès 3 ans","p":9.5,"img":"https://fd9-photos.leclercdrive.fr/image.ashx?id=2752762&use=l&cat=p&typeid=i","cat":334379},{"id":214201,"n":"Poupée Cendrillon 29cm Dès 3 ans","p":9.5,"img":"https://fd9-photos.leclercdrive.fr/image.ashx?id=2845218&use=l&cat=p&typeid=i","cat":334379},{"id":214208,"n":"Poupée Raiponce 29cm Dès 3 ans","p":9.5,"img":"https://fd9-photos.leclercdrive.fr/image.ashx?id=2845221&use=l&cat=p&typeid=i","cat":334379},{"id":214210,"n":"Salamèche médium Dès 7 ans","p":16.5,"img":"https://fd9-photos.leclercdrive.fr/image.ashx?id=2767054&use=l&cat=p&typeid=i","cat":334380},{"id":214212,"n":"Super garage dragon Dès 5 ans","p":89.4,"img":"https://fd9-photos.leclercdrive.fr/image.ashx?id=2845215&use=l&cat=p&typeid=i","cat":334382},{"id":214328,"n":"Déodorant Spray compressé Dove Anti-Transpirant Original 200ml","p":2.28,"u":"11,40 €/L","img":"https://fd9-photos.leclercdrive.fr/image.ashx?id=2877250&use=l&cat=p&typeid=i","cat":284595},{"id":214332,"n":"Chili Cheese Nuggets Pickers By McCain - 230g","p":3.75,"u":"16,30 €/KG","img":"https://fd9-photos.leclercdrive.fr/image.ashx?id=2958678&use=l&cat=p&typeid=i","cat":319822},{"id":214389,"n":"Lame OneBlade Philips QP215/50 - First have - x1","p":11.59,"img":"https://fd9-photos.leclercdrive.fr/image.ashx?id=2589554&use=l&cat=p&typeid=i","cat":284616},{"id":214392,"n":"Gel douche Le Petit Marseillais Homme - Minéraux & bois - 250ml","p":1.71,"u":"6,84 €/L","img":"https://fd9-photos.leclercdrive.fr/image.ashx?id=2684548&use=l&cat=p&typeid=i","cat":284619},{"id":214393,"n":"Gel douche Le Petit Marseillais Homme - Pin & eucalyptus 250ml","p":1.89,"u":"7,56 €/L","img":"https://fd9-photos.leclercdrive.fr/image.ashx?id=2684551&use=l&cat=p&typeid=i","cat":284619},{"id":214403,"n":"Lessive liquide Bonux L'original 50 Lavages - 2.25L","p":7.87,"u":"3,50 €/L","img":"https://fd9-photos.leclercdrive.fr/image.ashx?id=2881993&use=l&cat=p&typeid=i","cat":284640},{"id":214419,"n":"Lames Gillette Mach3 - Classique - x6","p":17.95,"u":"2,99 €/P","img":"https://fd9-photos.leclercdrive.fr/image.ashx?id=2859908&use=l&cat=p&typeid=i","cat":284616},{"id":214455,"n":"Piles rechargeables Foxter Accus - RTU - HR06 2350 mAh x4","p":6.99,"u":"1,75 €/P","img":"https://fd9-photos.leclercdrive.fr/image.ashx?id=2594884&use=l&cat=p&typeid=i","cat":300572},{"id":214456,"n":"Pile rechargeable Foxter Accu - HR22 - 200mAh - x1","p":4.75,"img":"https://fd9-photos.leclercdrive.fr/image.ashx?id=2639296&use=l&cat=p&typeid=i","cat":300572},{"id":214513,"n":"Après-shampooing Nuxe Hair prodigieux - 200ml","p":19.89,"u":"99,45 €/L","img":"https://fd9-photos.leclercdrive.fr/image.ashx?id=2651561&use=l&cat=p&typeid=i","cat":290398},{"id":214514,"n":"Masque Nuxe Hair prodigieux - 125ml","p":22.49,"u":"179,92 €/L","img":"https://fd9-photos.leclercdrive.fr/image.ashx?id=2651564&use=l&cat=p&typeid=i","cat":290399},{"id":214519,"n":"Shampooing Nuxe Hair Prodigieux 200ml","p":12.89,"u":"64,45 €/L","img":"https://fd9-photos.leclercdrive.fr/image.ashx?id=2651567&use=l&cat=p&typeid=i","cat":290400},{"id":214521,"n":"Crème lavante Weleda Corps & cheveux - 400ml","p":5.98,"u":"14,95 €/L","img":"https://fd9-photos.leclercdrive.fr/image.ashx?id=2590809&use=l&cat=p&typeid=i","cat":301591},{"id":214523,"n":"Gel moussant Sebiaclear 400ml","p":8.98,"u":"22,45 €/L","img":"https://fd9-photos.leclercdrive.fr/image.ashx?id=2591288&use=l&cat=p&typeid=i","cat":301587},{"id":214524,"n":"Gommage nourrissant Nuxe Rêve de Miel - Corps - 175ml","p":16.69,"u":"95,37 €/L","img":"https://fd9-photos.leclercdrive.fr/image.ashx?id=2651501&use=l&cat=p&typeid=i","cat":301591},{"id":214526,"n":"Crème de mains Cica Rêve de Miel - 50ml","p":6.76,"u":"135,20 €/L","img":"https://fd9-photos.leclercdrive.fr/image.ashx?id=2651540&use=l&cat=p&typeid=i","cat":290424},{"id":214527,"n":"Baume lèvre Nuxe Very rose - 15g","p":8.71,"u":"580,67 €/KG","img":"https://fd9-photos.leclercdrive.fr/image.ashx?id=2670740&use=l&cat=p&typeid=i","cat":291172},{"id":214543,"n":"Cassoulet au confit de canard Montfort -  1.35kg","p":13.45,"u":"9,96 €/KG","img":"https://fd9-photos.leclercdrive.fr/image.ashx?id=2590758&use=l&cat=p&typeid=i","cat":284440},{"id":214591,"n":"Camion transporteur Kidway Dès 3 ans","p":19.9,"img":"https://fd9-photos.leclercdrive.fr/image.ashx?id=2593480&use=l&cat=p&typeid=i","cat":334382},{"id":214593,"n":"Mini drone Mario Carrera R/C Dès 8 ans","p":34.8,"u":"Dont 0,22 € d'éco-part.","img":"https://fd9-photos.leclercdrive.fr/image.ashx?id=2593342&use=l&cat=p&typeid=i","cat":334382},{"id":214594,"n":"Garage voiture 2 niveaux Kidway Dès 3 ans","p":11.9,"img":"https://fd9-photos.leclercdrive.fr/image.ashx?id=2593483&use=l&cat=p&typeid=i","cat":334382},{"id":214595,"n":"Manon set docteur Kidway Dès 2 ans","p":12.9,"img":"https://fd9-photos.leclercdrive.fr/image.ashx?id=2593851&use=l&cat=p&typeid=i","cat":334379},{"id":214601,"n":"Pêche à la ligne Kidway 2 à 4 joueurs - Dès 3 ans","p":7.9,"u":"Dont 0,12 € d'éco-part.","img":"https://fd9-photos.leclercdrive.fr/image.ashx?id=2593842&use=l&cat=p&typeid=i","cat":334379},{"id":214612,"n":"Set imitation 1er âge Kidway Dès 1 an","p":14.9,"u":"Dont 0,12 € d'éco-part.","img":"https://fd9-photos.leclercdrive.fr/image.ashx?id=2593839&use=l&cat=p&typeid=i","cat":334378},{"id":214613,"n":"Station de secours Kidway Dès 3 ans","p":19.9,"u":"Dont 0,22 € d'éco-part.","img":"https://fd9-photos.leclercdrive.fr/image.ashx?id=2593854&use=l&cat=p&typeid=i","cat":334382},{"id":214626,"n":"S.O.S Ouistiti Mattel Dès 5 ans","p":14.5,"img":"https://fd9-photos.leclercdrive.fr/image.ashx?id=2593393&use=l&cat=p&typeid=i","cat":334378},{"id":214639,"n":"Ordi Genius Kid VTech Rose - Dès 3 ans","p":18.9,"u":"Dont 0,22 € d'éco-part.","img":"https://fd9-photos.leclercdrive.fr/image.ashx?id=2593354&use=l&cat=p&typeid=i","cat":334378},{"id":214640,"n":"Ordi Genius Kid VTech Noir - Dès 3 ans","p":18.9,"u":"Dont 0,22 € d'éco-part.","img":"https://fd9-photos.leclercdrive.fr/image.ashx?id=2593351&use=l&cat=p&typeid=i","cat":334378},{"id":214723,"n":"Biscuit bébé Kiddylicious  Wafers fraise dès 6 mois 4x2p","p":1.46,"u":"91,25 €/KG","img":"https://fd9-photos.leclercdrive.fr/image.ashx?id=2929152&use=l&cat=p&typeid=i","cat":312394},{"id":214724,"n":"Biscuit bébé Kiddylicious Wafers Banane dès 6 mois (4x2p)","p":1.46,"u":"91,25 €/KG","img":"https://fd9-photos.leclercdrive.fr/image.ashx?id=2929149&use=l&cat=p&typeid=i","cat":312394},{"id":214728,"n":"Biscuits bébé Kiddylicious Saveur légumes dès 9 mois 4x12g","p":2.93,"u":"61,04 €/KG","img":"https://fd9-photos.leclercdrive.fr/image.ashx?id=2929140&use=l&cat=p&typeid=i","cat":312394},{"id":214762,"n":"Nouilles Banzai Noodle poulet  cup - 67g","p":1.26,"u":"18,81 €/KG","img":"https://fd9-photos.leclercdrive.fr/image.ashx?id=2730004&use=l&cat=p&typeid=i","cat":288992},{"id":214800,"n":"Croquettes petit chien   Pedigree au bœuf - 2kg","p":7.65,"u":"3,83 €/KG","img":"https://fd9-photos.leclercdrive.fr/image.ashx?id=2876995&use=l&cat=p&typeid=i","cat":294526},{"id":214812,"n":"Capsule Nescafé Dolce Gusto Neo  Cappuccino - x6 - 122g","p":4.31,"pp":2.84,"u":"23,28 €/KG","img":"https://fd9-photos.leclercdrive.fr/image.ashx?id=2947228&use=l&cat=p&typeid=i","cat":293241},{"id":214848,"n":"Champignons blancs de Paris  Eco+ - 200g","p":0.95,"u":"4,75 €/KG","img":"https://fd9-photos.leclercdrive.fr/image.ashx?id=2742685&use=l&cat=p&typeid=i","cat":284352},{"id":214876,"n":"Foie gras de canard entier  Secret d'Éleveurs - 180g","p":10.9,"u":"60,56 €/KG","img":"https://fd9-photos.leclercdrive.fr/image.ashx?id=2594929&use=l&cat=p&typeid=i","cat":316008},{"id":214902,"n":"Colle Loctite Super glue 3 - 20g","p":11.9,"u":"595,00 €/KG","img":"https://fd9-photos.leclercdrive.fr/image.ashx?id=2595215&use=l&cat=p&typeid=i","cat":300576},{"id":215017,"n":"Croutons ail Tipiak 220g","p":3.01,"u":"13,68 €/KG","img":"https://fd9-photos.leclercdrive.fr/image.ashx?id=2688872&use=l&cat=p&typeid=i","cat":284464},{"id":215146,"n":"Les Légumes Gratinés d'Aucy Chou-fleur Pomme de terre 300g","p":4.2,"u":"14,00 €/KG","img":"https://fd9-photos.leclercdrive.fr/image.ashx?id=2597363&use=l&cat=p&typeid=i","cat":319802},{"id":215153,"n":"Cuisses de poulet Maître Coq 1.4kg","p":5.46,"u":"3,90 €/KG","img":"https://fd9-photos.leclercdrive.fr/image.ashx?id=2597408&use=l&cat=p&typeid=i","cat":319780},{"id":215377,"n":"Fromage Persillée Bresse Bleu Le véritable - 200g","p":2.79,"u":"13,95 €/KG","img":"https://fd9-photos.leclercdrive.fr/image.ashx?id=2927486&use=l&cat=p&typeid=i","cat":314032},{"id":215378,"n":"Sérum Visage Post-Acné Nivea Anti-taches Luminous - 30ml","p":20.32,"u":"677,33 €/L","img":"https://fd9-photos.leclercdrive.fr/image.ashx?id=2836124&use=l&cat=p&typeid=i","cat":325345},{"id":215379,"n":"Sérum Visage Anti-âge Nivea Anti-taches Luminous - 30ml","p":17.7,"u":"590,00 €/L","img":"https://fd9-photos.leclercdrive.fr/image.ashx?id=2985492&use=l&cat=p&typeid=i","cat":325345},{"id":215497,"n":"Chocolat liqueur  Abtey Poire williams - x10 - 200g","p":6.85,"u":"34,25 €/KG","img":"https://fd9-photos.leclercdrive.fr/image.ashx?id=2599583&use=l&cat=p&typeid=i","cat":327601},{"id":215501,"n":"Casier chocolat  liqueur Abtey x12 -  155g","p":6.07,"u":"39,16 €/KG","img":"https://fd9-photos.leclercdrive.fr/image.ashx?id=2731174&use=l&cat=p&typeid=i","cat":327601},{"id":215502,"n":"Casier chocolat liqueur Abtey Rhum arrangé x12 - 155g","p":6.07,"u":"39,16 €/KG","img":"https://fd9-photos.leclercdrive.fr/image.ashx?id=2599586&use=l&cat=p&typeid=i","cat":327601},{"id":215571,"n":"Père Noël Jacquot moulage chocolat 100g","p":1.95,"u":"19,50 €/KG","img":"https://fd9-photos.leclercdrive.fr/image.ashx?id=2855876&use=l&cat=p&typeid=i","cat":327592},{"id":215574,"n":"Assortiment Jacquot  310g","p":4.35,"u":"14,03 €/KG","img":"https://fd9-photos.leclercdrive.fr/image.ashx?id=2599598&use=l&cat=p&typeid=i","cat":327592},{"id":215581,"n":"Bouchées chocolats mon chéri  x30 - 315g","p":8.76,"u":"27,81 €/KG","img":"https://fd9-photos.leclercdrive.fr/image.ashx?id=2952923&use=l&cat=p&typeid=i","cat":327601},{"id":215586,"n":"Moulage chocolat Kinder 110g","p":3.68,"u":"33,45 €/KG","img":"https://fd9-photos.leclercdrive.fr/image.ashx?id=2764155&use=l&cat=p&typeid=i","cat":327592},{"id":215602,"n":"Schoko-bons white Kinder ballotin 380g","p":8.99,"u":"23,66 €/KG","img":"https://fd9-photos.leclercdrive.fr/image.ashx?id=2917061&use=l&cat=p&typeid=i","cat":327592},{"id":215617,"n":"Bauli creazioni di panettone Pistacchio 750g","p":11.62,"u":"15,49 €/KG","img":"https://fd9-photos.leclercdrive.fr/image.ashx?id=2740304&use=l&cat=p&typeid=i","cat":327607},{"id":215618,"n":"Bauli creazioni di panettone Nocciola Piemonte IGP 750g","p":11.95,"u":"15,93 €/KG","img":"https://fd9-photos.leclercdrive.fr/image.ashx?id=2740307&use=l&cat=p&typeid=i","cat":327607},{"id":215633,"n":"Fizzy Lisa la licorne  100g","p":11.95,"u":"119,50 €/KG","img":"https://fd9-photos.leclercdrive.fr/image.ashx?id=2659349&use=l&cat=p&typeid=i","cat":327789},{"id":215636,"n":"Fizzy x-mas twisty 40g","p":1.65,"u":"41,25 €/KG","img":"https://fd9-photos.leclercdrive.fr/image.ashx?id=2851015&use=l&cat=p&typeid=i","cat":327592},{"id":215688,"n":"Boule de noël Pokemon - 5g","p":2.48,"u":"496,00 €/KG","img":"https://fd9-photos.leclercdrive.fr/image.ashx?id=2978922&use=l&cat=p&typeid=i","cat":327789},{"id":215716,"n":"Père Noël blanc Milka 90g","p":3.62,"u":"40,22 €/KG","img":"https://fd9-photos.leclercdrive.fr/image.ashx?id=2599946&use=l&cat=p&typeid=i","cat":327592},{"id":215739,"n":"Galak Chocolat Noël Mini Figurines - 147g","p":5.87,"u":"39,93 €/KG","img":"https://fd9-photos.leclercdrive.fr/image.ashx?id=2897375&use=l&cat=p&typeid=i","cat":327592},{"id":215740,"n":"Crunch Chocolat Noël Mini Figurines - 144g","p":5.87,"u":"40,76 €/KG","img":"https://fd9-photos.leclercdrive.fr/image.ashx?id=2763987&use=l&cat=p&typeid=i","cat":327592},{"id":215764,"n":"Lutins et boules Rohan 245g","p":5.35,"u":"21,84 €/KG","img":"https://fd9-photos.leclercdrive.fr/image.ashx?id=2620296&use=l&cat=p&typeid=i","cat":327592},{"id":215890,"n":"Piles alcalines Varta V23GA - x2","p":4.99,"u":"2,50 €/P","img":"https://fd9-photos.leclercdrive.fr/image.ashx?id=2600770&use=l&cat=p&typeid=i","cat":300572},{"id":215917,"n":"Liquide de Rinçage Finish  800ml","p":4.99,"u":"6,24 €/L","img":"https://fd9-photos.leclercdrive.fr/image.ashx?id=2864678&use=l&cat=p&typeid=i","cat":284657},{"id":216095,"n":"Chips Tortilla Doritos Goût nacho cheese - 160g","p":1.53,"u":"9,56 €/KG","img":"https://fd9-photos.leclercdrive.fr/image.ashx?id=2990478&use=l&cat=p&typeid=i","cat":287899},{"id":216096,"n":"Chips Tortilla Doritos Goût Nature Sel - 160g","p":1.86,"u":"11,63 €/KG","img":"https://fd9-photos.leclercdrive.fr/image.ashx?id=2880715&use=l&cat=p&typeid=i","cat":287899},{"id":216098,"n":"Chips Tortilla Doritos Goût sweet chili - 160g","p":1.81,"u":"11,31 €/KG","img":"https://fd9-photos.leclercdrive.fr/image.ashx?id=2990475&use=l&cat=p&typeid=i","cat":287899},{"id":216099,"n":"Chips Tortilla Doritos Goût sour cream - 160g","p":1.98,"u":"12,38 €/KG","img":"https://fd9-photos.leclercdrive.fr/image.ashx?id=2890088&use=l&cat=p&typeid=i","cat":287899},{"id":216275,"n":"Gel wc action intense menthe Canard WC - 750ml","p":1.56,"u":"2,08 €/L","img":"https://fd9-photos.leclercdrive.fr/image.ashx?id=2604831&use=l&cat=p&typeid=i","cat":284662},{"id":216303,"n":"Riz Méditerranée Ben's original  Express 2mn - 220g","p":1.27,"u":"5,08 €/KG","img":"https://fd9-photos.leclercdrive.fr/image.ashx?id=2995301&use=l&cat=p&typeid=i","cat":287600},{"id":216350,"n":"Émincés de porc au curry L'Atelier Boucherie - 300g","p":4.59,"u":"15,30 €/KG","img":"https://fd9-photos.leclercdrive.fr/image.ashx?id=2854279&use=l&cat=p&typeid=i","cat":284331},{"id":216353,"n":"Émincés de porc caramel L'Atelier Boucherie - 300g","p":4.59,"u":"15,30 €/KG","img":"https://fd9-photos.leclercdrive.fr/image.ashx?id=2854297&use=l&cat=p&typeid=i","cat":284331},{"id":216463,"n":"Lingettes désinfectantes St  Marc Anti-Bactériennes - x80","p":2.4,"u":"0,03 €/P","img":"https://fd9-photos.leclercdrive.fr/image.ashx?id=2811341&use=l&cat=p&typeid=i","cat":325358},{"id":216465,"n":"Gâteaux P'tit moelleux Savane 135g","p":1.77,"u":"13,11 €/KG","img":"https://fd9-photos.leclercdrive.fr/image.ashx?id=2881458&use=l&cat=p&typeid=i","cat":284495},{"id":216597,"n":"Pâte à tartiner Andros be nuts Cacahuète crémeux - 325g","p":3.33,"u":"10,25 €/KG","img":"https://fd9-photos.leclercdrive.fr/image.ashx?id=2916201&use=l&cat=p&typeid=i","cat":284481},{"id":216775,"n":"Nettoyant ménager Pliz Fée du logis Classic - 250ml","p":2.24,"u":"8,96 €/L","img":"https://fd9-photos.leclercdrive.fr/image.ashx?id=2609953&use=l&cat=p&typeid=i","cat":325364},{"id":217003,"n":"Céréales coco pops Kellogg's Au chocolat - 550g","p":3.99,"u":"7,25 €/KG","img":"https://fd9-photos.leclercdrive.fr/image.ashx?id=2611080&use=l&cat=p&typeid=i","cat":309513},{"id":217117,"n":"Dosettes café Senseo Espresso Brazil x32","p":6.03,"u":"27,16 €/KG","img":"https://fd9-photos.leclercdrive.fr/image.ashx?id=2788058&use=l&cat=p&typeid=i","cat":293238},{"id":217119,"n":"Dosettes café Senseo Espresso Colombia x32","p":5.83,"u":"26,26 €/KG","img":"https://fd9-photos.leclercdrive.fr/image.ashx?id=2764646&use=l&cat=p&typeid=i","cat":293238},{"id":217256,"n":"Champignons de Paris blancs Panier du Primeur - 400g","p":2.39,"u":"5,98 €/KG","img":"https://fd9-photos.leclercdrive.fr/image.ashx?id=2610765&use=l&cat=p&typeid=i","cat":284352},{"id":217401,"n":"Crème mains La Roche-Posay Cicaplast - 100ml","p":8.99,"u":"89,90 €/L","img":"https://fd9-photos.leclercdrive.fr/image.ashx?id=2613477&use=l&cat=p&typeid=i","cat":290424},{"id":217402,"n":"Baume B5 La Roche-Posay Cicaplast - 15ml","p":4.95,"u":"330,00 €/L","img":"https://fd9-photos.leclercdrive.fr/image.ashx?id=2613480&use=l&cat=p&typeid=i","cat":290421},{"id":217403,"n":"Baume B5+ La Roche-Posay Cicaplast - 40ml","p":6.98,"u":"174,50 €/L","img":"https://fd9-photos.leclercdrive.fr/image.ashx?id=2846006&use=l&cat=p&typeid=i","cat":290421},{"id":217405,"n":"Pansements ampoules Compeed Talon - Sport - x5","p":7.99,"u":"1,60 €/P","img":"https://fd9-photos.leclercdrive.fr/image.ashx?id=2612679&use=l&cat=p&typeid=i","cat":291163},{"id":217406,"n":"Pansements ampoules Compeed Moyen format - x10","p":9.95,"u":"1,00 €/P","img":"https://fd9-photos.leclercdrive.fr/image.ashx?id=2612706&use=l&cat=p&typeid=i","cat":291163},{"id":217408,"n":"Gel douche Atoderm Bioderma Eco-recharge - 1L","p":7.98,"u":"7,98 €/L","img":"https://fd9-photos.leclercdrive.fr/image.ashx?id=2613591&use=l&cat=p&typeid=i","cat":301591},{"id":217414,"n":"Baume lèvres Avène Eau thermale Réparateur - Cicalfate + - 10ml","p":6.5,"u":"650,00 €/L","img":"https://fd9-photos.leclercdrive.fr/image.ashx?id=2613447&use=l&cat=p&typeid=i","cat":291172},{"id":217421,"n":"Soin Effaclar La Roche-Posay Duo + - 40ml","p":12.99,"u":"324,75 €/L","img":"https://fd9-photos.leclercdrive.fr/image.ashx?id=2613486&use=l&cat=p&typeid=i","cat":291166},{"id":217426,"n":"Pansements Elastoplast Flexibles - 2 formats - x20","p":3.04,"u":"0,15 €/P","img":"https://fd9-photos.leclercdrive.fr/image.ashx?id=2612751&use=l&cat=p&typeid=i","cat":291163},{"id":217427,"n":"Moulage chocolat Kinder Pingouin - 35g","p":1.75,"u":"50,00 €/KG","img":"https://fd9-photos.leclercdrive.fr/image.ashx?id=2619294&use=l&cat=p&typeid=i","cat":327592},{"id":217434,"n":"Sparadrap Elastoplast Classic - 5mx2,5cm","p":1.99,"img":"https://fd9-photos.leclercdrive.fr/image.ashx?id=2613612&use=l&cat=p&typeid=i","cat":291163},{"id":217454,"n":"Gel vaginal Replens Hydratant - x8 - 2018","p":10.4,"u":"1,30 €/P","img":"https://fd9-photos.leclercdrive.fr/image.ashx?id=2612655&use=l&cat=p&typeid=i","cat":301348},{"id":217457,"n":"Patchs invisibles Compeed Bouton de fièvre - x15","p":8.99,"u":"0,60 €/P","img":"https://fd9-photos.leclercdrive.fr/image.ashx?id=2613582&use=l&cat=p&typeid=i","cat":291172},{"id":217460,"n":"Shampooing Bioderma Nodé P - Apaisant - 400ml","p":8.48,"u":"21,20 €/L","img":"https://fd9-photos.leclercdrive.fr/image.ashx?id=2612742&use=l&cat=p&typeid=i","cat":290400},{"id":217465,"n":"Gelules ArkoLevure 250mg - x30","p":8.69,"u":"0,29 €/P","img":"https://fd9-photos.leclercdrive.fr/image.ashx?id=2613504&use=l&cat=p&typeid=i","cat":301268},{"id":217468,"n":"Complément alimentaire Supraflor - x30","p":13.39,"u":"0,45 €/P","img":"https://fd9-photos.leclercdrive.fr/image.ashx?id=2613510&use=l&cat=p&typeid=i","cat":301268},{"id":217543,"n":"Papillotes Revillon Lait Pralinés d'exception - 340g","p":12.14,"u":"35,71 €/KG","img":"https://fd9-photos.leclercdrive.fr/image.ashx?id=2614011&use=l&cat=p&typeid=i","cat":327597},{"id":217570,"n":"Complément alimentaire Chondrostéo+ - x180 - 2 mois","p":19.98,"u":"129,74 €/KG","img":"https://fd9-photos.leclercdrive.fr/image.ashx?id=2613561&use=l&cat=p&typeid=i","cat":301268},{"id":217572,"n":"Complément alimentaire Chondrostéo+ - 3x90","p":25.99,"u":"0,10 €/P","img":"https://fd9-photos.leclercdrive.fr/image.ashx?id=3002114&use=l&cat=p&typeid=i","cat":301268},{"id":217575,"n":"Spray Arkorelax Sommeil flash - 20ml","p":8.91,"u":"445,50 €/L","img":"https://fd9-photos.leclercdrive.fr/image.ashx?id=2614170&use=l&cat=p&typeid=i","cat":301265},{"id":217579,"n":"Complément alimentaire Cys- Control - Fort - x10","p":12.89,"u":"1,29 €/P","img":"https://fd9-photos.leclercdrive.fr/image.ashx?id=2886172&use=l&cat=p&typeid=i","cat":301268},{"id":217584,"n":"Complément alimentaire Arkorelax - Moral+ - x60","p":24.72,"u":"0,41 €/P","img":"https://fd9-photos.leclercdrive.fr/image.ashx?id=2614185&use=l&cat=p&typeid=i","cat":301268},{"id":217610,"n":"Café en grain  Bio Village Bio Pur arabica - 500g","p":8.29,"u":"16,58 €/KG","img":"https://fd9-photos.leclercdrive.fr/image.ashx?id=2615376&use=l&cat=p&typeid=i","cat":293237},{"id":217612,"n":"Café en grain Plantation Pur arabica - 1kg","p":13.06,"u":"13,06 €/KG","img":"https://fd9-photos.leclercdrive.fr/image.ashx?id=2824307&use=l&cat=p&typeid=i","cat":293237},{"id":217671,"n":"Dosettes Senseo Classique 2x60 dosettes - 832g","p":15.92,"u":"19,13 €/KG","img":"https://fd9-photos.leclercdrive.fr/image.ashx?id=2765429&use=l&cat=p&typeid=i","cat":293238},{"id":217675,"n":"Dosettes Senseo Corsé 2x60 dosettes - 832g","p":15.92,"u":"19,13 €/KG","img":"https://fd9-photos.leclercdrive.fr/image.ashx?id=2765432&use=l&cat=p&typeid=i","cat":293238},{"id":217721,"n":"Déodorant spray Dove Invisible Dry - 2x100ml","p":5.94,"u":"29,70 €/L","img":"https://fd9-photos.leclercdrive.fr/image.ashx?id=2903875&use=l&cat=p&typeid=i","cat":284595},{"id":217935,"n":"Désodorisant diffuseur Airwick  Active Fresh Coton - 75ml","p":3.41,"u":"45,47 €/L","img":"https://fd9-photos.leclercdrive.fr/image.ashx?id=2616186&use=l&cat=p&typeid=i","cat":311629},{"id":217936,"n":"Désodorisant diffuseur Airwick  Active Fresh Magnolia - 75ml","p":3.45,"u":"46,00 €/L","img":"https://fd9-photos.leclercdrive.fr/image.ashx?id=2616435&use=l&cat=p&typeid=i","cat":311629},{"id":217989,"n":"Dentifrice Integral 8 Signal HaleineFraîche Prébiotique 75ml","p":2.55,"u":"34,00 €/L","img":"https://fd9-photos.leclercdrive.fr/image.ashx?id=2985660&use=l&cat=p&typeid=i","cat":284612},{"id":217991,"n":"Dentifrice Signal Integral 8 Nettoyage intense - 75ml","p":2.45,"u":"32,67 €/L","img":"https://fd9-photos.leclercdrive.fr/image.ashx?id=2818190&use=l&cat=p&typeid=i","cat":284612},{"id":218000,"n":"Dentifrice Signal Système Blancheur 1 semaine - 75ml","p":1.77,"u":"23,60 €/L","img":"https://fd9-photos.leclercdrive.fr/image.ashx?id=2777516&use=l&cat=p&typeid=i","cat":284612},{"id":218108,"n":"Chocolats liqueurs Abtey Collection chardons - x20  280g","p":8.5,"u":"30,36 €/KG","img":"https://fd9-photos.leclercdrive.fr/image.ashx?id=2616559&use=l&cat=p&typeid=i","cat":327601},{"id":218176,"n":"Papillotes Revillon Noir 70% Lait Cafés d'exception - 340g","p":12.85,"u":"37,79 €/KG","img":"https://fd9-photos.leclercdrive.fr/image.ashx?id=2863281&use=l&cat=p&typeid=i","cat":327597},{"id":218178,"n":"Nuggets de dinde Côté Croc 1kg","p":5.99,"img":"https://fd9-photos.leclercdrive.fr/image.ashx?id=2837072&use=l&cat=p&typeid=i","cat":333684},{"id":218226,"n":"Assaisonnement Viandox Knorr 665ml","p":5.31,"u":"7,98 €/L","img":"https://fd9-photos.leclercdrive.fr/image.ashx?id=2729935&use=l&cat=p&typeid=i","cat":288383},{"id":218304,"n":"Cordon bleu de dinde Côté Croc 1kg","p":5.99,"u":"5,99 €/KG","img":"https://fd9-photos.leclercdrive.fr/image.ashx?id=2617319&use=l&cat=p&typeid=i","cat":333683},{"id":218305,"n":"Saucisses de Montbéliard IGP NRT - 500g","p":5.99,"u":"11,98 €/KG","img":"https://fd9-photos.leclercdrive.fr/image.ashx?id=2991509&use=l&cat=p&typeid=i","cat":316012},{"id":218310,"n":"Saumon fumé Delpeyrat Norvège 10 tranches - 300g","p":12.92,"u":"43,07 €/KG","img":"https://fd9-photos.leclercdrive.fr/image.ashx?id=2923540&use=l&cat=p&typeid=i","cat":285188},{"id":218330,"n":"Mini croque-monsieur Côté Table Truffe x12 - 100g","p":4.99,"u":"49,90 €/KG","img":"https://fd9-photos.leclercdrive.fr/image.ashx?id=2617383&use=l&cat=p&typeid=i","cat":319774},{"id":218333,"n":"Yakitori poulet Ajinomoto Sauce Teriaki - 200g","p":4.9,"u":"24,50 €/KG","img":"https://fd9-photos.leclercdrive.fr/image.ashx?id=2692596&use=l&cat=p&typeid=i","cat":319774},{"id":218423,"n":"Burrata di Bufala Les Croisés - 125g","p":2.91,"u":"23,28 €/KG","img":"https://fd9-photos.leclercdrive.fr/image.ashx?id=3009529&use=l&cat=p&typeid=i","cat":314026},{"id":218587,"n":"Curry tandoori 37G - DUCROS","p":2.56,"u":"69,19 €/KG","img":"https://fd9-photos.leclercdrive.fr/image.ashx?id=2620137&use=l&cat=p&typeid=i","cat":298297},{"id":218792,"n":"Sachet Père Noël et attaches Rohan - 175g","p":4.53,"u":"25,89 €/KG","img":"https://fd9-photos.leclercdrive.fr/image.ashx?id=2622594&use=l&cat=p&typeid=i","cat":327592},{"id":218804,"n":"Croquettes chat Perfect Fit Boeuf Stérilisés Adulte 1.4kg","p":6.63,"u":"4,74 €/KG","img":"https://fd9-photos.leclercdrive.fr/image.ashx?id=2622792&use=l&cat=p&typeid=i","cat":284680},{"id":218807,"n":"Croquettes chat Perfect Fit Poulet stérilisés - 1.4kg","p":5.64,"u":"4,03 €/KG","img":"https://fd9-photos.leclercdrive.fr/image.ashx?id=2622795&use=l&cat=p&typeid=i","cat":284680},{"id":218819,"n":"Croquettes chat sénior Perfect  Fit 7+ au poulet - 1,4kg","p":6.18,"u":"4,41 €/KG","img":"https://fd9-photos.leclercdrive.fr/image.ashx?id=2624332&use=l&cat=p&typeid=i","cat":284680},{"id":218833,"n":"Saumon fumé Delpeyrat Norvège - 12 tranches - 360g","p":12.43,"u":"34,53 €/KG","img":"https://fd9-photos.leclercdrive.fr/image.ashx?id=2755345&use=l&cat=p&typeid=i","cat":285188},{"id":218861,"n":"Knacki Original Herta Sans nitrite x10 - 350g","p":2.87,"u":"8,20 €/KG","img":"https://fd9-photos.leclercdrive.fr/image.ashx?id=2684958&use=l&cat=p&typeid=i","cat":316012},{"id":218862,"n":"Knacki Original Herta x20 - 700g","p":3.36,"u":"4,80 €/KG","img":"https://fd9-photos.leclercdrive.fr/image.ashx?id=2688848&use=l&cat=p&typeid=i","cat":316012},{"id":218988,"n":"Bonbons Merry Canes Fizzy 154g","p":3.91,"u":"25,39 €/KG","img":"https://fd9-photos.leclercdrive.fr/image.ashx?id=2623777&use=l&cat=p&typeid=i","cat":327592},{"id":219068,"n":"Thym Ducros 35g","p":2.02,"u":"57,71 €/KG","img":"https://fd9-photos.leclercdrive.fr/image.ashx?id=2624589&use=l&cat=p&typeid=i","cat":298297},{"id":219128,"n":"Détachant poudre Vanish  Format Familial - 720g","p":7.04,"u":"9,78 €/KG","img":"https://fd9-photos.leclercdrive.fr/image.ashx?id=2680302&use=l&cat=p&typeid=i","cat":284651},{"id":219314,"n":"IGP Méditerranée Cicadetta Rosé - 75 cl","p":7.92,"u":"10,56 €/L","img":"https://fd9-photos.leclercdrive.fr/image.ashx?id=3003357&use=l&cat=p&typeid=i","cat":289558},{"id":219405,"n":"Pièces de monnaie Rohan Chocolat - 100g","p":2.43,"u":"24,30 €/KG","img":"https://fd9-photos.leclercdrive.fr/image.ashx?id=2674743&use=l&cat=p&typeid=i","cat":327592},{"id":219601,"n":"Petits pains grillés Pasquier Blé complet - 225g","p":1.84,"u":"8,18 €/KG","img":"https://fd9-photos.leclercdrive.fr/image.ashx?id=2834452&use=l&cat=p&typeid=i","cat":284479},{"id":219786,"n":"Pruneaux d'Agen IGP Nos Régions ont du Talent 375g","p":2.99,"u":"7,97 €/KG","img":"https://fd9-photos.leclercdrive.fr/image.ashx?id=2627398&use=l&cat=p&typeid=i","cat":284357},{"id":219921,"n":"Saumon fumé Ronde des Mers Islande 4 tranches - 140g","p":4.99,"u":"35,64 €/KG","img":"https://fd9-photos.leclercdrive.fr/image.ashx?id=2833138&use=l&cat=p&typeid=i","cat":285188},{"id":220132,"n":"Dosettes café Senseo Espresso Classique x32","p":5.75,"u":"26,14 €/KG","img":"https://fd9-photos.leclercdrive.fr/image.ashx?id=2788061&use=l&cat=p&typeid=i","cat":293238},{"id":220213,"n":"Raisin rosé sans pépins Panier du Primeur - 500g","p":3.99,"u":"7,98 €/KG","img":"https://fd9-photos.leclercdrive.fr/image.ashx?id=2858144&use=l&cat=p&typeid=i","cat":284356},{"id":220243,"n":"Croquettes chien  Pedigree au bœuf - 3kg","p":8.07,"u":"2,69 €/KG","img":"https://fd9-photos.leclercdrive.fr/image.ashx?id=2634328&use=l&cat=p&typeid=i","cat":284672},{"id":220245,"n":"Croquettes chien  Pedigree à la volaille - 7kg","p":19.39,"u":"2,77 €/KG","img":"https://fd9-photos.leclercdrive.fr/image.ashx?id=2813495&use=l&cat=p&typeid=i","cat":284672},{"id":220252,"n":"Croquettes chien  Pedigree à la volaille - 3kg","p":8.08,"u":"2,69 €/KG","img":"https://fd9-photos.leclercdrive.fr/image.ashx?id=2832320&use=l&cat=p&typeid=i","cat":284672},{"id":220269,"n":"Friandises chat Catisfactions  Herbe à chat - 60g","p":1.17,"u":"19,50 €/KG","img":"https://fd9-photos.leclercdrive.fr/image.ashx?id=2914765&use=l&cat=p&typeid=i","cat":285285},{"id":220280,"n":"Raisin blanc sans pépins Panier du Primeur - 500g","p":3.99,"u":"7,98 €/KG","img":"https://fd9-photos.leclercdrive.fr/image.ashx?id=2858132&use=l&cat=p&typeid=i","cat":284356},{"id":220342,"n":"Protège-matelas Tissaia Absorbant - 140x190cm","p":18.95,"img":"https://fd9-photos.leclercdrive.fr/image.ashx?id=2635061&use=l&cat=p&typeid=i","cat":286694},{"id":220346,"n":"Protège-matelas Tissaia Blanc - Absorbant - 160x200cm","p":22.95,"img":"https://fd9-photos.leclercdrive.fr/image.ashx?id=2635700&use=l&cat=p&typeid=i","cat":286694},{"id":220510,"n":"Dentifrice Signal Intégral 8  Complet - 3x75ml","p":5.13,"u":"22,80 €/L","img":"https://fd9-photos.leclercdrive.fr/image.ashx?id=2639840&use=l&cat=p&typeid=i","cat":284612},{"id":220533,"n":"Foie gras canard IGP Sud-Ouest Mi-cuit verrine - 180g","p":18.9,"u":"105,00 €/KG","img":"https://fd9-photos.leclercdrive.fr/image.ashx?id=2634519&use=l&cat=p&typeid=i","cat":316008},{"id":220689,"n":"Dentifrice Integral 8 Signal Interdentaire Prébiotique 75ml","p":2.07,"u":"27,60 €/L","img":"https://fd9-photos.leclercdrive.fr/image.ashx?id=2940654&use=l&cat=p&typeid=i","cat":284612},{"id":220719,"n":"Tomates cuisinées Panzani 2x425g","p":3.2,"u":"3,76 €/KG","img":"https://fd9-photos.leclercdrive.fr/image.ashx?id=2668305&use=l&cat=p&typeid=i","cat":288384},{"id":220788,"n":"Recharge crème lavante mains Le Petit Marseillais Lait 250ml","p":0.78,"u":"3,12 €/L","img":"https://fd9-photos.leclercdrive.fr/image.ashx?id=2735242&use=l&cat=p&typeid=i","cat":284597},{"id":220798,"n":"Saumon fumé Breizh Saveurs Ecosse - 4 tranches - 100g","p":4.99,"u":"49,90 €/KG","img":"https://fd9-photos.leclercdrive.fr/image.ashx?id=2637255&use=l&cat=p&typeid=i","cat":285188},{"id":220821,"n":"Crème lavante mains Le Petit Marseillais - Amande - 250ml","p":0.79,"u":"3,16 €/L","img":"https://fd9-photos.leclercdrive.fr/image.ashx?id=2684209&use=l&cat=p&typeid=i","cat":284597},{"id":220822,"n":"Gel lavant mains Le Petit Marseillais Antibactérien 300ml","p":1.84,"u":"6,13 €/L","img":"https://fd9-photos.leclercdrive.fr/image.ashx?id=2684557&use=l&cat=p&typeid=i","cat":284597},{"id":220823,"n":"Gel lavant mains Le Petit Marseillais - Lavande - 300ml","p":1.63,"u":"5,43 €/L","img":"https://fd9-photos.leclercdrive.fr/image.ashx?id=2684221&use=l&cat=p&typeid=i","cat":284597},{"id":220851,"n":"Saumon fumé Ronde des Mers Écosse - 14 tranches - 490g","p":17.49,"u":"35,69 €/KG","img":"https://fd9-photos.leclercdrive.fr/image.ashx?id=2833023&use=l&cat=p&typeid=i","cat":285188},{"id":220946,"n":"Chocolat Peluche mix Kinder Pingouin - 133g","p":13.94,"u":"104,81 €/KG","img":"https://fd9-photos.leclercdrive.fr/image.ashx?id=2638072&use=l&cat=p&typeid=i","cat":327789},{"id":221147,"n":"Serviette hygénique Always Platinum - Long+ - x10","p":2.2,"u":"0,22 €/P","img":"https://fd9-photos.leclercdrive.fr/image.ashx?id=2890442&use=l&cat=p&typeid=i","cat":284624},{"id":221205,"n":"Fromage fondu Burger Eco+ x10 - 200g","p":1.17,"u":"5,85 €/KG","img":"https://fd9-photos.leclercdrive.fr/image.ashx?id=2956960&use=l&cat=p&typeid=i","cat":314028},{"id":221208,"n":"Disques à démaquiller x120","p":0.4,"img":"https://fd9-photos.leclercdrive.fr/image.ashx?id=2640119&use=l&cat=p&typeid=i","cat":285593},{"id":221222,"n":"Mini croustis Italian Bonduelle Aubergine poivron mozza - 240g","p":2.93,"u":"12,21 €/KG","img":"https://fd9-photos.leclercdrive.fr/image.ashx?id=2960708&use=l&cat=p&typeid=i","cat":319822},{"id":221498,"n":"Infusion nuit tranquille miel Elephant - x20 - 30g","p":2.21,"u":"73,67 €/KG","img":"https://fd9-photos.leclercdrive.fr/image.ashx?id=2655650&use=l&cat=p&typeid=i","cat":293234},{"id":221507,"n":"Infusion nuit tranquille  Elephant - x20 - 30g","p":1.53,"u":"51,00 €/KG","img":"https://fd9-photos.leclercdrive.fr/image.ashx?id=2655647&use=l&cat=p&typeid=i","cat":293234},{"id":221884,"n":"Haricots verts extra fins Bonduelle - 3 x 440g","p":5.82,"u":"4,41 €/KG","img":"https://fd9-photos.leclercdrive.fr/image.ashx?id=2856967&use=l&cat=p&typeid=i","cat":312606},{"id":222046,"n":"Déodorant Axe Aqua bergamot - 2x150ml","p":8.4,"u":"28,00 €/L","img":"https://fd9-photos.leclercdrive.fr/image.ashx?id=2649325&use=l&cat=p&typeid=i","cat":284618},{"id":222064,"n":"Grenade 1p","p":0.75,"img":"https://fd9-photos.leclercdrive.fr/image.ashx?id=1633898&use=l&cat=p&typeid=i","cat":284356},{"id":222073,"n":"Ananas Victoria 1p","p":3.45,"img":"https://fd9-photos.leclercdrive.fr/image.ashx?id=571059&use=l&cat=p&typeid=i","cat":284356},{"id":222083,"n":"Shampoing illuminant Ultra Doux Camomille Miel - 600ml","p":4.7,"u":"7,83 €/L","img":"https://fd9-photos.leclercdrive.fr/image.ashx?id=2926602&use=l&cat=p&typeid=i","cat":284606},{"id":222087,"n":"Shampoing Enfants Ultra Doux Abricot - 600ml","p":4.73,"u":"7,88 €/L","img":"https://fd9-photos.leclercdrive.fr/image.ashx?id=2851096&use=l&cat=p&typeid=i","cat":284606},{"id":222089,"n":"Shampoing nutrition Ultra Doux Avocat et Karité - 600ml","p":4.8,"u":"8,00 €/L","img":"https://fd9-photos.leclercdrive.fr/image.ashx?id=2944852&use=l&cat=p&typeid=i","cat":284606},{"id":222472,"n":"Ananas Eco+ Morceaux - Sirop léger - 340g","p":1.06,"u":"3,12 €/KG","img":"https://fd9-photos.leclercdrive.fr/image.ashx?id=2650907&use=l&cat=p&typeid=i","cat":284507},{"id":222479,"n":"Pop corn sucre de canne Vico Micro-ondable 240g","p":1.95,"u":"8,13 €/KG","img":"https://fd9-photos.leclercdrive.fr/image.ashx?id=2651585&use=l&cat=p&typeid=i","cat":304249},{"id":222582,"n":"Shampoing Restaurateur Eslève Glycolic Gloss - 200ml","p":5.58,"u":"27,90 €/L","img":"https://fd9-photos.leclercdrive.fr/image.ashx?id=2657157&use=l&cat=p&typeid=i","cat":284606},{"id":222584,"n":"Pâte à tartiner Nutella 220g","p":2.35,"u":"10,68 €/KG","img":"https://fd9-photos.leclercdrive.fr/image.ashx?id=2755216&use=l&cat=p&typeid=i","cat":284481},{"id":222586,"n":"Démêlant Cheveux Elsève Glycolic Gloss - 150ml","p":5.67,"u":"37,80 €/L","img":"https://fd9-photos.leclercdrive.fr/image.ashx?id=2657160&use=l&cat=p&typeid=i","cat":284607},{"id":222594,"n":"Pur jus de raisin Jafaden  90cl","p":2.21,"u":"2,46 €/L","img":"https://fd9-photos.leclercdrive.fr/image.ashx?id=2723183&use=l&cat=p&typeid=i","cat":285435},{"id":222608,"n":"Jambon cru Serrano Aoste  6 tranches + 3 offertes - 150g","p":3.3,"u":"22,00 €/KG","img":"https://fd9-photos.leclercdrive.fr/image.ashx?id=2653669&use=l&cat=p&typeid=i","cat":316007},{"id":222668,"n":"Gaufrettes Wafer cacao Balconi 175g","p":0.89,"u":"5,09 €/KG","img":"https://fd9-photos.leclercdrive.fr/image.ashx?id=2828883&use=l&cat=p&typeid=i","cat":284488},{"id":222689,"n":"Lessive liquide au bicarbonate Maison Nett - 1.85L -41 lavages","p":5.44,"u":"2,94 €/L","img":"https://fd9-photos.leclercdrive.fr/image.ashx?id=2656826&use=l&cat=p&typeid=i","cat":284640},{"id":222702,"n":"Dentifrice Integral 8 Signal Fraîcheur Intense 75ml","p":2.46,"u":"32,80 €/L","img":"https://fd9-photos.leclercdrive.fr/image.ashx?id=2818196&use=l&cat=p&typeid=i","cat":284612},{"id":222703,"n":"Dentifrice Signal Extra fraîcheur blancheur 75ml","p":1.9,"u":"25,33 €/L","img":"https://fd9-photos.leclercdrive.fr/image.ashx?id=2938328&use=l&cat=p&typeid=i","cat":284612},{"id":222739,"n":"Riz basmati Taureau Ailé 1.2 kg","p":5.25,"u":"4,38 €/KG","img":"https://fd9-photos.leclercdrive.fr/image.ashx?id=2653240&use=l&cat=p&typeid=i","cat":284428},{"id":222782,"n":"Adoucissant Soupline Lingettes Voile Sèche-linge Grand air-x20","p":2.71,"u":"0,14 €/P","img":"https://fd9-photos.leclercdrive.fr/image.ashx?id=2654435&use=l&cat=p&typeid=i","cat":325302},{"id":222818,"n":"Berocca Energie x40 comprimés - 80g","p":12.94,"u":"161,75 €/KG","img":"https://fd9-photos.leclercdrive.fr/image.ashx?id=2654429&use=l&cat=p&typeid=i","cat":301264},{"id":222819,"n":"Berocca Energie Cassis - x45 comprimés - 290g","p":14.41,"u":"49,69 €/KG","img":"https://fd9-photos.leclercdrive.fr/image.ashx?id=2654432&use=l&cat=p&typeid=i","cat":301264},{"id":222820,"n":"Bonbons Haribo Pocket Assortiment mini sachets - 340g","p":2.99,"u":"8,79 €/KG","img":"https://fd9-photos.leclercdrive.fr/image.ashx?id=2654653&use=l&cat=p&typeid=i","cat":304250},{"id":222821,"n":"Complément alimentaire Mag2 Extra fort 24h - x45","p":11.19,"img":"https://fd9-photos.leclercdrive.fr/image.ashx?id=2656072&use=l&cat=p&typeid=i","cat":301264},{"id":222825,"n":"Complément alimentaire Granions Collagène marin - x60 - 54g","p":13.7,"u":"253,70 €/KG","img":"https://fd9-photos.leclercdrive.fr/image.ashx?id=2655019&use=l&cat=p&typeid=i","cat":301266},{"id":222827,"n":"Complément alimentaire Granions Complexe anti-âge - x60 - 54g","p":16.43,"u":"304,26 €/KG","img":"https://fd9-photos.leclercdrive.fr/image.ashx?id=2735953&use=l&cat=p&typeid=i","cat":301266},{"id":222830,"n":"Coeur de frisée Notre Jardin 200g","p":1.6,"u":"8,00 €/KG","img":"https://fd9-photos.leclercdrive.fr/image.ashx?id=2657978&use=l&cat=p&typeid=i","cat":284353},{"id":222835,"n":"Supradyn Itensia Efferverscent - x30 - 150g","p":11.9,"u":"79,33 €/KG","img":"https://fd9-photos.leclercdrive.fr/image.ashx?id=2656042&use=l&cat=p&typeid=i","cat":301264},{"id":222847,"n":"Capsules lave-vaisselle Finish Ultimate Citron - x55","p":12.9,"u":"18,17 €/KG","img":"https://fd9-photos.leclercdrive.fr/image.ashx?id=2749413&use=l&cat=p&typeid=i","cat":284656},{"id":222859,"n":"Pommes bicolores Eco+ x4","p":0.99,"u":"0,25 €/P","img":"https://fd9-photos.leclercdrive.fr/image.ashx?id=2928210&use=l&cat=p&typeid=i","cat":284356},{"id":222964,"n":"Colin d'Alaska MSC Pêche Océan Façon Fish & Chips - 400g","p":2.69,"u":"6,73 €/KG","img":"https://fd9-photos.leclercdrive.fr/image.ashx?id=2856211&use=l&cat=p&typeid=i","cat":319788},{"id":223157,"n":"Vinaigre blanc 5L - 10°","p":3.57,"u":"0,71 €/L","img":"https://fd9-photos.leclercdrive.fr/image.ashx?id=2659792&use=l&cat=p&typeid=i","cat":298543},{"id":223394,"n":"Boisson aux fruits Jafun Tropical - 4x20cl","p":1.49,"u":"1,86 €/L","img":"https://fd9-photos.leclercdrive.fr/image.ashx?id=2992576&use=l&cat=p&typeid=i","cat":295018},{"id":223437,"n":"Gratte-éponge Spontex Secret d'antan - x4","p":3.88,"u":"0,97 €/P","img":"https://fd9-photos.leclercdrive.fr/image.ashx?id=2673214&use=l&cat=p&typeid=i","cat":284667},{"id":223445,"n":"Shampoing fortifiant Fructis Force et Brillance - 300ml","p":2.71,"u":"9,03 €/L","img":"https://fd9-photos.leclercdrive.fr/image.ashx?id=2669271&use=l&cat=p&typeid=i","cat":284606},{"id":223498,"n":"Ketchup Rustica 900g","p":1.79,"u":"1,99 €/KG","img":"https://fd9-photos.leclercdrive.fr/image.ashx?id=2954394&use=l&cat=p&typeid=i","cat":284455},{"id":223499,"n":"Ketchup Rustica 390g","p":1.09,"u":"2,79 €/KG","img":"https://fd9-photos.leclercdrive.fr/image.ashx?id=2954391&use=l&cat=p&typeid=i","cat":284455},{"id":223537,"n":"Bloc Energy 5 WC Net Actions - Brise aquatique - 38g","p":1.92,"u":"50,53 €/KG","img":"https://fd9-photos.leclercdrive.fr/image.ashx?id=2664449&use=l&cat=p&typeid=i","cat":284662},{"id":223538,"n":"Bloc Energy 5 actions WC Net Javel Agrumes et iris - 38g","p":1.88,"u":"49,47 €/KG","img":"https://fd9-photos.leclercdrive.fr/image.ashx?id=2664452&use=l&cat=p&typeid=i","cat":284662},{"id":223542,"n":"Bloc Energy WC Net Eau bleue / Marine fresh 40g","p":1.94,"u":"48,50 €/KG","img":"https://fd9-photos.leclercdrive.fr/image.ashx?id=2664464&use=l&cat=p&typeid=i","cat":284662},{"id":223553,"n":"Capsules lave-vaisselle Finish  Ultimate - x55","p":12.07,"u":"17,00 €/KG","img":"https://fd9-photos.leclercdrive.fr/image.ashx?id=2749410&use=l&cat=p&typeid=i","cat":284657},{"id":223555,"n":"Capsules lave-vaisselle Finish  Quantum - x60","p":13.66,"u":"21,89 €/KG","img":"https://fd9-photos.leclercdrive.fr/image.ashx?id=2749545&use=l&cat=p&typeid=i","cat":284657},{"id":223581,"n":"Serviettes fuites urinaires Always Discreet - Long+ - x16","p":8.23,"u":"0,51 €/P","img":"https://fd9-photos.leclercdrive.fr/image.ashx?id=2685471&use=l&cat=p&typeid=i","cat":284628},{"id":223603,"n":"Fil dentaire Dentamyl Cire menthe - 80m","p":2.72,"u":"0,03 €/MT","img":"https://fd9-photos.leclercdrive.fr/image.ashx?id=2672888&use=l&cat=p&typeid=i","cat":285159},{"id":223604,"n":"Shampoing fortifiant Fructis Antipelliculaire - 300ml","p":2.71,"u":"9,03 €/L","img":"https://fd9-photos.leclercdrive.fr/image.ashx?id=2667862&use=l&cat=p&typeid=i","cat":284606},{"id":223611,"n":"Désodorisant Febreze Petit coin Fleur naissante - 7.5ml","p":3.2,"u":"400,00 €/L","img":"https://fd9-photos.leclercdrive.fr/image.ashx?id=2955230&use=l&cat=p&typeid=i","cat":311628},{"id":223613,"n":"Désodorisant Febreze Petit coin Coton - 7.5ml","p":3.2,"u":"400,00 €/L","img":"https://fd9-photos.leclercdrive.fr/image.ashx?id=2955236&use=l&cat=p&typeid=i","cat":311628},{"id":223649,"n":"Shampooing Head & shoulder 2-en-1 - Classic - 300ml","p":4.77,"u":"15,90 €/L","img":"https://fd9-photos.leclercdrive.fr/image.ashx?id=2863003&use=l&cat=p&typeid=i","cat":284606},{"id":223650,"n":"Shampooing Head & shoulder 1in1 - Classic - 330ml","p":4.9,"u":"14,85 €/L","img":"https://fd9-photos.leclercdrive.fr/image.ashx?id=2859962&use=l&cat=p&typeid=i","cat":284606},{"id":223820,"n":"Moulage chocolat Kinder 35g","p":1.75,"u":"50,00 €/KG","img":"https://fd9-photos.leclercdrive.fr/image.ashx?id=2688785&use=l&cat=p&typeid=i","cat":327592},{"id":223850,"n":"Déodorant Spray Femme Narta Anti-Trace Blanche 48h - 200ml","p":2.37,"u":"11,85 €/L","img":"https://fd9-photos.leclercdrive.fr/image.ashx?id=2678589&use=l&cat=p&typeid=i","cat":284595},{"id":223851,"n":"Déodorant Spray Homme 48h Narta Fraîcheur Classique - 200mL","p":2.38,"u":"11,90 €/L","img":"https://fd9-photos.leclercdrive.fr/image.ashx?id=2675511&use=l&cat=p&typeid=i","cat":284618},{"id":223853,"n":"Déodorant Spray Femme Narta Fraîcheur Cologne 48h - 200ml","p":2.37,"u":"11,85 €/L","img":"https://fd9-photos.leclercdrive.fr/image.ashx?id=2678592&use=l&cat=p&typeid=i","cat":284595},{"id":223857,"n":"Déodorant Spray Femme Narta 48h Sans Alcool - 200ML","p":2.36,"u":"11,80 €/L","img":"https://fd9-photos.leclercdrive.fr/image.ashx?id=2680242&use=l&cat=p&typeid=i","cat":284595},{"id":223893,"n":"Lingettes de nettoyage Swiffer Wet Jet - x12","p":7.19,"pp":4.31,"u":"0,36 €/P","img":"https://fd9-photos.leclercdrive.fr/image.ashx?id=2948525&use=l&cat=p&typeid=i","cat":325364},{"id":223925,"n":"Riz Long grain Ben's original Vrac 10mn - 1kg","p":2.97,"u":"2,97 €/KG","img":"https://fd9-photos.leclercdrive.fr/image.ashx?id=2990961&use=l&cat=p&typeid=i","cat":284428},{"id":223965,"n":"Ampoule LED Foxter Standard - E27 60W  - Chaud x1","p":4.99,"u":"Dont 0,29 € d'éco-part.","img":"https://fd9-photos.leclercdrive.fr/image.ashx?id=2670491&use=l&cat=p&typeid=i","cat":300573},{"id":223968,"n":"Ampoule LED Foxter Standard - E27 60W - Chaud x1","p":4.99,"u":"Dont 0,29 € d'éco-part.","img":"https://fd9-photos.leclercdrive.fr/image.ashx?id=2670497&use=l&cat=p&typeid=i","cat":300573},{"id":223977,"n":"Ampoule LED Foxter Flamme - E14 40W - Froid x1","p":4.49,"u":"Dont 0,29 € d'éco-part.","img":"https://fd9-photos.leclercdrive.fr/image.ashx?id=2670488&use=l&cat=p&typeid=i","cat":300573},{"id":223979,"n":"Ampoule LED Foxter Spot - GU10 35W - Froid x1","p":2.99,"u":"Dont 0,29 € d'éco-part.","img":"https://fd9-photos.leclercdrive.fr/image.ashx?id=2669753&use=l&cat=p&typeid=i","cat":300573},{"id":224140,"n":"Bun's jambon ketchup McCain 460g","p":3.5,"u":"7,61 €/KG","img":"https://fd9-photos.leclercdrive.fr/image.ashx?id=2741180&use=l&cat=p&typeid=i","cat":319822},{"id":224141,"n":"Bun's bolognaise McCain 460g","p":3.67,"u":"7,98 €/KG","img":"https://fd9-photos.leclercdrive.fr/image.ashx?id=2750675&use=l&cat=p&typeid=i","cat":319822},{"id":224143,"n":"Bun's Burger McCain 460g","p":3.7,"u":"8,04 €/KG","img":"https://fd9-photos.leclercdrive.fr/image.ashx?id=2741183&use=l&cat=p&typeid=i","cat":319822},{"id":224255,"n":"Recharches lames Wilkinson Intuition complete - x3","p":10.75,"u":"3,58 €/P","img":"https://fd9-photos.leclercdrive.fr/image.ashx?id=2669337&use=l&cat=p&typeid=i","cat":325352},{"id":224263,"n":"Monster Energy zéro sucres 50cl","p":1.61,"u":"3,22 €/L","img":"https://fd9-photos.leclercdrive.fr/image.ashx?id=2669358&use=l&cat=p&typeid=i","cat":284533},{"id":224359,"n":"Crème Visage Homme Nivea Men Anti-taches Power 2en1 - 50ml","p":13.4,"pp":8.84,"u":"176,80 €/L","img":"https://fd9-photos.leclercdrive.fr/image.ashx?id=3014617&use=l&cat=p&typeid=i","cat":284622},{"id":224360,"n":"Sérum Visage Homme Nivea Men Anti-taches Power 2en1 - 30ml","p":14.62,"pp":9.65,"u":"321,67 €/L","img":"https://fd9-photos.leclercdrive.fr/image.ashx?id=2944915&use=l&cat=p&typeid=i","cat":284622},{"id":224361,"n":"Lait Corps Anti-taches  Nivea Anti-vergeture Luminous - 200ml","p":11.53,"u":"57,65 €/L","img":"https://fd9-photos.leclercdrive.fr/image.ashx?id=2689049&use=l&cat=p&typeid=i","cat":325349},{"id":224363,"n":"Piles alcalines Eco+ LR03 - x4","p":0.7,"u":"0,18 €/P","img":"https://fd9-photos.leclercdrive.fr/image.ashx?id=2714829&use=l&cat=p&typeid=i","cat":300572},{"id":224423,"n":"Concentré Sodastream Ice Tea - 440ml","p":5.99,"pp":4.99,"u":"11,34 €/L","img":"https://fd9-photos.leclercdrive.fr/image.ashx?id=2670917&use=l&cat=p&typeid=i","cat":295020},{"id":224434,"n":"Yaourt à la grecque Délisse Vanille - 4x150g","p":2.39,"u":"3,98 €/KG","img":"https://fd9-photos.leclercdrive.fr/image.ashx?id=2885143&use=l&cat=p&typeid=i","cat":314999},{"id":224507,"n":"Tasse céramique Avengers Iron Man - Chocolat - 34g","p":5.97,"u":"175,59 €/KG","img":"https://fd9-photos.leclercdrive.fr/image.ashx?id=2671598&use=l&cat=p&typeid=i","cat":327789},{"id":224706,"n":"Gnocchi star à poêler Lustucru  300g","p":1.73,"u":"5,77 €/KG","img":"https://fd9-photos.leclercdrive.fr/image.ashx?id=2921630&use=l&cat=p&typeid=i","cat":333682},{"id":224805,"n":"Biscuits Kinder Kinderini Nature et cacao - 250g","p":2.77,"u":"11,08 €/KG","img":"https://fd9-photos.leclercdrive.fr/image.ashx?id=2708372&use=l&cat=p&typeid=i","cat":284488},{"id":224808,"n":"Riz Citron Ben's original  Express 2mn - 220g","p":1.26,"u":"5,73 €/KG","img":"https://fd9-photos.leclercdrive.fr/image.ashx?id=2906442&use=l&cat=p&typeid=i","cat":287600},{"id":224810,"n":"Riz Tomate Ben's original  Express 2mn - 220g","p":1.31,"u":"5,95 €/KG","img":"https://fd9-photos.leclercdrive.fr/image.ashx?id=2995295&use=l&cat=p&typeid=i","cat":287600},{"id":224818,"n":"Riz Basmati Ben's original  Express 2mn - 220g","p":1.21,"u":"5,50 €/KG","img":"https://fd9-photos.leclercdrive.fr/image.ashx?id=2995292&use=l&cat=p&typeid=i","cat":287600},{"id":224873,"n":"Riz Paella Ben's original Express 2mn - 220g","p":1.47,"u":"6,68 €/KG","img":"https://fd9-photos.leclercdrive.fr/image.ashx?id=2995310&use=l&cat=p&typeid=i","cat":287600},{"id":224874,"n":"Riz Champignons Ben's original Express 2mn - 220g","p":1.29,"u":"5,86 €/KG","img":"https://fd9-photos.leclercdrive.fr/image.ashx?id=2995307&use=l&cat=p&typeid=i","cat":287600},{"id":224877,"n":"Riz Cantonais Ben's original  Express 2mn - 220g","p":1.44,"u":"6,55 €/KG","img":"https://fd9-photos.leclercdrive.fr/image.ashx?id=2995304&use=l&cat=p&typeid=i","cat":287600},{"id":224879,"n":"Riz Curry Ben's original Express 2mn - 220g","p":1.38,"u":"6,27 €/KG","img":"https://fd9-photos.leclercdrive.fr/image.ashx?id=2906433&use=l&cat=p&typeid=i","cat":287600},{"id":224882,"n":"Riz Long grain Ben's original  Sachet cuisson 10mn - 1kg","p":3.16,"u":"3,16 €/KG","img":"https://fd9-photos.leclercdrive.fr/image.ashx?id=2957272&use=l&cat=p&typeid=i","cat":284428},{"id":224888,"n":"Riz Long grain Ben's original Vrac 20mn - 1kg","p":3.54,"u":"3,54 €/KG","img":"https://fd9-photos.leclercdrive.fr/image.ashx?id=2886301&use=l&cat=p&typeid=i","cat":284428},{"id":225247,"n":"Pain nature Gerblé   Sans Gluten  - 200g","p":2.46,"u":"12,30 €/KG","img":"https://fd9-photos.leclercdrive.fr/image.ashx?id=2677303&use=l&cat=p&typeid=i","cat":318654},{"id":225310,"n":"Boisson aux Fruits Tropico Tropical - Bouteille - 1,25L","p":1.68,"u":"1,34 €/L","img":"https://fd9-photos.leclercdrive.fr/image.ashx?id=2736811&use=l&cat=p&typeid=i","cat":295018},{"id":225461,"n":"Déodorant Bille Homme 48h Narta Anti-traces - 50ml","p":2.35,"u":"47,00 €/L","img":"https://fd9-photos.leclercdrive.fr/image.ashx?id=2681859&use=l&cat=p&typeid=i","cat":284618},{"id":225462,"n":"Déodorant Bille Femme Narta Anti-Transpirant 48h - 50ml","p":2.36,"u":"47,20 €/L","img":"https://fd9-photos.leclercdrive.fr/image.ashx?id=2681862&use=l&cat=p&typeid=i","cat":284595},{"id":225463,"n":"Déodorant Bille Homme 48h Narta Fraîcheur Polaire - 50ml","p":2.39,"u":"47,80 €/L","img":"https://fd9-photos.leclercdrive.fr/image.ashx?id=2681865&use=l&cat=p&typeid=i","cat":284618},{"id":225464,"n":"Déodorant Bille bio Femme Narta Sans Alcool - 50ml","p":2.36,"u":"47,20 €/L","img":"https://fd9-photos.leclercdrive.fr/image.ashx?id=2681868&use=l&cat=p&typeid=i","cat":284595},{"id":225465,"n":"Déodorant Bille Femme Narta Anti-Traces 48h - 50ml","p":2.36,"u":"47,20 €/L","img":"https://fd9-photos.leclercdrive.fr/image.ashx?id=2681871&use=l&cat=p&typeid=i","cat":284595},{"id":225466,"n":"Déodorant Bille Femme Narta Anti-Traces Sans alcool - 50ml","p":2.4,"u":"48,00 €/L","img":"https://fd9-photos.leclercdrive.fr/image.ashx?id=2681874&use=l&cat=p&typeid=i","cat":284595},{"id":225495,"n":"Filets de limande du nord MSC Gimbert Océan - 2x300g","p":11.34,"u":"18,90 €/KG","img":"https://fd9-photos.leclercdrive.fr/image.ashx?id=2681158&use=l&cat=p&typeid=i","cat":319786},{"id":225614,"n":"Désinfectant Sanytol Eucalyptus - Multi-usage 500ml","p":2.08,"u":"4,16 €/L","img":"https://fd9-photos.leclercdrive.fr/image.ashx?id=2894800&use=l&cat=p&typeid=i","cat":325357},{"id":225617,"n":"Désinfectant Sanytol Pamplemousse Multi-usage 500ml","p":2.83,"u":"5,66 €/L","img":"https://fd9-photos.leclercdrive.fr/image.ashx?id=2682144&use=l&cat=p&typeid=i","cat":325357},{"id":225619,"n":"Désinfectant nettoyant Sanytol Multi-surfaces - Eucalyptus 1L","p":1.97,"u":"1,97 €/L","img":"https://fd9-photos.leclercdrive.fr/image.ashx?id=2866319&use=l&cat=p&typeid=i","cat":284907},{"id":225623,"n":"Lingettes optiques - Nettoyant  lunettes x30","p":1.29,"u":"0,04 €/P","img":"https://fd9-photos.leclercdrive.fr/image.ashx?id=2681539&use=l&cat=p&typeid=i","cat":288862},{"id":225642,"n":"Batonnet de glace Ferrero  Rocher lait noisettes - x6 300g","p":5.12,"u":"17,07 €/KG","img":"https://fd9-photos.leclercdrive.fr/image.ashx?id=2964036&use=l&cat=p&typeid=i","cat":284265},{"id":225648,"n":"Wafer noisettes Balconi 175g","p":0.89,"u":"5,09 €/KG","img":"https://fd9-photos.leclercdrive.fr/image.ashx?id=2828880&use=l&cat=p&typeid=i","cat":284488},{"id":225655,"n":"Huile d'olive Terra Delyssa Vierge extra - 75cl","p":8.61,"u":"11,48 €/L","img":"https://fd9-photos.leclercdrive.fr/image.ashx?id=2686153&use=l&cat=p&typeid=i","cat":284453},{"id":225703,"n":"Aérosol répulsif Raid Moustiques - 300ml","p":3.07,"u":"10,23 €/L","img":"https://fd9-photos.leclercdrive.fr/image.ashx?id=2736385&use=l&cat=p&typeid=i","cat":298368},{"id":225734,"n":"Tablette chocolat au lait Noisettes et amandes - 100g","p":2.99,"u":"29,90 €/KG","img":"https://fd9-photos.leclercdrive.fr/image.ashx?id=2683835&use=l&cat=p&typeid=i","cat":284497},{"id":225751,"n":"Shampoing Lissant Ultra Doux Cheveux longs - 250ml","p":2.29,"u":"9,16 €/L","img":"https://fd9-photos.leclercdrive.fr/image.ashx?id=2684236&use=l&cat=p&typeid=i","cat":284606},{"id":225769,"n":"Change culottes Mots d'enfants T7 - 17kg - x15","p":5.15,"u":"0,34 €/P","img":"https://fd9-photos.leclercdrive.fr/image.ashx?id=2907249&use=l&cat=p&typeid=i","cat":290633},{"id":225780,"n":"Dentifrice Sanogyl Biome Protège gencive - 75ml","p":4.27,"u":"56,93 €/L","img":"https://fd9-photos.leclercdrive.fr/image.ashx?id=2684152&use=l&cat=p&typeid=i","cat":284612},{"id":225794,"n":"Gle intime Mucogyne Non-hormonal x8 unidoses 40ml","p":16.3,"u":"407,50 €/L","img":"https://fd9-photos.leclercdrive.fr/image.ashx?id=2913295&use=l&cat=p&typeid=i","cat":328622},{"id":225795,"n":"Lubrifiant Saforelle Intime - 30ml","p":8.99,"u":"299,67 €/L","img":"https://fd9-photos.leclercdrive.fr/image.ashx?id=2684164&use=l&cat=p&typeid=i","cat":328622},{"id":225796,"n":"Crème Créaline DS+crème Bioderma - Soin apaisant 40ml","p":10.98,"u":"274,50 €/L","img":"https://fd9-photos.leclercdrive.fr/image.ashx?id=2683775&use=l&cat=p&typeid=i","cat":291171},{"id":225798,"n":"Crème hydraliane SVR Hydratation intense - 50ml","p":12.54,"u":"250,80 €/L","img":"https://fd9-photos.leclercdrive.fr/image.ashx?id=2968355&use=l&cat=p&typeid=i","cat":291171},{"id":225891,"n":"Bière blonde 1664 5,5° - 18x25cl","p":11.4,"pp":8.55,"u":"1,90 €/L","img":"https://fd9-photos.leclercdrive.fr/image.ashx?id=2684931&use=l&cat=p&typeid=i","cat":334873},{"id":226007,"n":"Haricots verts vapeur Bonduelle 3+1 offert - 4x440g","p":6.69,"u":"3,80 €/KG","img":"https://fd9-photos.leclercdrive.fr/image.ashx?id=2810738&use=l&cat=p&typeid=i","cat":312606},{"id":226008,"n":"Petits pois vapeur Bonduelle 3+1 offert - 4x530g","p":6.69,"u":"3,16 €/KG","img":"https://fd9-photos.leclercdrive.fr/image.ashx?id=2863263&use=l&cat=p&typeid=i","cat":312607},{"id":226036,"n":"Parfum de linge Lenor Unstoppable aérien x19 235g","p":6.43,"u":"27,36 €/KG","img":"https://fd9-photos.leclercdrive.fr/image.ashx?id=2863018&use=l&cat=p&typeid=i","cat":325302},{"id":226108,"n":"Chocolat Nesquik 800g","p":4.69,"u":"5,86 €/KG","img":"https://fd9-photos.leclercdrive.fr/image.ashx?id=3005377&use=l&cat=p&typeid=i","cat":293235},{"id":226116,"n":"Chewing-gum Mentos Pure Fresh  Fresh Mint sans sucres - 100g","p":2.89,"u":"28,90 €/KG","img":"https://fd9-photos.leclercdrive.fr/image.ashx?id=2687707&use=l&cat=p&typeid=i","cat":304251},{"id":226122,"n":"Biscuits Delacre Cigarettes Russes - 230g","p":1.84,"u":"8,00 €/KG","img":"https://fd9-photos.leclercdrive.fr/image.ashx?id=2688833&use=l&cat=p&typeid=i","cat":284490},{"id":226134,"n":"Gel wc canard Fresh disc 1p","p":3.11,"img":"https://fd9-photos.leclercdrive.fr/image.ashx?id=2690093&use=l&cat=p&typeid=i","cat":284662},{"id":226302,"n":"Pâtes fraîches RANA Ravioli  Cèpes Champignons Ricotta -250g","p":3.04,"u":"12,16 €/KG","img":"https://fd9-photos.leclercdrive.fr/image.ashx?id=2737381&use=l&cat=p&typeid=i","cat":333682},{"id":226304,"n":"Pâtes fraîches RANA Ravioli  Saumon fumé et Mascarpone -250g","p":3.63,"u":"14,52 €/KG","img":"https://fd9-photos.leclercdrive.fr/image.ashx?id=2737387&use=l&cat=p&typeid=i","cat":333682},{"id":226315,"n":"Croquettes Vitafit Friskies Boeuf - 12kg","p":24.95,"u":"2,08 €/KG","img":"https://fd9-photos.leclercdrive.fr/image.ashx?id=2986996&use=l&cat=p&typeid=i","cat":284672},{"id":226317,"n":"Croquettes Vitafit Friskies Light Poulet légumes 7 kg","p":18.69,"u":"2,67 €/KG","img":"https://fd9-photos.leclercdrive.fr/image.ashx?id=2986993&use=l&cat=p&typeid=i","cat":284672},{"id":226349,"n":"Boisson Gazeuse Maison Perrier Chic Citrus Fizz 4x25cl","p":3.02,"u":"3,02 €/L","img":"https://fd9-photos.leclercdrive.fr/image.ashx?id=2841595&use=l&cat=p&typeid=i","cat":284536},{"id":226412,"n":"Barre de céréales Nature Valley  Protéine cranberries x4 -160g","p":2.77,"u":"17,31 €/KG","img":"https://fd9-photos.leclercdrive.fr/image.ashx?id=2693869&use=l&cat=p&typeid=i","cat":285869},{"id":226414,"n":"Roulé Balconi 6x32g","p":1.89,"u":"9,84 €/KG","img":"https://fd9-photos.leclercdrive.fr/image.ashx?id=2922212&use=l&cat=p&typeid=i","cat":284495},{"id":226438,"n":"Soda Coca-Cola Original Canette - Pack 6x20CL","p":3.59,"u":"2,99 €/L","img":"https://fd9-photos.leclercdrive.fr/image.ashx?id=2766571&use=l&cat=p&typeid=i","cat":284530},{"id":226440,"n":"Pavés de saumon Gimbert Océan 400g","p":6.95,"pp":4.59,"u":"11,48 €/KG","img":"https://fd9-photos.leclercdrive.fr/image.ashx?id=2955179&use=l&cat=p&typeid=i","cat":319786},{"id":226449,"n":"Lait de coco Eco+ 200ml","p":0.69,"u":"3,45 €/L","img":"https://fd9-photos.leclercdrive.fr/image.ashx?id=2691790&use=l&cat=p&typeid=i","cat":288992},{"id":226455,"n":"Chewing-gum Mentos Pure Fresh  Fresh Chloro sans sucres - 100g","p":2.89,"u":"28,90 €/KG","img":"https://fd9-photos.leclercdrive.fr/image.ashx?id=2693434&use=l&cat=p&typeid=i","cat":304251},{"id":226474,"n":"Gaufrettes Wafers Balconi Vanille - 10x45g","p":2.17,"u":"4,82 €/KG","img":"https://fd9-photos.leclercdrive.fr/image.ashx?id=2693860&use=l&cat=p&typeid=i","cat":294777},{"id":226496,"n":"Biscuit Lotus Biscoff Speculoos Original Pocket 186g (12x2p)","p":1.53,"u":"8,23 €/KG","img":"https://fd9-photos.leclercdrive.fr/image.ashx?id=2695004&use=l&cat=p&typeid=i","cat":284487},{"id":226508,"n":"Liquide Vaisselle Paic Fraîcheur florale - 750ml","p":2.23,"u":"2,97 €/L","img":"https://fd9-photos.leclercdrive.fr/image.ashx?id=2693962&use=l&cat=p&typeid=i","cat":284655},{"id":226510,"n":"Biscuits BN Chocolats -570g","p":2.35,"img":"https://fd9-photos.leclercdrive.fr/image.ashx?id=2693509&use=l&cat=p&typeid=i","cat":284488},{"id":226511,"n":"Liquide Vaisselle Paic Fraîcheur agrumes - 750ml","p":2.22,"u":"2,96 €/L","img":"https://fd9-photos.leclercdrive.fr/image.ashx?id=2693965&use=l&cat=p&typeid=i","cat":284655},{"id":226522,"n":"Déodorant aérosol Dove Invisible dry - 2x200ml","p":5.98,"u":"14,95 €/L","img":"https://fd9-photos.leclercdrive.fr/image.ashx?id=2838833&use=l&cat=p&typeid=i","cat":284595},{"id":226523,"n":"Bisuits roudor Saint Michel 150g","p":1.45,"u":"9,67 €/KG","img":"https://fd9-photos.leclercdrive.fr/image.ashx?id=3001982&use=l&cat=p&typeid=i","cat":284487},{"id":226524,"n":"Déodorant aérosol Dove Original - 2x200ml","p":5.86,"u":"14,65 €/L","img":"https://fd9-photos.leclercdrive.fr/image.ashx?id=2838836&use=l&cat=p&typeid=i","cat":284595},{"id":226534,"n":"Huile de tournesol Tramier  1L","p":5.59,"u":"5,59 €/L","img":"https://fd9-photos.leclercdrive.fr/image.ashx?id=2695097&use=l&cat=p&typeid=i","cat":284453},{"id":226646,"n":"Boisson Gazeuse Maison Perrier Forever Citron Vert 1L","p":0.96,"u":"0,96 €/L","img":"https://fd9-photos.leclercdrive.fr/image.ashx?id=2695103&use=l&cat=p&typeid=i","cat":284536},{"id":226657,"n":"Boisson Gazeuse Maison Perrier Forever Citron 1L","p":0.96,"u":"0,96 €/L","img":"https://fd9-photos.leclercdrive.fr/image.ashx?id=2887311&use=l&cat=p&typeid=i","cat":284536},{"id":226661,"n":"Boisson Gazeuse Maison Perrier Forever Menthe 1L","p":1.03,"u":"1,03 €/L","img":"https://fd9-photos.leclercdrive.fr/image.ashx?id=2695112&use=l&cat=p&typeid=i","cat":284536},{"id":226663,"n":"Boisson Gazeuse Maison Perrier Forever Citron 6x50cl","p":7.43,"u":"2,48 €/L","img":"https://fd9-photos.leclercdrive.fr/image.ashx?id=2695100&use=l&cat=p&typeid=i","cat":284536},{"id":226664,"n":"Boisson Gazeuse Maison Perrier Forever Citron Vert 6x50cl","p":4.2,"u":"1,40 €/L","img":"https://fd9-photos.leclercdrive.fr/image.ashx?id=2695109&use=l&cat=p&typeid=i","cat":284536},{"id":226667,"n":"Boisson Gazeuse Maison Perrier Forever Citron 6x33cl","p":3.24,"u":"1,64 €/L","img":"https://fd9-photos.leclercdrive.fr/image.ashx?id=2878447&use=l&cat=p&typeid=i","cat":284536},{"id":226668,"n":"Boisson Gazeuse Maison Perrier Forever Citron Vert 6x33cl","p":3.24,"u":"1,64 €/L","img":"https://fd9-photos.leclercdrive.fr/image.ashx?id=2887308&use=l&cat=p&typeid=i","cat":284536},{"id":226776,"n":"Thé noir fruits rouges Lipton 20 sachets - 30g","p":1.72,"u":"57,33 €/KG","img":"https://fd9-photos.leclercdrive.fr/image.ashx?id=2695359&use=l&cat=p&typeid=i","cat":293233},{"id":226781,"n":"Thé noir pêche mangue Lipton 20 sachets - 34g","p":2.39,"u":"70,29 €/KG","img":"https://fd9-photos.leclercdrive.fr/image.ashx?id=2695362&use=l&cat=p&typeid=i","cat":293233},{"id":226787,"n":"Parfum de linge billes Lenor Fraîcheur coton x19 doses 235g","p":7.51,"u":"31,96 €/KG","img":"https://fd9-photos.leclercdrive.fr/image.ashx?id=2863012&use=l&cat=p&typeid=i","cat":325302},{"id":226801,"n":"Parfum de linge billes Lenor  Jasmin Rose de mai x19 doses","p":6.36,"u":"27,06 €/KG","img":"https://fd9-photos.leclercdrive.fr/image.ashx?id=2841598&use=l&cat=p&typeid=i","cat":325302},{"id":226806,"n":"Liquide de rinçage Sun Brillance - 500ml","p":3.3,"u":"6,60 €/L","img":"https://fd9-photos.leclercdrive.fr/image.ashx?id=2829099&use=l&cat=p&typeid=i","cat":284657},{"id":226816,"n":"Crème adhésive Fixodent plus  Maintien imbattable - 60g","p":6.04,"u":"100,67 €/KG","img":"https://fd9-photos.leclercdrive.fr/image.ashx?id=2695136&use=l&cat=p&typeid=i","cat":285158},{"id":226818,"n":"Dentifrice Sensodyne Soin  complet Triple action - 75ml","p":4.04,"u":"53,87 €/L","img":"https://fd9-photos.leclercdrive.fr/image.ashx?id=2997778&use=l&cat=p&typeid=i","cat":284612},{"id":226819,"n":"Dentifrice Sensodyne Soin gencives Triple action - 75ml","p":4.13,"u":"55,07 €/L","img":"https://fd9-photos.leclercdrive.fr/image.ashx?id=3000384&use=l&cat=p&typeid=i","cat":284612},{"id":226824,"n":"Dentifrice Sensodyne Soin  Blancheur naturelle 24h - 75ml","p":4.21,"u":"56,13 €/L","img":"https://fd9-photos.leclercdrive.fr/image.ashx?id=2694944&use=l&cat=p&typeid=i","cat":284612},{"id":226825,"n":"Dentifrice Sensodyne Répare & protège Novamin - 75ml","p":4.55,"u":"60,67 €/L","img":"https://fd9-photos.leclercdrive.fr/image.ashx?id=2694947&use=l&cat=p&typeid=i","cat":284612},{"id":226826,"n":"Dentifrice Sensodyne Soin Blancheur triple action - 75ml","p":4.44,"u":"59,20 €/L","img":"https://fd9-photos.leclercdrive.fr/image.ashx?id=3000381&use=l&cat=p&typeid=i","cat":284612},{"id":226827,"n":"Nettoyant Machine Sun Lave Vaisselle 3 Doses","p":3.38,"u":"28,17 €/KG","img":"https://fd9-photos.leclercdrive.fr/image.ashx?id=2738710&use=l&cat=p&typeid=i","cat":284657},{"id":226829,"n":"Dentifrice Sensodyne Répare & protège extra fresh - 75ml","p":4.33,"u":"57,73 €/L","img":"https://fd9-photos.leclercdrive.fr/image.ashx?id=2694956&use=l&cat=p&typeid=i","cat":284612},{"id":226830,"n":"Dentifrice Sensodyne Répare & protège Blancheur - 75ml","p":4.31,"u":"57,47 €/L","img":"https://fd9-photos.leclercdrive.fr/image.ashx?id=2872955&use=l&cat=p&typeid=i","cat":284612},{"id":226882,"n":"Chocolat en poudre Nesquik 300g","p":2.79,"u":"9,30 €/KG","img":"https://fd9-photos.leclercdrive.fr/image.ashx?id=3005374&use=l&cat=p&typeid=i","cat":293235},{"id":226899,"n":"Mini bille chocolaté M&Ms 176g","p":2.48,"u":"14,09 €/KG","img":"https://fd9-photos.leclercdrive.fr/image.ashx?id=3009074&use=l&cat=p&typeid=i","cat":304238},{"id":226920,"n":"Bonbons Skittles  152g","p":1.24,"u":"8,16 €/KG","img":"https://fd9-photos.leclercdrive.fr/image.ashx?id=3008984&use=l&cat=p&typeid=i","cat":304250},{"id":226938,"n":"Capsules café Dolce Gusto intensité 5 Grande - x30 255g","p":8.45,"u":"0,28 €/P","img":"https://fd9-photos.leclercdrive.fr/image.ashx?id=2891755&use=l&cat=p&typeid=i","cat":284843},{"id":226972,"n":"Sun Tablettes Lave-Vaisselle Tout en 1 Regular Ecolabel x46","p":7.43,"u":"9,79 €/KG","img":"https://fd9-photos.leclercdrive.fr/image.ashx?id=3000902&use=l&cat=p&typeid=i","cat":284656},{"id":226973,"n":"Sun Tablettes Lave-Vaisselle Tout en 1 Citron Ecolabel x46","p":7.9,"u":"10,41 €/KG","img":"https://fd9-photos.leclercdrive.fr/image.ashx?id=3000905&use=l&cat=p&typeid=i","cat":284656},{"id":226975,"n":"Crème de douche Corine de Farme Soin nourrissant - Monoï 500ml","p":3.22,"u":"6,44 €/L","img":"https://fd9-photos.leclercdrive.fr/image.ashx?id=2696613&use=l&cat=p&typeid=i","cat":284594},{"id":226980,"n":"Gélules flore intime Physioflor Voie oral - x30","p":12.5,"u":"0,42 €/P","img":"https://fd9-photos.leclercdrive.fr/image.ashx?id=2696619&use=l&cat=p&typeid=i","cat":328622},{"id":226982,"n":"Complément alimentaire ChronoDorm -x30 - 1.9mg","p":5.89,"u":"0,20 €/P","img":"https://fd9-photos.leclercdrive.fr/image.ashx?id=2711389&use=l&cat=p&typeid=i","cat":301265},{"id":226991,"n":"Crème protectrice Florgynelle Probiotique - 15ml","p":7.99,"u":"532,67 €/L","img":"https://fd9-photos.leclercdrive.fr/image.ashx?id=2878120&use=l&cat=p&typeid=i","cat":328622},{"id":226996,"n":"Soin intime Saforelle Miss Et corporel - Dès 2 ans 250ml","p":6.8,"u":"27,20 €/L","img":"https://fd9-photos.leclercdrive.fr/image.ashx?id=2696625&use=l&cat=p&typeid=i","cat":328622},{"id":227045,"n":"Crème Apaisante Saforelle 40ml","p":6.48,"u":"162,00 €/L","img":"https://fd9-photos.leclercdrive.fr/image.ashx?id=2697177&use=l&cat=p&typeid=i","cat":328622},{"id":227054,"n":"Gel intime Mucogyne 70ml","p":13.9,"u":"198,57 €/L","img":"https://fd9-photos.leclercdrive.fr/image.ashx?id=2913355&use=l&cat=p&typeid=i","cat":328622},{"id":227058,"n":"Lait ultra invisible Bioderma Photoderm - SPF50+ - 200ML","p":16.65,"u":"83,25 €/L","img":"https://fd9-photos.leclercdrive.fr/image.ashx?id=2696723&use=l&cat=p&typeid=i","cat":290396},{"id":227070,"n":"Thé glacé pétillant Lipton Ice Tea pêche - bouteille 1.25L","p":1.57,"u":"1,26 €/L","img":"https://fd9-photos.leclercdrive.fr/image.ashx?id=2887704&use=l&cat=p&typeid=i","cat":295019},{"id":227103,"n":"Adoucissant Liquide Jardins de fleurs 504ml x36","p":4.97,"u":"9,86 €/L","img":"https://fd9-photos.leclercdrive.fr/image.ashx?id=2698984&use=l&cat=p&typeid=i","cat":284650},{"id":227180,"n":"Saumon fumé Breizh Saveurs Norvège - 4 tranches - 100g","p":4.99,"u":"49,90 €/KG","img":"https://fd9-photos.leclercdrive.fr/image.ashx?id=2698801&use=l&cat=p&typeid=i","cat":285188},{"id":227238,"n":"Huile lavante A-Derma Exomega Control - 2x500ml","p":19.99,"u":"19,99 €/L","img":"https://fd9-photos.leclercdrive.fr/image.ashx?id=2702412&use=l&cat=p&typeid=i","cat":301591},{"id":227239,"n":"Shampooing Nodé DS+ Bioderma Antipelliculaire intense  125ml","p":10.94,"u":"87,52 €/L","img":"https://fd9-photos.leclercdrive.fr/image.ashx?id=2697860&use=l&cat=p&typeid=i","cat":290400},{"id":227242,"n":"Soin hydratant Bioderma Anti-imperfections - 30ml","p":12.32,"u":"410,67 €/L","img":"https://fd9-photos.leclercdrive.fr/image.ashx?id=2697836&use=l&cat=p&typeid=i","cat":291166},{"id":227243,"n":"Soin lavant Saforelle Ultra Hydratant - Eco recharge 400ml","p":8.99,"u":"22,48 €/L","img":"https://fd9-photos.leclercdrive.fr/image.ashx?id=2697839&use=l&cat=p&typeid=i","cat":301348},{"id":227244,"n":"Huile lavante Uriage 500ml","p":6.77,"u":"13,54 €/L","img":"https://fd9-photos.leclercdrive.fr/image.ashx?id=2697854&use=l&cat=p&typeid=i","cat":301591},{"id":227245,"n":"Baume démaquillant SVR Sensifine - 100g","p":8.86,"u":"88,60 €/KG","img":"https://fd9-photos.leclercdrive.fr/image.ashx?id=2697857&use=l&cat=p&typeid=i","cat":301587},{"id":227246,"n":"Ampoule flash Sebiaclear SVR Anti-imperfections - 30ml","p":20.88,"u":"696,00 €/L","img":"https://fd9-photos.leclercdrive.fr/image.ashx?id=2965142&use=l&cat=p&typeid=i","cat":291171},{"id":227247,"n":"Crème Sebiaclear SVR Matifiant hydratant - 40ml","p":7.88,"u":"197,00 €/L","img":"https://fd9-photos.leclercdrive.fr/image.ashx?id=2967893&use=l&cat=p&typeid=i","cat":291166},{"id":227307,"n":"Café capsules Dolce Gusto Starbucks White Moka - 123g","p":4.39,"u":"35,69 €/KG","img":"https://fd9-photos.leclercdrive.fr/image.ashx?id=3000459&use=l&cat=p&typeid=i","cat":284749},{"id":227318,"n":"P'tite Céréale Nestlé Vanille - 415g","p":2.62,"u":"6,31 €/KG","img":"https://fd9-photos.leclercdrive.fr/image.ashx?id=2700773&use=l&cat=p&typeid=i","cat":312225},{"id":227320,"n":"Céréales Nesquik 675g","p":4.55,"u":"6,74 €/KG","img":"https://fd9-photos.leclercdrive.fr/image.ashx?id=2971434&use=l&cat=p&typeid=i","cat":309513},{"id":227325,"n":"P'tite céréales Nestlé Saveur biscuit - 415g","p":2.86,"u":"6,89 €/KG","img":"https://fd9-photos.leclercdrive.fr/image.ashx?id=2700776&use=l&cat=p&typeid=i","cat":312225},{"id":227331,"n":"P'tite céréales Nestlé Cacao - 415g","p":2.62,"u":"6,31 €/KG","img":"https://fd9-photos.leclercdrive.fr/image.ashx?id=2700767&use=l&cat=p&typeid=i","cat":312225},{"id":227339,"n":"Capsules Nescafé Dolce Gusto  Lungo - x16","p":4.32,"u":"48,00 €/KG","img":"https://fd9-photos.leclercdrive.fr/image.ashx?id=2907716&use=l&cat=p&typeid=i","cat":293239},{"id":227352,"n":"Céréales Chocapic  645g","p":4.01,"u":"6,22 €/KG","img":"https://fd9-photos.leclercdrive.fr/image.ashx?id=2977732&use=l&cat=p&typeid=i","cat":309513},{"id":227372,"n":"Céréales Lion 675g","p":4.01,"u":"5,94 €/KG","img":"https://fd9-photos.leclercdrive.fr/image.ashx?id=2997256&use=l&cat=p&typeid=i","cat":309513},{"id":227373,"n":"Gelée de viande Eco+ 12x100g","p":2.99,"u":"2,49 €/KG","img":"https://fd9-photos.leclercdrive.fr/image.ashx?id=2744216&use=l&cat=p&typeid=i","cat":285286},{"id":227374,"n":"Céréales Chocapic 375g","p":2.79,"u":"7,44 €/KG","img":"https://fd9-photos.leclercdrive.fr/image.ashx?id=2977408&use=l&cat=p&typeid=i","cat":309513},{"id":227375,"n":"Capsule Nescafé Farmers Origins  Brazil Int 8 - x10","p":2.29,"u":"52,05 €/KG","img":"https://fd9-photos.leclercdrive.fr/image.ashx?id=2952166&use=l&cat=p&typeid=i","cat":284749},{"id":227376,"n":"Croquette Friskies Vitafit  Boeuf - 3kg","p":7.25,"u":"2,42 €/KG","img":"https://fd9-photos.leclercdrive.fr/image.ashx?id=2986999&use=l&cat=p&typeid=i","cat":284672},{"id":227377,"n":"Croquette Friskies Vitafit Boeuf - 12kg","p":25.07,"img":"https://fd9-photos.leclercdrive.fr/image.ashx?id=2986984&use=l&cat=p&typeid=i","cat":284672},{"id":227378,"n":"Croquettes Friskies junior Poulet & legumes - 1.5kg","p":5.37,"u":"3,58 €/KG","img":"https://fd9-photos.leclercdrive.fr/image.ashx?id=2699612&use=l&cat=p&typeid=i","cat":284680},{"id":227381,"n":"Croquettes Friskies Vitafit Poulet & legumes - 3kg","p":7.27,"u":"2,42 €/KG","img":"https://fd9-photos.leclercdrive.fr/image.ashx?id=2986981&use=l&cat=p&typeid=i","cat":284672},{"id":227397,"n":"Croquettes Friskies  Dinde & legumes - 1.5kg","p":5.37,"u":"3,58 €/KG","img":"https://fd9-photos.leclercdrive.fr/image.ashx?id=2699621&use=l&cat=p&typeid=i","cat":284680},{"id":227400,"n":"Croquettes chat Friskies Saumon et legumes - 1.5 kg","p":5.39,"u":"3,59 €/KG","img":"https://fd9-photos.leclercdrive.fr/image.ashx?id=2940600&use=l&cat=p&typeid=i","cat":284680},{"id":227408,"n":"Riz basmati Taureau Ailé 220g","p":1.63,"u":"7,41 €/KG","img":"https://fd9-photos.leclercdrive.fr/image.ashx?id=2916330&use=l&cat=p&typeid=i","cat":287600},{"id":227419,"n":"Gel Energy WC Net Javel - Action immédiate 750ml","p":2.4,"u":"3,20 €/L","img":"https://fd9-photos.leclercdrive.fr/image.ashx?id=2791659&use=l&cat=p&typeid=i","cat":284662},{"id":227445,"n":"Riz basmati Taureau Ailé Nature - 220g","p":1.63,"u":"7,41 €/KG","img":"https://fd9-photos.leclercdrive.fr/image.ashx?id=2916327&use=l&cat=p&typeid=i","cat":287600},{"id":227448,"n":"Céréales Crunch 375g","p":2.67,"u":"7,12 €/KG","img":"https://fd9-photos.leclercdrive.fr/image.ashx?id=2939760&use=l&cat=p&typeid=i","cat":309513},{"id":227507,"n":"Capsule Nescafé Farmers Origins  India Int 9 - x10","p":2.32,"u":"52,73 €/KG","img":"https://fd9-photos.leclercdrive.fr/image.ashx?id=2952169&use=l&cat=p&typeid=i","cat":284749},{"id":227512,"n":"Chips Savour  Sel de guerande - 120g","p":1.48,"u":"12,33 €/KG","img":"https://fd9-photos.leclercdrive.fr/image.ashx?id=2743828&use=l&cat=p&typeid=i","cat":284447},{"id":227514,"n":"Chips Savour Sweet Chili - 120g","p":1.79,"u":"14,92 €/KG","img":"https://fd9-photos.leclercdrive.fr/image.ashx?id=2743825&use=l&cat=p&typeid=i","cat":284447},{"id":227515,"n":"Chips Savour Vinaigre de cidre - 120g","p":1.71,"u":"14,25 €/KG","img":"https://fd9-photos.leclercdrive.fr/image.ashx?id=2743822&use=l&cat=p&typeid=i","cat":284447},{"id":227516,"n":"Chips Savour Cheddar & Ciboulette - 120g","p":1.75,"u":"14,58 €/KG","img":"https://fd9-photos.leclercdrive.fr/image.ashx?id=2743819&use=l&cat=p&typeid=i","cat":284447},{"id":227528,"n":"Chips Lay's Poulet - 135g","p":1.25,"u":"9,26 €/KG","img":"https://fd9-photos.leclercdrive.fr/image.ashx?id=2995079&use=l&cat=p&typeid=i","cat":284447},{"id":227534,"n":"Chips Lay's Barbecue - 135g","p":1.18,"u":"8,74 €/KG","img":"https://fd9-photos.leclercdrive.fr/image.ashx?id=2994485&use=l&cat=p&typeid=i","cat":284447},{"id":227542,"n":"Croquettes pour chien Friskies Vitafit 12kg","p":25.69,"u":"2,14 €/KG","img":"https://fd9-photos.leclercdrive.fr/image.ashx?id=2986987&use=l&cat=p&typeid=i","cat":284672},{"id":227600,"n":"Croquettes chat Friskies Boeuf, poulet et légumes - 3kg","p":10.22,"u":"3,41 €/KG","img":"https://fd9-photos.leclercdrive.fr/image.ashx?id=2940603&use=l&cat=p&typeid=i","cat":284680},{"id":227603,"n":"Croquettes chat stérilisé Friskies Agneau légumes - 1.5kg","p":5.57,"u":"3,71 €/KG","img":"https://fd9-photos.leclercdrive.fr/image.ashx?id=2701064&use=l&cat=p&typeid=i","cat":284680},{"id":227612,"n":"Croquettes chien light Friskies Poulet & légumes - 3kg","p":8.67,"u":"2,89 €/KG","img":"https://fd9-photos.leclercdrive.fr/image.ashx?id=2987002&use=l&cat=p&typeid=i","cat":284672},{"id":227626,"n":"Barres chocolatées Mars  x7 - 315g","p":2.89,"u":"9,17 €/KG","img":"https://fd9-photos.leclercdrive.fr/image.ashx?id=2701043&use=l&cat=p&typeid=i","cat":284498},{"id":227629,"n":"Barres chocolatées Snickers x7 - 350g","p":3.29,"u":"9,40 €/KG","img":"https://fd9-photos.leclercdrive.fr/image.ashx?id=2701040&use=l&cat=p&typeid=i","cat":284498},{"id":227636,"n":"Chewing-gum Freedent Refresher Menthe verte x8 - 18g","p":1.04,"u":"57,78 €/KG","img":"https://fd9-photos.leclercdrive.fr/image.ashx?id=2863782&use=l&cat=p&typeid=i","cat":304251},{"id":227645,"n":"Barres Bounty chocolat & noix de coco x5 - 285g","p":2.77,"u":"9,72 €/KG","img":"https://fd9-photos.leclercdrive.fr/image.ashx?id=2701022&use=l&cat=p&typeid=i","cat":284498},{"id":227671,"n":"Bière aromatisée Desperados Tropical -  6X33cl","p":8.8,"u":"4,44 €/L","img":"https://fd9-photos.leclercdrive.fr/image.ashx?id=2701142&use=l&cat=p&typeid=i","cat":334878},{"id":227679,"n":"Minis barres chocolatées Mars 275g","p":3.05,"u":"11,09 €/KG","img":"https://fd9-photos.leclercdrive.fr/image.ashx?id=2702500&use=l&cat=p&typeid=i","cat":284498},{"id":227690,"n":"Parfum de linge Lenor Ambre orchidée x19D - 235g","p":6.68,"u":"28,43 €/KG","img":"https://fd9-photos.leclercdrive.fr/image.ashx?id=2839457&use=l&cat=p&typeid=i","cat":325302},{"id":227701,"n":"Chocolat Pâtissier Nestlé Dessert Blanc - 170g","p":2.92,"u":"17,18 €/KG","img":"https://fd9-photos.leclercdrive.fr/image.ashx?id=2895062&use=l&cat=p&typeid=i","cat":284957},{"id":227731,"n":"Céréales Nesquik  375g","p":2.69,"u":"7,17 €/KG","img":"https://fd9-photos.leclercdrive.fr/image.ashx?id=2977411&use=l&cat=p&typeid=i","cat":309513},{"id":227738,"n":"Capsule Nescafé Farmers Origins  Africas Int 10 - x10","p":2.32,"u":"52,73 €/KG","img":"https://fd9-photos.leclercdrive.fr/image.ashx?id=2952172&use=l&cat=p&typeid=i","cat":284749},{"id":227823,"n":"Chips Lay's Emmental - 135g","p":1.19,"u":"8,81 €/KG","img":"https://fd9-photos.leclercdrive.fr/image.ashx?id=3011155&use=l&cat=p&typeid=i","cat":284447},{"id":227824,"n":"Pépites chocolats La Pateliere 100g","p":2.89,"u":"28,90 €/KG","img":"https://fd9-photos.leclercdrive.fr/image.ashx?id=2701800&use=l&cat=p&typeid=i","cat":284504},{"id":227831,"n":"Spray Nettoyant Menager Cif  Anti-calcaire Universel 750 ml","p":2.1,"u":"2,80 €/L","img":"https://fd9-photos.leclercdrive.fr/image.ashx?id=2890520&use=l&cat=p&typeid=i","cat":325362},{"id":227882,"n":"Concentré Sodastream Cola - 440ml","p":4.99,"pp":3.99,"u":"9,07 €/L","img":"https://fd9-photos.leclercdrive.fr/image.ashx?id=2703350&use=l&cat=p&typeid=i","cat":295020},{"id":227900,"n":"Glace Bâtonnet MAGNUM Chocolat Blanc 4x100ml","p":3.14,"u":"10,68 €/KG","img":"https://fd9-photos.leclercdrive.fr/image.ashx?id=3011944&use=l&cat=p&typeid=i","cat":284265},{"id":227918,"n":"Pois chiches Eco+ - 265g","p":0.67,"u":"2,53 €/KG","img":"https://fd9-photos.leclercdrive.fr/image.ashx?id=3003747&use=l&cat=p&typeid=i","cat":312609},{"id":227960,"n":"Concentré cola sans sucres Sodastream - 440ml","p":4.99,"pp":3.99,"u":"9,07 €/L","img":"https://fd9-photos.leclercdrive.fr/image.ashx?id=2703155&use=l&cat=p&typeid=i","cat":295020},{"id":227961,"n":"Concentré cola light Sodastream - 440ml","p":4.99,"pp":3.99,"u":"9,07 €/L","img":"https://fd9-photos.leclercdrive.fr/image.ashx?id=2703332&use=l&cat=p&typeid=i","cat":295020},{"id":227963,"n":"Tartines croustillantes Wasa Flocons d'avoine - 265g","p":3.33,"u":"12,57 €/KG","img":"https://fd9-photos.leclercdrive.fr/image.ashx?id=2749527&use=l&cat=p&typeid=i","cat":284479},{"id":227978,"n":"Concentré Sodastream Menthe sans sucres - 440ml","p":4.99,"pp":3.99,"u":"9,07 €/L","img":"https://fd9-photos.leclercdrive.fr/image.ashx?id=2765372&use=l&cat=p&typeid=i","cat":295020},{"id":227994,"n":"Concentré adoucissant Soupline Mandarine Vanille - 2x1,28L","p":10.39,"u":"4,06 €/L","img":"https://fd9-photos.leclercdrive.fr/image.ashx?id=2706683&use=l&cat=p&typeid=i","cat":284650},{"id":228003,"n":"Concentré adoucissant Soupline Ultra 3D grand air - 2,7L","p":10.08,"u":"3,73 €/L","img":"https://fd9-photos.leclercdrive.fr/image.ashx?id=2703870&use=l&cat=p&typeid=i","cat":284650},{"id":228005,"n":"Concentré adoucissant Soupline Ultra 3D coco - 2x1.28L","p":10.46,"u":"4,09 €/L","img":"https://fd9-photos.leclercdrive.fr/image.ashx?id=2703873&use=l&cat=p&typeid=i","cat":284650},{"id":228007,"n":"Concentré adoucissant Soupline Ultra 3D hypoallergénique  2,7L","p":10.39,"u":"3,85 €/L","img":"https://fd9-photos.leclercdrive.fr/image.ashx?id=2703876&use=l&cat=p&typeid=i","cat":284650},{"id":228008,"n":"Concentré adoucissant Soupline Ultra 3D lavande - x2 2,7L","p":10.39,"u":"3,85 €/L","img":"https://fd9-photos.leclercdrive.fr/image.ashx?id=2703879&use=l&cat=p&typeid=i","cat":284650},{"id":228197,"n":"Sirop Frucci Fraise - 1.3L","p":3.77,"u":"2,90 €/L","img":"https://fd9-photos.leclercdrive.fr/image.ashx?id=2898041&use=l&cat=p&typeid=i","cat":295020},{"id":228198,"n":"Sirop Frucci Grenadine - 1.3L","p":3.28,"u":"2,52 €/L","img":"https://fd9-photos.leclercdrive.fr/image.ashx?id=2909921&use=l&cat=p&typeid=i","cat":295020},{"id":228199,"n":"Sirop Frucci Menthe - 1.3L","p":3.02,"u":"2,32 €/L","img":"https://fd9-photos.leclercdrive.fr/image.ashx?id=2898038&use=l&cat=p&typeid=i","cat":295020},{"id":228205,"n":"Nettoyant ménager AJAX Air frais coquelicots - 1.25L","p":2.3,"u":"1,84 €/L","img":"https://fd9-photos.leclercdrive.fr/image.ashx?id=2944473&use=l&cat=p&typeid=i","cat":284907},{"id":228279,"n":"Ratatouille cuisinée Cassegrain À la provençale - 3x380g","p":8.16,"u":"7,16 €/KG","img":"https://fd9-photos.leclercdrive.fr/image.ashx?id=2962119&use=l&cat=p&typeid=i","cat":312612},{"id":228296,"n":"Courgettes cuisinées Cassegrain À la provençale - 3x375g","p":8.43,"u":"7,49 €/KG","img":"https://fd9-photos.leclercdrive.fr/image.ashx?id=2962122&use=l&cat=p&typeid=i","cat":312612},{"id":228301,"n":"Ampoule LED Foxter Standard B22 75w","p":5.99,"u":"Dont 0,29 € d'éco-part.","img":"https://fd9-photos.leclercdrive.fr/image.ashx?id=2706168&use=l&cat=p&typeid=i","cat":300573},{"id":228307,"n":"Ampoule led1 Capsule Foxter G9 40w","p":6.99,"u":"Dont 0,29 € d'éco-part.","img":"https://fd9-photos.leclercdrive.fr/image.ashx?id=2706180&use=l&cat=p&typeid=i","cat":300573},{"id":228309,"n":"Ampoule led1 tube Foxter S19 60w - x1","p":8.99,"u":"Dont 0,29 € d'éco-part.","img":"https://fd9-photos.leclercdrive.fr/image.ashx?id=2706183&use=l&cat=p&typeid=i","cat":300573},{"id":228396,"n":"Thé glacé Lipton Ice Tea Pêche - 6x33cl","p":3.17,"u":"1,60 €/L","img":"https://fd9-photos.leclercdrive.fr/image.ashx?id=2852471&use=l&cat=p&typeid=i","cat":295019},{"id":228462,"n":"Spray Nettoyant 5-en-1 Cif Cuisine & Salle de Bain 750ml","p":2.01,"u":"2,68 €/L","img":"https://fd9-photos.leclercdrive.fr/image.ashx?id=2999336&use=l&cat=p&typeid=i","cat":325357},{"id":228463,"n":"Liquide vaisselle mini Paic Citron - 500ml","p":1.13,"u":"2,26 €/L","img":"https://fd9-photos.leclercdrive.fr/image.ashx?id=2708020&use=l&cat=p&typeid=i","cat":284655},{"id":228464,"n":"Recharge Adoucissant Soupline Grand Air - 1L - x45","p":3.54,"u":"3,54 €/L","img":"https://fd9-photos.leclercdrive.fr/image.ashx?id=2860598&use=l&cat=p&typeid=i","cat":284650},{"id":228465,"n":"Nettoyant ménager Ajax Fête des fleurs muguets 1.25L","p":2.34,"u":"1,87 €/L","img":"https://fd9-photos.leclercdrive.fr/image.ashx?id=2926072&use=l&cat=p&typeid=i","cat":284907},{"id":228466,"n":"Liquide vaisselle et mains Paic Citron - 500ml","p":3.16,"u":"6,32 €/L","img":"https://fd9-photos.leclercdrive.fr/image.ashx?id=2708038&use=l&cat=p&typeid=i","cat":284655},{"id":228467,"n":"Spray nettoyant ménager Ajax Salle de bain - 500ml","p":2.68,"u":"5,36 €/L","img":"https://fd9-photos.leclercdrive.fr/image.ashx?id=2708041&use=l&cat=p&typeid=i","cat":325357},{"id":228468,"n":"Spray nettoyant ménager Ajax Multi-surfaces - 500ml","p":2.68,"u":"5,36 €/L","img":"https://fd9-photos.leclercdrive.fr/image.ashx?id=2708044&use=l&cat=p&typeid=i","cat":325357},{"id":228469,"n":"Perles de linge Soupline Grand Air - 230g","p":6.9,"u":"30,00 €/KG","img":"https://fd9-photos.leclercdrive.fr/image.ashx?id=2708032&use=l&cat=p&typeid=i","cat":325302},{"id":228490,"n":"Lessive liquide Le Chat  L'Expert bicarbonate x66 -2.97L","p":13.95,"u":"4,70 €/L","img":"https://fd9-photos.leclercdrive.fr/image.ashx?id=2877781&use=l&cat=p&typeid=i","cat":284640},{"id":228499,"n":"Lessive liquide X-tra Total 4 en 1 x63 - 2.835L","p":8.93,"u":"3,15 €/L","img":"https://fd9-photos.leclercdrive.fr/image.ashx?id=2921561&use=l&cat=p&typeid=i","cat":284640},{"id":228501,"n":"Lessive liquide X-tra Total Savon de Marseille x63  -2.835L","p":9.06,"u":"3,20 €/L","img":"https://fd9-photos.leclercdrive.fr/image.ashx?id=2921564&use=l&cat=p&typeid=i","cat":284640},{"id":228502,"n":"Lessive liquide X-tra Total Déo fraîcheur x57 - 2.565L","p":8.47,"u":"3,30 €/L","img":"https://fd9-photos.leclercdrive.fr/image.ashx?id=2708564&use=l&cat=p&typeid=i","cat":284640},{"id":228504,"n":"Liquide vaisselle Mir vinaigre Framboise dégraissant  - 450ml","p":1.34,"u":"2,98 €/L","img":"https://fd9-photos.leclercdrive.fr/image.ashx?id=2979725&use=l&cat=p&typeid=i","cat":284655},{"id":228506,"n":"Lessive liquide Mir Black Raviveur noir x27 - 1.35L","p":5.83,"u":"4,32 €/L","img":"https://fd9-photos.leclercdrive.fr/image.ashx?id=2881323&use=l&cat=p&typeid=i","cat":284644},{"id":228509,"n":"Lessive liquide Mir Laine Textile délicat x27 - 1.35L","p":5.64,"u":"4,18 €/L","img":"https://fd9-photos.leclercdrive.fr/image.ashx?id=2890118&use=l&cat=p&typeid=i","cat":284644},{"id":228510,"n":"Lessive liquide Super Croix X-tra Bora Bora x42 - 1.89L","p":7.41,"u":"3,92 €/L","img":"https://fd9-photos.leclercdrive.fr/image.ashx?id=2876263&use=l&cat=p&typeid=i","cat":284640},{"id":228511,"n":"Lessive liquide Maison Verte Fraîcheur d'été - 1.485L x33","p":7.08,"u":"4,77 €/L","img":"https://fd9-photos.leclercdrive.fr/image.ashx?id=2890121&use=l&cat=p&typeid=i","cat":284640},{"id":228804,"n":"Café grains Temps des Cerises Saveur Noisette - 900g","p":18.99,"u":"21,10 €/KG","img":"https://fd9-photos.leclercdrive.fr/image.ashx?id=2710260&use=l&cat=p&typeid=i","cat":293237},{"id":228862,"n":"Lait bébé Candia Baby croissance 3ème âge - 18x25cl","p":10.56,"u":"2,35 €/L","img":"https://fd9-photos.leclercdrive.fr/image.ashx?id=2963367&use=l&cat=p&typeid=i","cat":284728},{"id":228957,"n":"Dessert P'tit brassé  Mini banane - 300g","p":2.18,"u":"7,27 €/KG","img":"https://fd9-photos.leclercdrive.fr/image.ashx?id=2958203&use=l&cat=p&typeid=i","cat":312392},{"id":228976,"n":"Infusion Saveurs du soir Lipton Grand sud - 32g","p":1.19,"u":"37,19 €/KG","img":"https://fd9-photos.leclercdrive.fr/image.ashx?id=2718741&use=l&cat=p&typeid=i","cat":293234},{"id":228992,"n":"Thé vert Lipton Bio  x20 - 28g","p":2.88,"u":"102,86 €/KG","img":"https://fd9-photos.leclercdrive.fr/image.ashx?id=2739405&use=l&cat=p&typeid=i","cat":293233},{"id":229109,"n":"Capsule Nescafé Farmers Origins Intensité 7 - x10 - 44g","p":2.75,"u":"62,50 €/KG","img":"https://fd9-photos.leclercdrive.fr/image.ashx?id=2714585&use=l&cat=p&typeid=i","cat":284749},{"id":229383,"n":"Lessive liquide Persavon 0% Sensitive - 2L","p":9.01,"u":"4,51 €/L","img":"https://fd9-photos.leclercdrive.fr/image.ashx?id=2985378&use=l&cat=p&typeid=i","cat":284640},{"id":229484,"n":"Complément alimentaire Ours+ 9 vitamines- x60 oursons - 120g","p":5.5,"u":"45,83 €/KG","img":"https://fd9-photos.leclercdrive.fr/image.ashx?id=2717012&use=l&cat=p&typeid=i","cat":301264},{"id":229489,"n":"Complément alimentaire Symbiosis Alforex+ x30 gélules","p":17.99,"img":"https://fd9-photos.leclercdrive.fr/image.ashx?id=2717994&use=l&cat=p&typeid=i","cat":301268},{"id":229499,"n":"Sérum concentré repulpant Avène Hyaluron Activ B3 - 30ml","p":28.88,"u":"962,67 €/L","img":"https://fd9-photos.leclercdrive.fr/image.ashx?id=2968259&use=l&cat=p&typeid=i","cat":291168},{"id":229593,"n":"Tablettes lave-vaisselle Visior Tout en 1 citron x45 - 765g","p":5.79,"u":"7,57 €/KG","img":"https://fd9-photos.leclercdrive.fr/image.ashx?id=2954905&use=l&cat=p&typeid=i","cat":284656},{"id":229762,"n":"Café capsules L'OR Espresso Delizioso - x50 - 260g","p":11.0,"u":"42,31 €/KG","img":"https://fd9-photos.leclercdrive.fr/image.ashx?id=2719861&use=l&cat=p&typeid=i","cat":284749},{"id":229765,"n":"Café capsules L'OR Espresso Forza - x50 - 260g","p":11.18,"u":"43,00 €/KG","img":"https://fd9-photos.leclercdrive.fr/image.ashx?id=2719864&use=l&cat=p&typeid=i","cat":284749},{"id":229769,"n":"Café capsules L'OR Espresso Ristretto - x50 - 260g","p":10.98,"u":"42,23 €/KG","img":"https://fd9-photos.leclercdrive.fr/image.ashx?id=2719867&use=l&cat=p&typeid=i","cat":284749},{"id":229814,"n":"Crème fixative Polident Original 0% - 77g","p":5.74,"u":"74,55 €/KG","img":"https://fd9-photos.leclercdrive.fr/image.ashx?id=2719618&use=l&cat=p&typeid=i","cat":285158},{"id":229891,"n":"Pain de mie complet Harrys Sandwich Sans sucre ajouté 600g","p":1.68,"u":"2,80 €/KG","img":"https://fd9-photos.leclercdrive.fr/image.ashx?id=2962473&use=l&cat=p&typeid=i","cat":284477},{"id":229893,"n":"Pain de mie complet Harrys Sandwich Sans sucre ajouté 900g","p":2.21,"u":"2,46 €/KG","img":"https://fd9-photos.leclercdrive.fr/image.ashx?id=2962476&use=l&cat=p&typeid=i","cat":284477},{"id":229895,"n":"Sérum A-Derma Biology Hydratant Bio - 30ml","p":20.56,"u":"685,33 €/L","img":"https://fd9-photos.leclercdrive.fr/image.ashx?id=2719204&use=l&cat=p&typeid=i","cat":291171},{"id":229896,"n":"Pain de mie nature Harrys American Sandwich 550g","p":1.54,"u":"2,80 €/KG","img":"https://fd9-photos.leclercdrive.fr/image.ashx?id=2962446&use=l&cat=p&typeid=i","cat":284477},{"id":229902,"n":"Shampooing doux Ducray Elution - Equilibrant - 400ml","p":12.0,"u":"30,00 €/L","img":"https://fd9-photos.leclercdrive.fr/image.ashx?id=2719213&use=l&cat=p&typeid=i","cat":290400},{"id":229909,"n":"Masque Avène Apaisant éclat - 50ml","p":14.99,"u":"299,80 €/L","img":"https://fd9-photos.leclercdrive.fr/image.ashx?id=2719231&use=l&cat=p&typeid=i","cat":291165},{"id":229910,"n":"Soin anti-rougeurs Avène Concentré - 30ml","p":17.88,"u":"596,00 €/L","img":"https://fd9-photos.leclercdrive.fr/image.ashx?id=2719234&use=l&cat=p&typeid=i","cat":291171},{"id":229912,"n":"Gel-crème Avène Hyaluron Activ B3 - 50ml","p":30.89,"u":"617,80 €/L","img":"https://fd9-photos.leclercdrive.fr/image.ashx?id=2719237&use=l&cat=p&typeid=i","cat":291168},{"id":229913,"n":"Crème intensive jour Avène Vitamin Active Cg - 50ml","p":34.98,"u":"699,60 €/L","img":"https://fd9-photos.leclercdrive.fr/image.ashx?id=3011266&use=l&cat=p&typeid=i","cat":291168},{"id":229914,"n":"Crème mains Avène Cold cream - Concentrée 2x50ml","p":9.59,"u":"95,90 €/L","img":"https://fd9-photos.leclercdrive.fr/image.ashx?id=2719243&use=l&cat=p&typeid=i","cat":290424},{"id":229917,"n":"Huile lavante A-Derma Anti- Grattage Exomega control 500ml","p":10.46,"u":"20,92 €/L","img":"https://fd9-photos.leclercdrive.fr/image.ashx?id=2719246&use=l&cat=p&typeid=i","cat":301591},{"id":230167,"n":"Lessive liquide X-tra Total  Ecopack  x41 - 1.845L","p":6.7,"u":"3,63 €/L","img":"https://fd9-photos.leclercdrive.fr/image.ashx?id=2890124&use=l&cat=p&typeid=i","cat":284640},{"id":230171,"n":"Bière Picon 1L","p":9.92,"u":"9,92 €/L","img":"https://fd9-photos.leclercdrive.fr/image.ashx?id=2720908&use=l&cat=p&typeid=i","cat":334872},{"id":230198,"n":"Gel nettoyant WC La Croix Ultra WC - 750ml","p":1.23,"u":"1,64 €/L","img":"https://fd9-photos.leclercdrive.fr/image.ashx?id=2721531&use=l&cat=p&typeid=i","cat":284662},{"id":230318,"n":"Talc boîte poudreuse Felce Azzurra - 200g","p":2.29,"u":"11,45 €/KG","img":"https://fd9-photos.leclercdrive.fr/image.ashx?id=2938935&use=l&cat=p&typeid=i","cat":284741},{"id":230575,"n":"Olives vertes dénoyautées Ail des ours - 200g","p":2.15,"u":"10,75 €/KG","img":"https://fd9-photos.leclercdrive.fr/image.ashx?id=2722663&use=l&cat=p&typeid=i","cat":316002},{"id":230596,"n":"Colin à la Bordelaise Findus  MSC - 380g","p":4.23,"u":"11,13 €/KG","img":"https://fd9-photos.leclercdrive.fr/image.ashx?id=2899503&use=l&cat=p&typeid=i","cat":319786},{"id":230598,"n":"Glaces à l'au Capri-Sun x12 - 420ml","p":4.17,"u":"9,93 €/L","img":"https://fd9-photos.leclercdrive.fr/image.ashx?id=2724607&use=l&cat=p&typeid=i","cat":284265},{"id":230863,"n":"Crackers Monaco Belin Emmental  170g","p":1.42,"u":"8,35 €/KG","img":"https://fd9-photos.leclercdrive.fr/image.ashx?id=3002231&use=l&cat=p&typeid=i","cat":297000},{"id":231203,"n":"Lessive liquide Super Croix  X-tra Japon x42- 1.89L","p":8.24,"u":"4,36 €/L","img":"https://fd9-photos.leclercdrive.fr/image.ashx?id=2876272&use=l&cat=p&typeid=i","cat":284640},{"id":231362,"n":"Barquettes de terrine Cesar Bio Natural Goodness - 100g","p":0.91,"u":"9,10 €/KG","img":"https://fd9-photos.leclercdrive.fr/image.ashx?id=2728657&use=l&cat=p&typeid=i","cat":284673},{"id":231364,"n":"Barquettes terrine Cesar Bio Natural Goodness - 100g","p":0.97,"u":"9,70 €/KG","img":"https://fd9-photos.leclercdrive.fr/image.ashx?id=2728654&use=l&cat=p&typeid=i","cat":284673},{"id":231369,"n":"Capsules café L'Or Espresso Splendente N°7 x30","p":9.04,"u":"57,95 €/KG","img":"https://fd9-photos.leclercdrive.fr/image.ashx?id=2728846&use=l&cat=p&typeid=i","cat":284749},{"id":231370,"n":"Capsules café L'Or Espresso Ristretto N°11 x30","p":9.17,"u":"58,78 €/KG","img":"https://fd9-photos.leclercdrive.fr/image.ashx?id=2728843&use=l&cat=p&typeid=i","cat":284749},{"id":231371,"n":"Capsules café L'Or Espresso Forza N°9 x30","p":8.8,"u":"56,41 €/KG","img":"https://fd9-photos.leclercdrive.fr/image.ashx?id=3000468&use=l&cat=p&typeid=i","cat":284749},{"id":231372,"n":"Capsules café L'Or Espresso Delizioso N°5 x30","p":9.16,"u":"58,72 €/KG","img":"https://fd9-photos.leclercdrive.fr/image.ashx?id=2851345&use=l&cat=p&typeid=i","cat":284749},{"id":231570,"n":"Badoit bulles de fruits rouges 1l","p":1.47,"u":"1,47 €/L","img":"https://fd9-photos.leclercdrive.fr/image.ashx?id=2964676&use=l&cat=p&typeid=i","cat":284536},{"id":231640,"n":"Aérosol multi-insectes Raid - 400ml","p":6.36,"u":"15,90 €/L","img":"https://fd9-photos.leclercdrive.fr/image.ashx?id=2741517&use=l&cat=p&typeid=i","cat":298368},{"id":231642,"n":"Déodorant spray Dove Original - 0% Alcool - 200 ml","p":3.75,"u":"18,75 €/L","img":"https://fd9-photos.leclercdrive.fr/image.ashx?id=2739462&use=l&cat=p&typeid=i","cat":284595},{"id":231657,"n":"Tablettes lave-vaisselle Finish Power Plus - x35","p":8.27,"u":"14,77 €/KG","img":"https://fd9-photos.leclercdrive.fr/image.ashx?id=2749431&use=l&cat=p&typeid=i","cat":284656},{"id":231658,"n":"Lessive liquide X-tra Total  4 en 1 propreté x85 - 3.825L","p":13.39,"u":"3,50 €/L","img":"https://fd9-photos.leclercdrive.fr/image.ashx?id=2740568&use=l&cat=p&typeid=i","cat":284640},{"id":231660,"n":"Lessive liquide Super Croix  X-tra Maroc x42 - 1.890L","p":8.09,"u":"4,28 €/L","img":"https://fd9-photos.leclercdrive.fr/image.ashx?id=2876275&use=l&cat=p&typeid=i","cat":284640},{"id":231704,"n":"Lessive multi-usages St Marc  à la Résine de pin - 1,4kg","p":4.26,"u":"3,04 €/KG","img":"https://fd9-photos.leclercdrive.fr/image.ashx?id=2884645&use=l&cat=p&typeid=i","cat":325365},{"id":231706,"n":"Capsules lave-vaisselle Finish  Ultimate Citron - x42","p":15.6,"u":"28,78 €/KG","img":"https://fd9-photos.leclercdrive.fr/image.ashx?id=2749446&use=l&cat=p&typeid=i","cat":284656},{"id":231707,"n":"Capsules lave-vaisselle Finish  Ultimate - x42","p":8.96,"u":"15,77 €/KG","img":"https://fd9-photos.leclercdrive.fr/image.ashx?id=2749443&use=l&cat=p&typeid=i","cat":284656},{"id":231708,"n":"Capsules lave-vaisselle Finish  Quantum - x46","p":8.77,"u":"18,35 €/KG","img":"https://fd9-photos.leclercdrive.fr/image.ashx?id=2749440&use=l&cat=p&typeid=i","cat":284656},{"id":231709,"n":"Capsules lave-vaisselle Finish Ultimate Plus Citron - x35","p":8.77,"u":"20,54 €/KG","img":"https://fd9-photos.leclercdrive.fr/image.ashx?id=2749437&use=l&cat=p&typeid=i","cat":284656},{"id":231712,"n":"Tablettes lave-vaisselle Finish Power Plus - x54","p":8.77,"u":"10,15 €/KG","img":"https://fd9-photos.leclercdrive.fr/image.ashx?id=2749425&use=l&cat=p&typeid=i","cat":284656},{"id":231713,"n":"Spray nettoyant Cillit Bang Expert crasse & calcaire 750ml","p":2.86,"u":"3,81 €/L","img":"https://fd9-photos.leclercdrive.fr/image.ashx?id=2839755&use=l&cat=p&typeid=i","cat":325362},{"id":231714,"n":"Spray nettoyant Cillit Bang  Expert Anti-moisissures - 750ml","p":3.01,"u":"4,01 €/L","img":"https://fd9-photos.leclercdrive.fr/image.ashx?id=2790114&use=l&cat=p&typeid=i","cat":325357},{"id":231715,"n":"Spray nettoyant Cillit Bang  Expert Javel - 750ml","p":2.98,"u":"3,97 €/L","img":"https://fd9-photos.leclercdrive.fr/image.ashx?id=2793653&use=l&cat=p&typeid=i","cat":325357},{"id":231717,"n":"ST MARC Liquide Nettoyant Multi Usages Côtes Bretonnes - 1L","p":2.54,"u":"2,54 €/L","img":"https://fd9-photos.leclercdrive.fr/image.ashx?id=2859074&use=l&cat=p&typeid=i","cat":284907},{"id":231718,"n":"Nettoyant liquide St Marc Multi usages Forêt des Landes - 1L","p":2.27,"u":"2,27 €/L","img":"https://fd9-photos.leclercdrive.fr/image.ashx?id=2844208&use=l&cat=p&typeid=i","cat":284907},{"id":231719,"n":"Lessive capsules Super Croix X-tra Bora Bora x28  - 336g","p":7.99,"u":"23,78 €/KG","img":"https://fd9-photos.leclercdrive.fr/image.ashx?id=2876284&use=l&cat=p&typeid=i","cat":284641},{"id":231980,"n":"IGP Haute-Vallée de l'Aude Blanc Chardo HVE 12.5% vol 75cl","p":3.9,"u":"5,20 €/L","img":"https://fd9-photos.leclercdrive.fr/image.ashx?id=2744668&use=l&cat=p&typeid=i","cat":289557},{"id":232022,"n":"Lessive capsules Super Croix  X-tra Japon x28 - 336g","p":8.72,"u":"25,95 €/KG","img":"https://fd9-photos.leclercdrive.fr/image.ashx?id=2876278&use=l&cat=p&typeid=i","cat":284641},{"id":232130,"n":"Lessive liquide Super Croix  X-tra Bora Bora x63 - 2.835L","p":12.07,"u":"4,26 €/L","img":"https://fd9-photos.leclercdrive.fr/image.ashx?id=2876269&use=l&cat=p&typeid=i","cat":284640},{"id":232144,"n":"Lessive liquide Mir Noir - 2.7L - x54","p":15.67,"u":"5,80 €/L","img":"https://fd9-photos.leclercdrive.fr/image.ashx?id=2965978&use=l&cat=p&typeid=i","cat":284640},{"id":232145,"n":"Lessive liquide Mir Noir - 650ml - x13","p":4.69,"u":"7,22 €/L","img":"https://fd9-photos.leclercdrive.fr/image.ashx?id=2743043&use=l&cat=p&typeid=i","cat":284644},{"id":232150,"n":"Lessive liquide Mir Couleurs  Raviveur couleurs x27 - 1.35L","p":6.25,"u":"4,63 €/L","img":"https://fd9-photos.leclercdrive.fr/image.ashx?id=2744034&use=l&cat=p&typeid=i","cat":284644},{"id":232151,"n":"Lessive liquide Mir Laine - 2.7L - x54","p":14.63,"u":"5,42 €/L","img":"https://fd9-photos.leclercdrive.fr/image.ashx?id=2744031&use=l&cat=p&typeid=i","cat":284644},{"id":232203,"n":"Gambas du pacifique ASC Origine Equateur - 250g","p":8.9,"img":"https://fd9-photos.leclercdrive.fr/image.ashx?id=2745079&use=l&cat=p&typeid=i","cat":319787},{"id":232304,"n":"Brosse à dent Signal  Integral 8 - Souple - x1","p":1.68,"img":"https://fd9-photos.leclercdrive.fr/image.ashx?id=2772539&use=l&cat=p&typeid=i","cat":284614},{"id":232305,"n":"Brosse à dent Signal Triple action - Souple - x4","p":1.52,"img":"https://fd9-photos.leclercdrive.fr/image.ashx?id=2745871&use=l&cat=p&typeid=i","cat":284614},{"id":232309,"n":"Bloc WC Fresh Disc Canard Citron vert - 1x36ml","p":2.65,"pp":1.75,"img":"https://fd9-photos.leclercdrive.fr/image.ashx?id=2745769&use=l&cat=p&typeid=i","cat":284662},{"id":232318,"n":"Tablette lave-vaisselle Sun Tout-en-1 - x86 - 1.419kg","p":14.78,"u":"10,42 €/KG","img":"https://fd9-photos.leclercdrive.fr/image.ashx?id=3000899&use=l&cat=p&typeid=i","cat":284656},{"id":232341,"n":"Bloc WC Canard Fresh Disc Fraîcheur marine - 36ml","p":2.65,"pp":1.75,"img":"https://fd9-photos.leclercdrive.fr/image.ashx?id=2747691&use=l&cat=p&typeid=i","cat":284662},{"id":232349,"n":"Adoucissant Soupline Concentré Lavande Elixir - x45 1L","p":7.04,"u":"7,04 €/L","img":"https://fd9-photos.leclercdrive.fr/image.ashx?id=2745850&use=l&cat=p&typeid=i","cat":284650},{"id":232353,"n":"Désodorisant diffuseur Airwick  huile essentielle Vanille -20ml","p":7.09,"img":"https://fd9-photos.leclercdrive.fr/image.ashx?id=2963481&use=l&cat=p&typeid=i","cat":311629},{"id":232356,"n":"Gel douche Sanex Zéro Family - Pompe - 700ml","p":5.77,"u":"8,24 €/L","img":"https://fd9-photos.leclercdrive.fr/image.ashx?id=2745859&use=l&cat=p&typeid=i","cat":284594},{"id":232366,"n":"Déodorant spray Dove Zéro - Invisible Care - 200ml","p":3.75,"u":"18,75 €/L","img":"https://fd9-photos.leclercdrive.fr/image.ashx?id=2772542&use=l&cat=p&typeid=i","cat":284595},{"id":232375,"n":"Déodorant stick homme Rexona Anti-transpirant - 45ml","p":4.71,"u":"104,67 €/L","img":"https://fd9-photos.leclercdrive.fr/image.ashx?id=2747166&use=l&cat=p&typeid=i","cat":284618},{"id":232377,"n":"Insecticide Raid Max Système anti-fourmis - 1 piège","p":3.91,"img":"https://fd9-photos.leclercdrive.fr/image.ashx?id=2968454&use=l&cat=p&typeid=i","cat":298368},{"id":232519,"n":"Pâtes Barilla Risoni - 500g","p":1.27,"u":"2,54 €/KG","img":"https://fd9-photos.leclercdrive.fr/image.ashx?id=2748665&use=l&cat=p&typeid=i","cat":284427},{"id":232520,"n":"Pâtes Barilla Ditalini Rigati - 500g","p":1.23,"u":"2,46 €/KG","img":"https://fd9-photos.leclercdrive.fr/image.ashx?id=2748668&use=l&cat=p&typeid=i","cat":284427},{"id":232770,"n":"Skyr à boire Danone Vanille 270g","p":1.71,"u":"6,33 €/KG","img":"https://fd9-photos.leclercdrive.fr/image.ashx?id=2817332&use=l&cat=p&typeid=i","cat":284415},{"id":232778,"n":"Concentré agrumes Sodastream - 440ml","p":4.99,"pp":3.99,"u":"9,07 €/L","img":"https://fd9-photos.leclercdrive.fr/image.ashx?id=2871136&use=l&cat=p&typeid=i","cat":295020},{"id":232839,"n":"Gel déboucheur Destop  Turbo 5 min - 4 doses - 1L","p":7.03,"u":"7,03 €/L","img":"https://fd9-photos.leclercdrive.fr/image.ashx?id=2976032&use=l&cat=p&typeid=i","cat":284908},{"id":232879,"n":"Brossettes interdentaires Gum Bi-direction - 0.7mmx6","p":3.5,"img":"https://fd9-photos.leclercdrive.fr/image.ashx?id=2750081&use=l&cat=p&typeid=i","cat":301595},{"id":232889,"n":"Gel lavant Baby Green Doux Bio - 1L","p":9.07,"u":"9,07 €/L","img":"https://fd9-photos.leclercdrive.fr/image.ashx?id=2795393&use=l&cat=p&typeid=i","cat":290425},{"id":232890,"n":"Eau nettoyante Baby Green Bébé Bio - 1L","p":7.31,"u":"7,31 €/L","img":"https://fd9-photos.leclercdrive.fr/image.ashx?id=2795390&use=l&cat=p&typeid=i","cat":290425},{"id":232895,"n":"Liniment bébé Baby Green Oléo-calcaire Bio - 900ml","p":9.62,"u":"10,69 €/L","img":"https://fd9-photos.leclercdrive.fr/image.ashx?id=2795387&use=l&cat=p&typeid=i","cat":290387},{"id":232896,"n":"Mon 1er coffret Baby Green Dès la naissance - x5 produits","p":14.89,"u":"27,07 €/KG","img":"https://fd9-photos.leclercdrive.fr/image.ashx?id=2795384&use=l&cat=p&typeid=i","cat":290425},{"id":232899,"n":"Gel douche Baby Mkl Green Nature - Karité Bio - 1L","p":6.5,"u":"6,50 €/L","img":"https://fd9-photos.leclercdrive.fr/image.ashx?id=2795381&use=l&cat=p&typeid=i","cat":301591},{"id":232901,"n":"Gel douche Mkl Green nature Fleur de coton - Bio - 1L","p":6.61,"u":"6,61 €/L","img":"https://fd9-photos.leclercdrive.fr/image.ashx?id=2795378&use=l&cat=p&typeid=i","cat":301591},{"id":232911,"n":"Gel douche Mkl Green nature Aloe vera - Bio - 1L","p":6.5,"u":"6,50 €/L","img":"https://fd9-photos.leclercdrive.fr/image.ashx?id=2795375&use=l&cat=p&typeid=i","cat":301591},{"id":232912,"n":"Gel douche Mkl Green nature Lait d'ânesse - Bio - 1L","p":6.5,"u":"6,50 €/L","img":"https://fd9-photos.leclercdrive.fr/image.ashx?id=2795372&use=l&cat=p&typeid=i","cat":301591},{"id":232918,"n":"Gel douche Osmae Figuier sauvage - 1L","p":7.91,"u":"7,91 €/L","img":"https://fd9-photos.leclercdrive.fr/image.ashx?id=2751234&use=l&cat=p&typeid=i","cat":301591},{"id":232919,"n":"Gel douche Osmaé Rose impériale - 1L","p":7.5,"u":"7,50 €/L","img":"https://fd9-photos.leclercdrive.fr/image.ashx?id=2751231&use=l&cat=p&typeid=i","cat":301591},{"id":232961,"n":"Gel douche Sanex Zéro% Sensitive Pompe - 700ml","p":5.67,"u":"8,10 €/L","img":"https://fd9-photos.leclercdrive.fr/image.ashx?id=2751384&use=l&cat=p&typeid=i","cat":284594},{"id":232966,"n":"Yaourt à boire Hipro+ Café caramel 345g","p":2.88,"u":"8,35 €/KG","img":"https://fd9-photos.leclercdrive.fr/image.ashx?id=2807447&use=l&cat=p&typeid=i","cat":284415},{"id":232972,"n":"Gel Douche Homme Nivea Men 3 en 1 Réveil Express - 250ml","p":1.75,"u":"7,00 €/L","img":"https://fd9-photos.leclercdrive.fr/image.ashx?id=2985459&use=l&cat=p&typeid=i","cat":284619},{"id":232982,"n":"Bougie Glade Vanille - 112g","p":3.59,"img":"https://fd9-photos.leclercdrive.fr/image.ashx?id=2751285&use=l&cat=p&typeid=i","cat":284666},{"id":232986,"n":"Bougie Glade Anti-tabac - 112g","p":3.59,"img":"https://fd9-photos.leclercdrive.fr/image.ashx?id=2751276&use=l&cat=p&typeid=i","cat":284666},{"id":232989,"n":"Spray nettoyant Cillit Bang  Expert Dégraissant - 750ml","p":3.01,"img":"https://fd9-photos.leclercdrive.fr/image.ashx?id=2751222&use=l&cat=p&typeid=i","cat":325357},{"id":233137,"n":"Masque cheveux Fructis Réparateur - Papaye - 320ml","p":5.91,"u":"18,47 €/L","img":"https://fd9-photos.leclercdrive.fr/image.ashx?id=2754036&use=l&cat=p&typeid=i","cat":284608},{"id":233151,"n":"Masque cheveux fructis Nourrissant - Banana - 320ml","p":5.59,"u":"17,47 €/L","img":"https://fd9-photos.leclercdrive.fr/image.ashx?id=2754042&use=l&cat=p&typeid=i","cat":284608},{"id":233153,"n":"Masque cheveux Fructis Nutrition Beurre de cacao 320ml","p":5.8,"u":"18,13 €/L","img":"https://fd9-photos.leclercdrive.fr/image.ashx?id=2788763&use=l&cat=p&typeid=i","cat":284608},{"id":233154,"n":"Masque cheveux Fructis Hydratant - Aloe Vera - 320ml","p":5.59,"u":"17,47 €/L","img":"https://fd9-photos.leclercdrive.fr/image.ashx?id=2754048&use=l&cat=p&typeid=i","cat":284608},{"id":233280,"n":"Nouilles Tables du Monde Boeuf - 3x65g","p":1.25,"u":"6,41 €/KG","img":"https://fd9-photos.leclercdrive.fr/image.ashx?id=2752545&use=l&cat=p&typeid=i","cat":288992},{"id":233638,"n":"Concentré Sodastream Orange - 440ml","p":4.99,"pp":3.99,"u":"9,07 €/L","img":"https://fd9-photos.leclercdrive.fr/image.ashx?id=2765522&use=l&cat=p&typeid=i","cat":295020},{"id":233639,"n":"Concentré Sodastream Limonade - 440ml","p":4.99,"pp":3.99,"u":"90,68 €/L","img":"https://fd9-photos.leclercdrive.fr/image.ashx?id=2758758&use=l&cat=p&typeid=i","cat":295020},{"id":233640,"n":"Concentré Sodastream Tonic - 440ml","p":4.99,"pp":3.99,"u":"9,07 €/L","img":"https://fd9-photos.leclercdrive.fr/image.ashx?id=2765525&use=l&cat=p&typeid=i","cat":295020},{"id":233649,"n":"Bouchées vapeur aux crevettes Tables du Monde x8 - 164g","p":3.17,"u":"19,33 €/KG","img":"https://fd9-photos.leclercdrive.fr/image.ashx?id=2757949&use=l&cat=p&typeid=i","cat":319774},{"id":233656,"n":"Boisson Gazeuse Maison Perrier Forever Citron Vert 50 cl","p":0.7,"u":"1,40 €/L","img":"https://fd9-photos.leclercdrive.fr/image.ashx?id=2758472&use=l&cat=p&typeid=i","cat":284536},{"id":233718,"n":"Spray solaire La Roche-Posay Enfant SPF50+ 200ml","p":17.0,"u":"85,00 €/L","img":"https://fd9-photos.leclercdrive.fr/image.ashx?id=2837415&use=l&cat=p&typeid=i","cat":290397},{"id":233719,"n":"Baume cicaplast La Roche-Posay B5 SPF50+ - 40ml","p":10.98,"u":"274,50 €/L","img":"https://fd9-photos.leclercdrive.fr/image.ashx?id=2795111&use=l&cat=p&typeid=i","cat":290397},{"id":233720,"n":"Lait solaire La Roche Posay  SPF50+ Enfant - 250ml","p":17.5,"u":"70,00 €/L","img":"https://fd9-photos.leclercdrive.fr/image.ashx?id=2795117&use=l&cat=p&typeid=i","cat":290397},{"id":233721,"n":"Soin global visage Uriage Anti imperfections - 40ml","p":13.0,"u":"325,00 €/L","img":"https://fd9-photos.leclercdrive.fr/image.ashx?id=2814587&use=l&cat=p&typeid=i","cat":291166},{"id":233744,"n":"Bâtonnets glace Magnum  Remix Amandes x3 - 198g","p":2.99,"u":"15,10 €/KG","img":"https://fd9-photos.leclercdrive.fr/image.ashx?id=2891758&use=l&cat=p&typeid=i","cat":284265},{"id":233886,"n":"Dosettes café Senseo Cappuccino x8","p":3.03,"u":"32,93 €/KG","img":"https://fd9-photos.leclercdrive.fr/image.ashx?id=2760187&use=l&cat=p&typeid=i","cat":293238},{"id":233947,"n":"Lessive capsules 3en1 Omo Rose & Lilas Blanc - 502g x29","p":9.1,"u":"18,13 €/KG","img":"https://fd9-photos.leclercdrive.fr/image.ashx?id=2841610&use=l&cat=p&typeid=i","cat":284641},{"id":233950,"n":"Lessive capsules 3en1 Omo Jasmin fleur de coton 502g x29","p":9.13,"u":"18,19 €/KG","img":"https://fd9-photos.leclercdrive.fr/image.ashx?id=2841613&use=l&cat=p&typeid=i","cat":284641},{"id":233953,"n":"Lessive liquide Skip Cycle  Court Efficacité Express x37","p":10.13,"u":"6,84 €/L","img":"https://fd9-photos.leclercdrive.fr/image.ashx?id=2910240&use=l&cat=p&typeid=i","cat":284640},{"id":233955,"n":"Lessive liquide Skip Cycle Court Odeur Control x37","p":10.29,"u":"6,95 €/L","img":"https://fd9-photos.leclercdrive.fr/image.ashx?id=2927735&use=l&cat=p&typeid=i","cat":284640},{"id":233956,"n":"Lessive liquide Omo Rose & Lilas Blanc - 1.76L","p":9.92,"u":"5,62 €/L","img":"https://fd9-photos.leclercdrive.fr/image.ashx?id=2818208&use=l&cat=p&typeid=i","cat":284640},{"id":233963,"n":"Lessive liquide Skip Cycle Court Couleur Protect x37","p":10.22,"u":"6,91 €/L","img":"https://fd9-photos.leclercdrive.fr/image.ashx?id=2910246&use=l&cat=p&typeid=i","cat":284640},{"id":234157,"n":"Déodorant spray Ushuaïa Grenade - 200ml","p":2.74,"u":"13,70 €/L","img":"https://fd9-photos.leclercdrive.fr/image.ashx?id=2769026&use=l&cat=p&typeid=i","cat":284595},{"id":234158,"n":"Déodorant spray Ushuaïa Orchidée - 200ml","p":2.74,"u":"13,70 €/L","img":"https://fd9-photos.leclercdrive.fr/image.ashx?id=2769029&use=l&cat=p&typeid=i","cat":284595},{"id":234159,"n":"Déodorant spray Ushuaïa Vanille - 200ml","p":2.74,"u":"13,70 €/L","img":"https://fd9-photos.leclercdrive.fr/image.ashx?id=2769032&use=l&cat=p&typeid=i","cat":284595},{"id":234333,"n":"Gourdes Pom'Potes Pomme poire banane x96 - 8.64kg","p":30.99,"u":"3,59 €/KG","img":"https://fd9-photos.leclercdrive.fr/image.ashx?id=2918553&use=l&cat=p&typeid=i","cat":284508},{"id":234341,"n":"Café moulu L'Or Doux 100% Arabica - 250g","p":4.48,"u":"17,92 €/KG","img":"https://fd9-photos.leclercdrive.fr/image.ashx?id=2763015&use=l&cat=p&typeid=i","cat":284750},{"id":234370,"n":"Cornichons Croq'Vert  Amora Extra-fins aux épices 210g","p":1.91,"u":"9,10 €/KG","img":"https://fd9-photos.leclercdrive.fr/image.ashx?id=2770671&use=l&cat=p&typeid=i","cat":284458},{"id":234375,"n":"Nouilles Tables du Monde Poulet - 3x65g","p":1.39,"u":"7,13 €/KG","img":"https://fd9-photos.leclercdrive.fr/image.ashx?id=2763045&use=l&cat=p&typeid=i","cat":288992},{"id":234376,"n":"Chips Lay's Poulet - 370g","p":2.99,"u":"8,08 €/KG","img":"https://fd9-photos.leclercdrive.fr/image.ashx?id=2995085&use=l&cat=p&typeid=i","cat":284447},{"id":234648,"n":"Protèges-slip Nana Dailies Voile si discret - x56","p":2.21,"u":"0,04 €/P","img":"https://fd9-photos.leclercdrive.fr/image.ashx?id=2929188&use=l&cat=p&typeid=i","cat":284625},{"id":234687,"n":"Lessive liquide Super Croix  Xtra Bora Bora 3x1,89L","p":22.23,"u":"3,92 €/L","img":"https://fd9-photos.leclercdrive.fr/image.ashx?id=2767180&use=l&cat=p&typeid=i","cat":284640},{"id":234774,"n":"Petits pois français extra fins 600g","p":2.64,"u":"4,40 €/KG","img":"https://fd9-photos.leclercdrive.fr/image.ashx?id=2767968&use=l&cat=p&typeid=i","cat":319805},{"id":234839,"n":"Purée Mousline L'Originale - 650g","p":2.72,"u":"4,18 €/KG","img":"https://fd9-photos.leclercdrive.fr/image.ashx?id=2768622&use=l&cat=p&typeid=i","cat":284431},{"id":234860,"n":"Fromage Mini Caprice Des Dieux Filet de 4 Portions - 200g","p":3.22,"u":"16,10 €/KG","img":"https://fd9-photos.leclercdrive.fr/image.ashx?id=2768933&use=l&cat=p&typeid=i","cat":314033},{"id":234865,"n":"Curry de poulet  Tables du Monde - 900g","p":5.33,"u":"5,92 €/KG","img":"https://fd9-photos.leclercdrive.fr/image.ashx?id=2768481&use=l&cat=p&typeid=i","cat":284254},{"id":234869,"n":"Gâteau moelleux Chocalin Harrys Cacao et Chocolat X10 - 350G","p":3.4,"u":"9,71 €/KG","img":"https://fd9-photos.leclercdrive.fr/image.ashx?id=2962464&use=l&cat=p&typeid=i","cat":284495},{"id":234870,"n":"Gâteaux Choco Mousse Harrys Fourrés au chocolat  X8 - 280G","p":2.81,"u":"10,04 €/KG","img":"https://fd9-photos.leclercdrive.fr/image.ashx?id=2985069&use=l&cat=p&typeid=i","cat":284495},{"id":234960,"n":"Pains au chocolat Eco+ x20 - 1.2kg","p":5.99,"u":"4,99 €/KG","img":"https://fd9-photos.leclercdrive.fr/image.ashx?id=2770289&use=l&cat=p&typeid=i","cat":284267},{"id":235080,"n":"Plat cuisiné William Saurin  Blanquette volaille - 320g","p":3.71,"u":"11,59 €/KG","img":"https://fd9-photos.leclercdrive.fr/image.ashx?id=2966017&use=l&cat=p&typeid=i","cat":284953},{"id":235082,"n":"Plat cuisiné William Saurin Trio gourmand merlu - 320g","p":3.79,"u":"11,84 €/KG","img":"https://fd9-photos.leclercdrive.fr/image.ashx?id=2986389&use=l&cat=p&typeid=i","cat":284953},{"id":235083,"n":"Plat cuisiné William Saurin Trio gourmand poulet pesto 320g","p":3.72,"u":"11,63 €/KG","img":"https://fd9-photos.leclercdrive.fr/image.ashx?id=2986383&use=l&cat=p&typeid=i","cat":284953},{"id":235084,"n":"Plat cuisiné William Saurin Trio gourmand 320g","p":3.82,"u":"11,94 €/KG","img":"https://fd9-photos.leclercdrive.fr/image.ashx?id=2986380&use=l&cat=p&typeid=i","cat":284953},{"id":235121,"n":"Morceaux de thon Petit Navire Au naturel - 3x112g","p":5.39,"u":"16,04 €/KG","img":"https://fd9-photos.leclercdrive.fr/image.ashx?id=2887488&use=l&cat=p&typeid=i","cat":303867},{"id":235247,"n":"M&M's Peanut x5 180g","p":1.97,"u":"10,94 €/KG","img":"https://fd9-photos.leclercdrive.fr/image.ashx?id=3009011&use=l&cat=p&typeid=i","cat":304238},{"id":235260,"n":"Pâte Lotus Biscoff Speculoos Creamy - 410g","p":3.74,"u":"9,12 €/KG","img":"https://fd9-photos.leclercdrive.fr/image.ashx?id=2776208&use=l&cat=p&typeid=i","cat":284481},{"id":235281,"n":"Capsules Dolce Gusto Nescafé Lungo - x30 - 210g","p":7.96,"u":"37,90 €/KG","img":"https://fd9-photos.leclercdrive.fr/image.ashx?id=2775679&use=l&cat=p&typeid=i","cat":293239},{"id":235349,"n":"Sucre glace Daddy 500g","p":1.72,"u":"3,44 €/KG","img":"https://fd9-photos.leclercdrive.fr/image.ashx?id=2975864&use=l&cat=p&typeid=i","cat":284502},{"id":235364,"n":"Friandises chat Whiskas  Poulet et fromage - 60g","p":1.12,"u":"18,67 €/KG","img":"https://fd9-photos.leclercdrive.fr/image.ashx?id=2976851&use=l&cat=p&typeid=i","cat":285285},{"id":235365,"n":"Friandises chat Whiskas saveur Saumon maxi pack -180g","p":3.0,"u":"16,67 €/KG","img":"https://fd9-photos.leclercdrive.fr/image.ashx?id=2944963&use=l&cat=p&typeid=i","cat":285285},{"id":235369,"n":"Friandises chat Whiskas saveur  Poulet et fromage -180g","p":2.93,"u":"16,28 €/KG","img":"https://fd9-photos.leclercdrive.fr/image.ashx?id=2944966&use=l&cat=p&typeid=i","cat":285285},{"id":235405,"n":"Friandises chat temptations Whiskas saveur saumon - 60g","p":1.07,"u":"17,83 €/KG","img":"https://fd9-photos.leclercdrive.fr/image.ashx?id=2976854&use=l&cat=p&typeid=i","cat":285285},{"id":235636,"n":"Capsules lave-vaisselle Finish Quantum Citron - x46 - 478g","p":8.77,"u":"18,35 €/KG","img":"https://fd9-photos.leclercdrive.fr/image.ashx?id=2780493&use=l&cat=p&typeid=i","cat":284656},{"id":235638,"n":"Nettoyant lave-vaisselle Finish Intégral - Citron - 250ml","p":3.29,"u":"13,16 €/L","img":"https://fd9-photos.leclercdrive.fr/image.ashx?id=2780586&use=l&cat=p&typeid=i","cat":284657},{"id":235685,"n":"Lait bébé en poudre Calisma Gallia Croissance 12 mois 830g","p":10.44,"u":"12,58 €/KG","img":"https://fd9-photos.leclercdrive.fr/image.ashx?id=2794274&use=l&cat=p&typeid=i","cat":290219},{"id":235710,"n":"Chapelure Tablier Blanc 400g","p":0.88,"u":"2,20 €/KG","img":"https://fd9-photos.leclercdrive.fr/image.ashx?id=2793335&use=l&cat=p&typeid=i","cat":288382},{"id":235786,"n":"Tablette lave-vaisselle Visior Tout-en-un - x45 - 765g","p":5.27,"u":"6,89 €/KG","img":"https://fd9-photos.leclercdrive.fr/image.ashx?id=2954902&use=l&cat=p&typeid=i","cat":284656},{"id":235793,"n":"Dentifrice Junior Signal Menthe douce - 6-13 ans 75ml","p":3.01,"u":"40,13 €/L","img":"https://fd9-photos.leclercdrive.fr/image.ashx?id=2993502&use=l&cat=p&typeid=i","cat":288898},{"id":235808,"n":"Déodorant spray Sanex Zéro 0% Sensitive - 2x100ml","p":7.28,"u":"36,40 €/L","img":"https://fd9-photos.leclercdrive.fr/image.ashx?id=2781738&use=l&cat=p&typeid=i","cat":284595},{"id":235831,"n":"Brosse à dent électrique +1 Recharge Active Power","p":14.99,"img":"https://fd9-photos.leclercdrive.fr/image.ashx?id=2781049&use=l&cat=p&typeid=i","cat":297133},{"id":235835,"n":"Lessive capsules Skip Extra détachant - 759.6g x36","p":13.23,"u":"17,41 €/KG","img":"https://fd9-photos.leclercdrive.fr/image.ashx?id=2929242&use=l&cat=p&typeid=i","cat":284641},{"id":235838,"n":"Lessive capsules Skip Tout en 1 Odeur Control+ - 759.6g x36","p":14.02,"u":"18,45 €/KG","img":"https://fd9-photos.leclercdrive.fr/image.ashx?id=3000893&use=l&cat=p&typeid=i","cat":284641},{"id":235870,"n":"Chocolat Côte d'Or selection 187g","p":9.95,"pp":6.96,"u":"37,22 €/KG","img":"https://fd9-photos.leclercdrive.fr/image.ashx?id=2916453&use=l&cat=p&typeid=i","cat":327595},{"id":235914,"n":"Aubergines Cuisinées Cassegrain A la Provençale 3x375g","p":8.58,"u":"7,63 €/KG","img":"https://fd9-photos.leclercdrive.fr/image.ashx?id=2926305&use=l&cat=p&typeid=i","cat":312612},{"id":235920,"n":"Protège-slips Nana Extra long - 3x24","p":2.62,"u":"0,04 €/P","img":"https://fd9-photos.leclercdrive.fr/image.ashx?id=3009098&use=l&cat=p&typeid=i","cat":284625},{"id":235951,"n":"Frite classique Mc Cain Air Fryer - 600g","p":2.7,"u":"4,50 €/KG","img":"https://fd9-photos.leclercdrive.fr/image.ashx?id=2973345&use=l&cat=p&typeid=i","cat":319791},{"id":236433,"n":"Haché moelleux Férial 600g","p":6.68,"u":"11,13 €/KG","img":"https://fd9-photos.leclercdrive.fr/image.ashx?id=2789700&use=l&cat=p&typeid=i","cat":319779},{"id":236465,"n":"Chocolat L'escargot Lanvin Noir - 362g","p":14.5,"u":"40,06 €/KG","img":"https://fd9-photos.leclercdrive.fr/image.ashx?id=2903836&use=l&cat=p&typeid=i","cat":327595},{"id":236676,"n":"Bâtonnets Mikado Chocolat au lait - 6x100g","p":9.78,"u":"16,30 €/KG","img":"https://fd9-photos.leclercdrive.fr/image.ashx?id=2805885&use=l&cat=p&typeid=i","cat":284488},{"id":236718,"n":"Chocolat Peluche mix Kinder Cerf - 133g","p":13.94,"u":"104,81 €/KG","img":"https://fd9-photos.leclercdrive.fr/image.ashx?id=2798807&use=l&cat=p&typeid=i","cat":327789},{"id":236719,"n":"Chocolat Peluche mix Kinder Loutre - 133g","p":13.94,"u":"104,81 €/KG","img":"https://fd9-photos.leclercdrive.fr/image.ashx?id=2798810&use=l&cat=p&typeid=i","cat":327789},{"id":236720,"n":"Chocolat Peluche mix Kinder Ours - 133g","p":13.94,"u":"104,81 €/KG","img":"https://fd9-photos.leclercdrive.fr/image.ashx?id=2798813&use=l&cat=p&typeid=i","cat":327789},{"id":236721,"n":"Chocolat Peluche mix Kinder Phoque - 133g","p":13.94,"u":"104,81 €/KG","img":"https://fd9-photos.leclercdrive.fr/image.ashx?id=2798816&use=l&cat=p&typeid=i","cat":327789},{"id":236726,"n":"Moulage chocolat Kinder Fille - 35g","p":1.75,"u":"50,00 €/KG","img":"https://fd9-photos.leclercdrive.fr/image.ashx?id=2798822&use=l&cat=p&typeid=i","cat":327592},{"id":236727,"n":"Moulage chocolat Kinder Garçon - 35g","p":1.75,"u":"50,00 €/KG","img":"https://fd9-photos.leclercdrive.fr/image.ashx?id=2798825&use=l&cat=p&typeid=i","cat":327592},{"id":236729,"n":"Moulage chocolat Kinder Pinguoin - 35g","p":1.75,"u":"50,00 €/KG","img":"https://fd9-photos.leclercdrive.fr/image.ashx?id=2798831&use=l&cat=p&typeid=i","cat":327592},{"id":236734,"n":"Moulage avec surprise Kinder Bonhomme de Neige- 36g","p":2.17,"u":"60,28 €/KG","img":"https://fd9-photos.leclercdrive.fr/image.ashx?id=2798846&use=l&cat=p&typeid=i","cat":327592},{"id":236735,"n":"Moulage avec surprise Kinder Ecureuil- 36g","p":2.17,"u":"60,28 €/KG","img":"https://fd9-photos.leclercdrive.fr/image.ashx?id=2798849&use=l&cat=p&typeid=i","cat":327592},{"id":236736,"n":"Moulage avec surprise Kinder Garçon - 36g","p":2.17,"u":"60,28 €/KG","img":"https://fd9-photos.leclercdrive.fr/image.ashx?id=2798852&use=l&cat=p&typeid=i","cat":327592},{"id":236737,"n":"Moulage avec surprise Kinder Père Noël - 36g","p":2.17,"u":"60,28 €/KG","img":"https://fd9-photos.leclercdrive.fr/image.ashx?id=2798855&use=l&cat=p&typeid=i","cat":327592},{"id":236738,"n":"Moulage avec surprise Kinder Pingouin - 36g","p":2.17,"u":"60,28 €/KG","img":"https://fd9-photos.leclercdrive.fr/image.ashx?id=2798858&use=l&cat=p&typeid=i","cat":327592},{"id":236773,"n":"Lisa la licorne blanche Fizzy Chocolat - 100g","p":11.95,"u":"119,50 €/KG","img":"https://fd9-photos.leclercdrive.fr/image.ashx?id=2798903&use=l&cat=p&typeid=i","cat":327789},{"id":236792,"n":"Sucette Fizzy Spirale parfum cerise 40g","p":1.65,"u":"41,25 €/KG","img":"https://fd9-photos.leclercdrive.fr/image.ashx?id=2798945&use=l&cat=p&typeid=i","cat":327592},{"id":236793,"n":"Sucette Fizzy Twist parfum cerise  40g","p":1.65,"u":"41,25 €/KG","img":"https://fd9-photos.leclercdrive.fr/image.ashx?id=2798948&use=l&cat=p&typeid=i","cat":327592},{"id":236794,"n":"Sucette Fizzy  Sapin - parfum cerise  40g","p":1.65,"u":"41,25 €/KG","img":"https://fd9-photos.leclercdrive.fr/image.ashx?id=2798951&use=l&cat=p&typeid=i","cat":327592},{"id":236809,"n":"Pavé de saumon Eco+ 2x110g","p":4.99,"u":"22,68 €/KG","img":"https://fd9-photos.leclercdrive.fr/image.ashx?id=2796330&use=l&cat=p&typeid=i","cat":284342},{"id":236996,"n":"Panettone Bauli 700g","p":7.29,"u":"10,41 €/KG","img":"https://fd9-photos.leclercdrive.fr/image.ashx?id=2938166&use=l&cat=p&typeid=i","cat":327607},{"id":237010,"n":"Candy canes Licence mixte Etoile de noël - 30g","p":1.5,"u":"50,00 €/KG","img":"https://fd9-photos.leclercdrive.fr/image.ashx?id=2797166&use=l&cat=p&typeid=i","cat":327789},{"id":237016,"n":"Boïte Chocolat Jacquot Lait Noir & Blanc - 222g","p":6.36,"u":"28,65 €/KG","img":"https://fd9-photos.leclercdrive.fr/image.ashx?id=2796734&use=l&cat=p&typeid=i","cat":327595},{"id":237017,"n":"Boïte Chocolat Jacquot Lait Noir & Blanc - 433g","p":10.77,"u":"24,87 €/KG","img":"https://fd9-photos.leclercdrive.fr/image.ashx?id=2796731&use=l&cat=p&typeid=i","cat":327595},{"id":237018,"n":"Boïte Chocolat Jacquot Chocolat au lait - 214g","p":6.36,"u":"29,72 €/KG","img":"https://fd9-photos.leclercdrive.fr/image.ashx?id=2796740&use=l&cat=p&typeid=i","cat":327595},{"id":237019,"n":"Boïte Chocolat Jacquot Chocolat au lait - 424g","p":10.77,"u":"25,40 €/KG","img":"https://fd9-photos.leclercdrive.fr/image.ashx?id=2796737&use=l&cat=p&typeid=i","cat":327595},{"id":237028,"n":"Figurines de noël Jacquot Chocolat praliné - 250g","p":3.52,"u":"14,08 €/KG","img":"https://fd9-photos.leclercdrive.fr/image.ashx?id=2796719&use=l&cat=p&typeid=i","cat":327592},{"id":237029,"n":"Figurines Kid Noël Jacquot Chocolat lait - 250g","p":3.52,"u":"14,08 €/KG","img":"https://fd9-photos.leclercdrive.fr/image.ashx?id=2796716&use=l&cat=p&typeid=i","cat":327592},{"id":237030,"n":"Primizie Dufour Gels de fruits - 500g","p":8.95,"pp":5.91,"u":"11,82 €/KG","img":"https://fd9-photos.leclercdrive.fr/image.ashx?id=2797094&use=l&cat=p&typeid=i","cat":327606},{"id":237031,"n":"Peluche Kinder Mix - 133g","p":13.94,"u":"104,81 €/KG","img":"https://fd9-photos.leclercdrive.fr/image.ashx?id=2940285&use=l&cat=p&typeid=i","cat":327789},{"id":237040,"n":"Boîte Grand assortiment Ferrero Chocolat - x20 - 197g","p":9.79,"u":"49,70 €/KG","img":"https://fd9-photos.leclercdrive.fr/image.ashx?id=2909251&use=l&cat=p&typeid=i","cat":327595},{"id":237043,"n":"Calendrier de l'Avent Kinder & Friends - 370g","p":22.67,"u":"61,27 €/KG","img":"https://fd9-photos.leclercdrive.fr/image.ashx?id=2938100&use=l&cat=p&typeid=i","cat":336112},{"id":237047,"n":"Moulage Kinder Caramel - 110g","p":3.69,"u":"33,55 €/KG","img":"https://fd9-photos.leclercdrive.fr/image.ashx?id=2797013&use=l&cat=p&typeid=i","cat":327592},{"id":237054,"n":"Chaussette Kinder&Co Assortiment chocolat - 212g","p":10.8,"u":"50,94 €/KG","img":"https://fd9-photos.leclercdrive.fr/image.ashx?id=2899755&use=l&cat=p&typeid=i","cat":327592},{"id":237055,"n":"Sac mix Kinder Assortiment chocolat - 223g","p":10.28,"u":"46,10 €/KG","img":"https://fd9-photos.leclercdrive.fr/image.ashx?id=2940534&use=l&cat=p&typeid=i","cat":327592},{"id":237074,"n":"Tablette noël Libeert Chocolat au lait - 100g","p":2.94,"u":"29,40 €/KG","img":"https://fd9-photos.leclercdrive.fr/image.ashx?id=2796977&use=l&cat=p&typeid=i","cat":327592},{"id":237127,"n":"Boîte chocolat Lanvin Mixte chocolats - 285g","p":14.97,"u":"52,53 €/KG","img":"https://fd9-photos.leclercdrive.fr/image.ashx?id=2797145&use=l&cat=p&typeid=i","cat":327595},{"id":237128,"n":"Assortiment chocolat Lanvin Chocolat noir - 294g","p":11.87,"u":"40,37 €/KG","img":"https://fd9-photos.leclercdrive.fr/image.ashx?id=2966149&use=l&cat=p&typeid=i","cat":327595},{"id":237129,"n":"Les Bouchées Les Recettes de L'Atelier - Lait et noir - 398G","p":14.75,"pp":11.06,"u":"27,79 €/KG","img":"https://fd9-photos.leclercdrive.fr/image.ashx?id=2797106&use=l&cat=p&typeid=i","cat":327595},{"id":237131,"n":"Boîte chocolat Lanvin Assortiment chocolat Lait 274g","p":14.69,"u":"53,61 €/KG","img":"https://fd9-photos.leclercdrive.fr/image.ashx?id=2797139&use=l&cat=p&typeid=i","cat":327595},{"id":237132,"n":"L'escargot chocolat Lanvin Trio Lait Blanc Noir - 362g","p":14.49,"u":"40,03 €/KG","img":"https://fd9-photos.leclercdrive.fr/image.ashx?id=2966146&use=l&cat=p&typeid=i","cat":327595},{"id":237133,"n":"L'escargot Lanvin Chocolat Blanc - 362g","p":14.49,"u":"40,03 €/KG","img":"https://fd9-photos.leclercdrive.fr/image.ashx?id=2897402&use=l&cat=p&typeid=i","cat":327595},{"id":237134,"n":"L'escargot chocolat Lanvin Duo Lait noir - 362G","p":14.49,"u":"40,03 €/KG","img":"https://fd9-photos.leclercdrive.fr/image.ashx?id=2902843&use=l&cat=p&typeid=i","cat":327595},{"id":237140,"n":"L'escargot trio Lanvin Lait Amande Caramel - 362g","p":14.49,"u":"40,03 €/KG","img":"https://fd9-photos.leclercdrive.fr/image.ashx?id=2897405&use=l&cat=p&typeid=i","cat":327595},{"id":237149,"n":"Papillotte Quiz cinéma Révillon Chocolat Noir Lait Blanc - 360g","p":10.95,"u":"30,42 €/KG","img":"https://fd9-photos.leclercdrive.fr/image.ashx?id=2797834&use=l&cat=p&typeid=i","cat":327597},{"id":237150,"n":"Papillottes Révillon Quiz  culture Noir Lait Blanc - 360g","p":11.47,"u":"31,86 €/KG","img":"https://fd9-photos.leclercdrive.fr/image.ashx?id=2802365&use=l&cat=p&typeid=i","cat":327597},{"id":237157,"n":"Boîte chocolat Révillon Grand Assortiment Noir 70% Lait 404g","p":17.63,"u":"43,64 €/KG","img":"https://fd9-photos.leclercdrive.fr/image.ashx?id=2900794&use=l&cat=p&typeid=i","cat":327595},{"id":237158,"n":"Boîte chocolat Révillon Noir 70% Lait Blanc - 409g","p":17.98,"u":"43,96 €/KG","img":"https://fd9-photos.leclercdrive.fr/image.ashx?id=2900797&use=l&cat=p&typeid=i","cat":327595},{"id":237159,"n":"Boîte chocolat Révillon Grand Assortiment Noir 70% - 409g","p":17.75,"u":"43,40 €/KG","img":"https://fd9-photos.leclercdrive.fr/image.ashx?id=2900791&use=l&cat=p&typeid=i","cat":327595},{"id":237160,"n":"Boîte chocolat Révillon Alcool Noir 70% Lait Blanc - 420g","p":17.63,"u":"41,98 €/KG","img":"https://fd9-photos.leclercdrive.fr/image.ashx?id=2900800&use=l&cat=p&typeid=i","cat":327595},{"id":237163,"n":"Ballotin Révillon Chocolat Noir Lait Blanc - 215g","p":9.01,"u":"41,91 €/KG","img":"https://fd9-photos.leclercdrive.fr/image.ashx?id=2879685&use=l&cat=p&typeid=i","cat":327595},{"id":237168,"n":"Minis Bonhommes Riegelein Chocolat lait 33% Cacao - 100g","p":3.21,"u":"32,10 €/KG","img":"https://fd9-photos.leclercdrive.fr/image.ashx?id=2796938&use=l&cat=p&typeid=i","cat":327592},{"id":237169,"n":"Minis Pères Noël Riegelein Chocolat lait 33% Cacao - 100g","p":3.21,"u":"32,10 €/KG","img":"https://fd9-photos.leclercdrive.fr/image.ashx?id=2796935&use=l&cat=p&typeid=i","cat":327592},{"id":237170,"n":"Minis Oursons Riegelein Chocolat lait 33% Cacao - 100g","p":3.21,"u":"32,10 €/KG","img":"https://fd9-photos.leclercdrive.fr/image.ashx?id=2849217&use=l&cat=p&typeid=i","cat":327592},{"id":237175,"n":"Sachet cups Riegelein Confiserie de cacao - 200g","p":2.8,"u":"14,00 €/KG","img":"https://fd9-photos.leclercdrive.fr/image.ashx?id=2796956&use=l&cat=p&typeid=i","cat":327592},{"id":237856,"n":"Baume pieds Akileine Hydra défense - 125ml","p":7.99,"u":"63,92 €/L","img":"https://fd9-photos.leclercdrive.fr/image.ashx?id=2796818&use=l&cat=p&typeid=i","cat":290424},{"id":237859,"n":"Emulsion lavante intime  Saugella Dermoliquide- 750ml","p":8.88,"u":"11,84 €/L","img":"https://fd9-photos.leclercdrive.fr/image.ashx?id=2796354&use=l&cat=p&typeid=i","cat":301348},{"id":237862,"n":"Traitement cystites Femannose N 14 sachets","p":17.26,"img":"https://fd9-photos.leclercdrive.fr/image.ashx?id=2912638&use=l&cat=p&typeid=i","cat":291163},{"id":237863,"n":"Spray anti-moustiques Cinq sur Cinq zonestemperées 100ml","p":7.7,"img":"https://fd9-photos.leclercdrive.fr/image.ashx?id=2796863&use=l&cat=p&typeid=i","cat":290402},{"id":237864,"n":"Anti-moustiques Insect Ecran Famille - 100ml","p":7.29,"u":"72,90 €/L","img":"https://fd9-photos.leclercdrive.fr/image.ashx?id=2796321&use=l&cat=p&typeid=i","cat":290402},{"id":237884,"n":"Candy canes Batman Etoile de noël - 30g","p":1.5,"u":"50,00 €/KG","img":"https://fd9-photos.leclercdrive.fr/image.ashx?id=2803020&use=l&cat=p&typeid=i","cat":327789},{"id":237885,"n":"Candy canes Bob l'éponge Etoile de noël - 30g","p":1.5,"u":"50,00 €/KG","img":"https://fd9-photos.leclercdrive.fr/image.ashx?id=2803023&use=l&cat=p&typeid=i","cat":327789},{"id":237886,"n":"Candy canes Bored Ape Etoile de noël - 30g","p":1.5,"u":"50,00 €/KG","img":"https://fd9-photos.leclercdrive.fr/image.ashx?id=2803026&use=l&cat=p&typeid=i","cat":327789},{"id":237887,"n":"Candy canes Minions Etoile de noël - 30g","p":1.5,"u":"50,00 €/KG","img":"https://fd9-photos.leclercdrive.fr/image.ashx?id=2803029&use=l&cat=p&typeid=i","cat":327789},{"id":237888,"n":"Candy canes Peppa Pig Etoile de noël - 30g","p":1.5,"u":"50,00 €/KG","img":"https://fd9-photos.leclercdrive.fr/image.ashx?id=2803032&use=l&cat=p&typeid=i","cat":327789},{"id":237889,"n":"Candy canes Tortue Ninja Etoile de noël - 30g","p":1.5,"u":"50,00 €/KG","img":"https://fd9-photos.leclercdrive.fr/image.ashx?id=2803035&use=l&cat=p&typeid=i","cat":327789},{"id":237894,"n":"Moulage avec surprise Kinder Pingouin - 36g","p":2.17,"u":"60,28 €/KG","img":"https://fd9-photos.leclercdrive.fr/image.ashx?id=2799032&use=l&cat=p&typeid=i","cat":327592},{"id":237899,"n":"Sac noel Kinder Assortiment chocolat - 223g","p":10.28,"u":"46,10 €/KG","img":"https://fd9-photos.leclercdrive.fr/image.ashx?id=2799047&use=l&cat=p&typeid=i","cat":284958},{"id":237900,"n":"Chaussette Kinder&Co Bleue Assortiment chocolat - 212g","p":10.8,"u":"50,94 €/KG","img":"https://fd9-photos.leclercdrive.fr/image.ashx?id=2799050&use=l&cat=p&typeid=i","cat":327592},{"id":237901,"n":"Chaussette Kinder&Co Rouge Assortiment chocolat - 212g","p":10.8,"u":"50,94 €/KG","img":"https://fd9-photos.leclercdrive.fr/image.ashx?id=2803939&use=l&cat=p&typeid=i","cat":327592},{"id":237907,"n":"Bonbon Giga Twisty Ours de noël  - 65g","p":1.89,"u":"29,08 €/KG","img":"https://fd9-photos.leclercdrive.fr/image.ashx?id=2803966&use=l&cat=p&typeid=i","cat":327592},{"id":237931,"n":"Assortiment de chocolats belges Hamlet - 200g","p":6.89,"pp":4.55,"u":"22,75 €/KG","img":"https://fd9-photos.leclercdrive.fr/image.ashx?id=2797897&use=l&cat=p&typeid=i","cat":327595},{"id":237933,"n":"Chocolat arbre de Noël Hamlet 200g","p":6.89,"pp":4.55,"u":"22,75 €/KG","img":"https://fd9-photos.leclercdrive.fr/image.ashx?id=2800983&use=l&cat=p&typeid=i","cat":327595},{"id":237948,"n":"Pâtes Barilla Fusilli  Al Bronzo - 500g","p":1.95,"u":"3,90 €/KG","img":"https://fd9-photos.leclercdrive.fr/image.ashx?id=2798689&use=l&cat=p&typeid=i","cat":284427},{"id":237949,"n":"Pâtes Barilla Penne Rigate Al Bronzo - 500g","p":1.95,"u":"3,90 €/KG","img":"https://fd9-photos.leclercdrive.fr/image.ashx?id=2798677&use=l&cat=p&typeid=i","cat":284427},{"id":238006,"n":"Saucisse fumée Les Brasérades x8 - 720g","p":9.18,"u":"12,75 €/KG","img":"https://fd9-photos.leclercdrive.fr/image.ashx?id=2830462&use=l&cat=p&typeid=i","cat":316012},{"id":238073,"n":"Soda Coca-Cola Sans Sucres Bouteille - Pack 6x50CL","p":5.64,"u":"1,88 €/L","img":"https://fd9-photos.leclercdrive.fr/image.ashx?id=2860532&use=l&cat=p&typeid=i","cat":284530},{"id":238520,"n":"Cold Cream Uriage Crème protectrice -100ml","p":10.43,"u":"104,30 €/L","img":"https://fd9-photos.leclercdrive.fr/image.ashx?id=2854630&use=l&cat=p&typeid=i","cat":291171},{"id":238567,"n":"Masque cheveux Fructis Garnier Longueur & glow Ananas - 320ml","p":6.06,"u":"18,94 €/L","img":"https://fd9-photos.leclercdrive.fr/image.ashx?id=2802129&use=l&cat=p&typeid=i","cat":284608},{"id":238689,"n":"Bonbon Giga Twisty Fizzy - 65g","p":1.89,"u":"29,08 €/KG","img":"https://fd9-photos.leclercdrive.fr/image.ashx?id=2851006&use=l&cat=p&typeid=i","cat":327592},{"id":238693,"n":"Moulage Chocolat au lait Rohan Modèle divers - 150g","p":3.91,"u":"26,07 €/KG","img":"https://fd9-photos.leclercdrive.fr/image.ashx?id=2801881&use=l&cat=p&typeid=i","cat":327592},{"id":238713,"n":"Chocolat Noel Libeert  - 90g","p":7.62,"u":"84,67 €/KG","img":"https://fd9-photos.leclercdrive.fr/image.ashx?id=2802659&use=l&cat=p&typeid=i","cat":327592},{"id":238729,"n":"Sarment chocolat noir Mademoiselle de Margaux - 150g","p":5.76,"u":"38,40 €/KG","img":"https://fd9-photos.leclercdrive.fr/image.ashx?id=2802563&use=l&cat=p&typeid=i","cat":327601},{"id":238730,"n":"Sarment chocolat noir orange Mademoiselle de Margaux 150g","p":6.95,"u":"46,33 €/KG","img":"https://fd9-photos.leclercdrive.fr/image.ashx?id=2802572&use=l&cat=p&typeid=i","cat":327601},{"id":238731,"n":"Sarment chocolat noir & menthe Mademoiselle de Margaux 150g","p":5.76,"u":"38,40 €/KG","img":"https://fd9-photos.leclercdrive.fr/image.ashx?id=2802569&use=l&cat=p&typeid=i","cat":327601},{"id":238734,"n":"Sarment chocolat  lait  caramel Mademoiselle de Margaux - 150g","p":5.76,"u":"38,40 €/KG","img":"https://fd9-photos.leclercdrive.fr/image.ashx?id=2802560&use=l&cat=p&typeid=i","cat":327601},{"id":238735,"n":"Sarment chocolat noir framboise Mademoiselle de Margaux - 150g","p":4.95,"u":"33,00 €/KG","img":"https://fd9-photos.leclercdrive.fr/image.ashx?id=2802566&use=l&cat=p&typeid=i","cat":327601},{"id":238744,"n":"Crozets nature 400g + 30%  offerts - 520g","p":2.43,"u":"4,67 €/KG","img":"https://fd9-photos.leclercdrive.fr/image.ashx?id=2802380&use=l&cat=p&typeid=i","cat":284427},{"id":238775,"n":"Tablette chocolat lait Libeert Pour papy - 100g","p":2.94,"u":"29,40 €/KG","img":"https://fd9-photos.leclercdrive.fr/image.ashx?id=2803969&use=l&cat=p&typeid=i","cat":284497},{"id":238777,"n":"Tablette chocolat lait Libeert Pour  papa - 100g","p":2.94,"u":"29,40 €/KG","img":"https://fd9-photos.leclercdrive.fr/image.ashx?id=2803972&use=l&cat=p&typeid=i","cat":284497},{"id":238778,"n":"Tablette Chocolat lait Libeert Pour frère - 100g","p":2.94,"u":"29,40 €/KG","img":"https://fd9-photos.leclercdrive.fr/image.ashx?id=2803975&use=l&cat=p&typeid=i","cat":284497},{"id":238779,"n":"Tablette chocolat lait Libeert Pour mamie  - 100g","p":2.94,"u":"29,40 €/KG","img":"https://fd9-photos.leclercdrive.fr/image.ashx?id=2803978&use=l&cat=p&typeid=i","cat":284497},{"id":238780,"n":"Tablette chocolat lait Libeert Pour maman - 100g","p":2.94,"u":"29,40 €/KG","img":"https://fd9-photos.leclercdrive.fr/image.ashx?id=2803981&use=l&cat=p&typeid=i","cat":284497},{"id":238781,"n":"Tablette chocolat lait Libeert Pour soeur - 100g","p":2.94,"u":"29,40 €/KG","img":"https://fd9-photos.leclercdrive.fr/image.ashx?id=2803984&use=l&cat=p&typeid=i","cat":284497},{"id":238796,"n":"Menus Gourmands Viande en  gelée Tous mes Amis - 48x100g","p":13.95,"u":"2,91 €/KG","img":"https://fd9-photos.leclercdrive.fr/image.ashx?id=2820007&use=l&cat=p&typeid=i","cat":285286},{"id":238825,"n":"Dragées M&M'S crispy family 374g","p":4.6,"u":"12,30 €/KG","img":"https://fd9-photos.leclercdrive.fr/image.ashx?id=3003402&use=l&cat=p&typeid=i","cat":304238},{"id":238895,"n":"Pilon de poulet jaune Eco+ 1kg","p":4.74,"u":"4,74 €/KG","img":"https://fd9-photos.leclercdrive.fr/image.ashx?id=2804169&use=l&cat=p&typeid=i","cat":284336},{"id":238899,"n":"Yaourt protéiné Skyr Yoplait Vanille 0%Mg - 450g","p":2.39,"u":"5,31 €/KG","img":"https://fd9-photos.leclercdrive.fr/image.ashx?id=2884447&use=l&cat=p&typeid=i","cat":315000},{"id":239101,"n":"Riz Thaï Taureau Ailé 1kg","p":2.98,"u":"2,98 €/KG","img":"https://fd9-photos.leclercdrive.fr/image.ashx?id=2805558&use=l&cat=p&typeid=i","cat":284428},{"id":239220,"n":"Bain de Bouche Listerine Haleine Fraiche 500ml","p":3.68,"u":"7,36 €/L","img":"https://fd9-photos.leclercdrive.fr/image.ashx?id=2806309&use=l&cat=p&typeid=i","cat":284613},{"id":239221,"n":"Bain de Bouche Listerine Total Care 10 en 1-500ml","p":4.56,"u":"9,12 €/L","img":"https://fd9-photos.leclercdrive.fr/image.ashx?id=2806312&use=l&cat=p&typeid=i","cat":284613},{"id":239224,"n":"Bain de Bouche Listerine Dents et Gencives 10 en 1 500ml","p":4.2,"u":"8,40 €/L","img":"https://fd9-photos.leclercdrive.fr/image.ashx?id=2806318&use=l&cat=p&typeid=i","cat":284613},{"id":239225,"n":"Bain de Bouche Listerine Total Care - Sans alcool 500ml","p":4.2,"u":"8,40 €/L","img":"https://fd9-photos.leclercdrive.fr/image.ashx?id=2806321&use=l&cat=p&typeid=i","cat":284613},{"id":239226,"n":"Adoucissant recharge Soupline à diluer Grand Air - 600ml","p":2.2,"u":"3,67 €/L","img":"https://fd9-photos.leclercdrive.fr/image.ashx?id=2957314&use=l&cat=p&typeid=i","cat":284650},{"id":239230,"n":"Recharge liquide vaisselle Paic Excel 2 - Dégraissant - 900ml","p":3.04,"u":"3,38 €/L","img":"https://fd9-photos.leclercdrive.fr/image.ashx?id=2835586&use=l&cat=p&typeid=i","cat":284655},{"id":239232,"n":"Dentifrice Colgate Active Blancheur - 75ml","p":3.11,"u":"41,47 €/L","img":"https://fd9-photos.leclercdrive.fr/image.ashx?id=2814623&use=l&cat=p&typeid=i","cat":284612},{"id":239233,"n":"Dentifrice Colgate Soin complet - 75ml","p":2.23,"u":"29,73 €/L","img":"https://fd9-photos.leclercdrive.fr/image.ashx?id=2836196&use=l&cat=p&typeid=i","cat":284612},{"id":239234,"n":"Dentifrice Colgate Total Résistance de l'émail 75ml","p":3.13,"u":"41,73 €/L","img":"https://fd9-photos.leclercdrive.fr/image.ashx?id=2832578&use=l&cat=p&typeid=i","cat":284612},{"id":239239,"n":"Couches bébé Mots d'enfant Taille 4 - 7-18kg - x92","p":12.67,"img":"https://fd9-photos.leclercdrive.fr/image.ashx?id=2922442&use=l&cat=p&typeid=i","cat":284737},{"id":239241,"n":"Couches bébé Mots d'enfant Taille 4+ - 9-20kg - x88","p":12.67,"img":"https://fd9-photos.leclercdrive.fr/image.ashx?id=2922445&use=l&cat=p&typeid=i","cat":284737},{"id":239244,"n":"Spray Gel vaginal Colpofix 20ml + 10 applicateurs","p":20.0,"img":"https://fd9-photos.leclercdrive.fr/image.ashx?id=2806366&use=l&cat=p&typeid=i","cat":328622},{"id":239283,"n":"Essuie-Tout Sopalin Décoré Maxi rouleau   x4= 8 rouleaux","p":5.99,"u":"1,50 €/P","img":"https://fd9-photos.leclercdrive.fr/image.ashx?id=3000453&use=l&cat=p&typeid=i","cat":284635},{"id":239371,"n":"Capsules café L'Or Espresso Supremo N°10 x50","p":14.37,"u":"55,27 €/KG","img":"https://fd9-photos.leclercdrive.fr/image.ashx?id=3000480&use=l&cat=p&typeid=i","cat":284749},{"id":239478,"n":"Burger Géant Jacquet Nature x4 - 330g","p":1.08,"u":"3,27 €/KG","img":"https://fd9-photos.leclercdrive.fr/image.ashx?id=3010981&use=l&cat=p&typeid=i","cat":325067},{"id":239504,"n":"Burger Géant Jacquet Nature x6 - 495g","p":1.44,"u":"2,91 €/KG","img":"https://fd9-photos.leclercdrive.fr/image.ashx?id=2991876&use=l&cat=p&typeid=i","cat":325067},{"id":239508,"n":"Préparation maison Vahiné Muffins chocolat noisettes 330g","p":3.5,"u":"10,61 €/KG","img":"https://fd9-photos.leclercdrive.fr/image.ashx?id=2806964&use=l&cat=p&typeid=i","cat":284505},{"id":239744,"n":"Marrons glacés Frutignac x12 - 240g","p":15.88,"u":"66,17 €/KG","img":"https://fd9-photos.leclercdrive.fr/image.ashx?id=2871970&use=l&cat=p&typeid=i","cat":327603},{"id":239864,"n":"Velouté Liebig 12 legumes - 2x30cl","p":2.19,"u":"3,65 €/L","img":"https://fd9-photos.leclercdrive.fr/image.ashx?id=2923513&use=l&cat=p&typeid=i","cat":284462},{"id":239905,"n":"Nouilles Tables du Monde Legumes - 3x65g","p":1.39,"u":"7,13 €/KG","img":"https://fd9-photos.leclercdrive.fr/image.ashx?id=2808727&use=l&cat=p&typeid=i","cat":288992},{"id":239973,"n":"Pistolet expert Cillit Bang Dégraissant - 1L","p":4.17,"u":"4,17 €/L","img":"https://fd9-photos.leclercdrive.fr/image.ashx?id=2811332&use=l&cat=p&typeid=i","cat":325357},{"id":239974,"n":"Pistolet expert Cillit Bang Javel - 1L","p":4.17,"u":"4,17 €/L","img":"https://fd9-photos.leclercdrive.fr/image.ashx?id=2811329&use=l&cat=p&typeid=i","cat":325357},{"id":239975,"n":"Pistolet expert Cillit Bang Zéro moisissure - 1L","p":4.17,"u":"4,17 €/L","img":"https://fd9-photos.leclercdrive.fr/image.ashx?id=2811326&use=l&cat=p&typeid=i","cat":325357},{"id":240103,"n":"Lessive Disc Le Chat Rosée du matin - 627g x38","p":15.09,"u":"24,07 €/KG","img":"https://fd9-photos.leclercdrive.fr/image.ashx?id=2810810&use=l&cat=p&typeid=i","cat":284641},{"id":240146,"n":"Lessive capsules Skip Tout en 1 Active clean 1.266kg","p":16.99,"u":"13,42 €/KG","img":"https://fd9-photos.leclercdrive.fr/image.ashx?id=2813098&use=l&cat=p&typeid=i","cat":284641},{"id":240253,"n":"Bûche pâtissière Café pur  beurre 6/8 parts - 350 g","p":4.35,"u":"12,43 €/KG","img":"https://fd9-photos.leclercdrive.fr/image.ashx?id=2834488&use=l&cat=p&typeid=i","cat":293600},{"id":240338,"n":"Laque Elnett Fixation normale  200ml","p":5.57,"u":"27,85 €/L","img":"https://fd9-photos.leclercdrive.fr/image.ashx?id=2814064&use=l&cat=p&typeid=i","cat":284609},{"id":240427,"n":"Soda à l'orange Orangina 12x33cl","p":7.44,"u":"1,88 €/L","img":"https://fd9-photos.leclercdrive.fr/image.ashx?id=2946505&use=l&cat=p&typeid=i","cat":284532},{"id":240428,"n":"Soda à l'orange Orangina 6x33cl","p":3.72,"u":"1,88 €/L","img":"https://fd9-photos.leclercdrive.fr/image.ashx?id=2946502&use=l&cat=p&typeid=i","cat":284532},{"id":240482,"n":"Riz basmati Lustucru 10min - 5x180g","p":3.0,"u":"3,33 €/KG","img":"https://fd9-photos.leclercdrive.fr/image.ashx?id=2814163&use=l&cat=p&typeid=i","cat":284428},{"id":240843,"n":"Skyr nature Délisse 850g","p":2.75,"u":"3,24 €/KG","img":"https://fd9-photos.leclercdrive.fr/image.ashx?id=2992600&use=l&cat=p&typeid=i","cat":315000},{"id":240848,"n":"Girolles sauvages entières L'Origine du Goût 300g","p":4.85,"u":"16,17 €/KG","img":"https://fd9-photos.leclercdrive.fr/image.ashx?id=2814713&use=l&cat=p&typeid=i","cat":319805},{"id":240852,"n":"Cèpes morceaux L'Origine du Goût 300g","p":4.05,"u":"13,50 €/KG","img":"https://fd9-photos.leclercdrive.fr/image.ashx?id=2814917&use=l&cat=p&typeid=i","cat":319805},{"id":240919,"n":"Morilles sauvages entières L'Origine du Goût 150g","p":5.99,"u":"39,93 €/KG","img":"https://fd9-photos.leclercdrive.fr/image.ashx?id=2974882&use=l&cat=p&typeid=i","cat":319805},{"id":241489,"n":"Thon au naturel Petit Navire x3 - 112g","p":6.19,"u":"55,27 €/KG","img":"https://fd9-photos.leclercdrive.fr/image.ashx?id=2887491&use=l&cat=p&typeid=i","cat":303867},{"id":241653,"n":"Riz parfumé Taureau ailé 500g","p":1.67,"u":"3,34 €/KG","img":"https://fd9-photos.leclercdrive.fr/image.ashx?id=2828343&use=l&cat=p&typeid=i","cat":284428},{"id":242214,"n":"Bloc WC Bref Deluxe  Magnolia précieux 2+1","p":2.88,"u":"0,96 €/P","img":"https://fd9-photos.leclercdrive.fr/image.ashx?id=2965022&use=l&cat=p&typeid=i","cat":284662},{"id":242218,"n":"Lingettes Mixa bébé au lait x80","p":3.2,"u":"0,04 €/P","img":"https://fd9-photos.leclercdrive.fr/image.ashx?id=2828079&use=l&cat=p&typeid=i","cat":284738},{"id":242220,"n":"Lingettes Mixa bébé  eau minérale x48","p":3.18,"u":"0,07 €/P","img":"https://fd9-photos.leclercdrive.fr/image.ashx?id=2828082&use=l&cat=p&typeid=i","cat":284738},{"id":242222,"n":"Lingettes Mixa bébé  eau nettoyante x80","p":3.23,"u":"0,04 €/P","img":"https://fd9-photos.leclercdrive.fr/image.ashx?id=2828085&use=l&cat=p&typeid=i","cat":284738},{"id":242226,"n":"Déodorant Mixa Anti-transpirant 48h","p":2.48,"u":"49,60 €/L","img":"https://fd9-photos.leclercdrive.fr/image.ashx?id=2869116&use=l&cat=p&typeid=i","cat":284595},{"id":242228,"n":"Déodorant Narta Magnésium  protect 48h -150ml","p":3.55,"u":"23,67 €/L","img":"https://fd9-photos.leclercdrive.fr/image.ashx?id=2890253&use=l&cat=p&typeid=i","cat":284595},{"id":242235,"n":"Lingettes bébé Cadum  Ultra-douces x48","p":4.51,"u":"0,05 €/P","img":"https://fd9-photos.leclercdrive.fr/image.ashx?id=2828091&use=l&cat=p&typeid=i","cat":284738},{"id":242258,"n":"Laque Elnett 300ml","p":7.52,"u":"25,07 €/L","img":"https://fd9-photos.leclercdrive.fr/image.ashx?id=2828019&use=l&cat=p&typeid=i","cat":284609},{"id":242259,"n":"Laque Elnett fixation forte 300ml","p":7.52,"u":"25,07 €/L","img":"https://fd9-photos.leclercdrive.fr/image.ashx?id=2828016&use=l&cat=p&typeid=i","cat":284609},{"id":242261,"n":"Laque Elnett Fixation normale 400ml","p":9.46,"u":"23,65 €/L","img":"https://fd9-photos.leclercdrive.fr/image.ashx?id=2828025&use=l&cat=p&typeid=i","cat":284609},{"id":242262,"n":"Laque Elnett Fixation forte 400ml","p":10.41,"u":"26,03 €/L","img":"https://fd9-photos.leclercdrive.fr/image.ashx?id=2828022&use=l&cat=p&typeid=i","cat":284609},{"id":242266,"n":"Après-shampoing Garnier Ultra  Doux Cheveux secs -250ml","p":2.71,"u":"10,84 €/L","img":"https://fd9-photos.leclercdrive.fr/image.ashx?id=2828046&use=l&cat=p&typeid=i","cat":284607},{"id":242718,"n":"Crème dessert protéinée Hipro Saveur chocolat - 180g","p":1.89,"u":"10,50 €/KG","img":"https://fd9-photos.leclercdrive.fr/image.ashx?id=2826582&use=l&cat=p&typeid=i","cat":285041},{"id":242719,"n":"Yaourt protéiné Hipro Fraise - 2x160g","p":2.31,"u":"7,22 €/KG","img":"https://fd9-photos.leclercdrive.fr/image.ashx?id=2945418&use=l&cat=p&typeid=i","cat":315000},{"id":242803,"n":"Granions décontractant Musculaire - 60 comprimés","p":9.13,"u":"130,43 €/KG","img":"https://fd9-photos.leclercdrive.fr/image.ashx?id=2824037&use=l&cat=p&typeid=i","cat":298633},{"id":242805,"n":"Granions pilulier magnésium Bisglycinate - 59g - x60","p":11.98,"u":"203,05 €/KG","img":"https://fd9-photos.leclercdrive.fr/image.ashx?id=2824040&use=l&cat=p&typeid=i","cat":301264},{"id":242899,"n":"Soda à l'orange Orangina 4x1.5L","p":7.28,"u":"1,21 €/L","img":"https://fd9-photos.leclercdrive.fr/image.ashx?id=2825598&use=l&cat=p&typeid=i","cat":284532},{"id":243076,"n":"Chocolat Merveilles du Monde Lait crêpes dentelles  - 100g","p":2.74,"u":"27,40 €/KG","img":"https://fd9-photos.leclercdrive.fr/image.ashx?id=2840289&use=l&cat=p&typeid=i","cat":284497},{"id":243160,"n":"Complément alimentaire Phyto Chute de cheveux - 64g - x84","p":34.96,"u":"546,25 €/KG","img":"https://fd9-photos.leclercdrive.fr/image.ashx?id=2833795&use=l&cat=p&typeid=i","cat":301266},{"id":243163,"n":"Complément alimentaire Azinc Junior - 12 vitamines  - x30","p":7.89,"img":"https://fd9-photos.leclercdrive.fr/image.ashx?id=2833546&use=l&cat=p&typeid=i","cat":301264},{"id":243164,"n":"Infusion EuphytoseNuit Sommeil Réparateur Fleur d'oranger 48g","p":5.99,"u":"124,79 €/KG","img":"https://fd9-photos.leclercdrive.fr/image.ashx?id=2825287&use=l&cat=p&typeid=i","cat":301265},{"id":243165,"n":"Complément alimentaire Forcapil Anti-chute Cheveux x60 Gummies","p":19.85,"u":"132,33 €/KG","img":"https://fd9-photos.leclercdrive.fr/image.ashx?id=2881945&use=l&cat=p&typeid=i","cat":301266},{"id":243385,"n":"Complément alimentaire Azinc Junior - 9 vitamines - 120g","p":10.33,"u":"86,08 €/KG","img":"https://fd9-photos.leclercdrive.fr/image.ashx?id=2833720&use=l&cat=p&typeid=i","cat":301264},{"id":243387,"n":"Complément alimentaire Forté  Nuit Mélatonine 1900 - x60","p":10.63,"img":"https://fd9-photos.leclercdrive.fr/image.ashx?id=2993442&use=l&cat=p&typeid=i","cat":301265},{"id":243389,"n":"Complément alimentaire Cystima Médical Infection urinaire x14","p":15.47,"u":"552,50 €/KG","img":"https://fd9-photos.leclercdrive.fr/image.ashx?id=2829226&use=l&cat=p&typeid=i","cat":301268},{"id":243390,"n":"Complément alimentaire Granions Biotine 10 000µg - 32g","p":16.27,"u":"50,84 €/L","img":"https://fd9-photos.leclercdrive.fr/image.ashx?id=2846460&use=l&cat=p&typeid=i","cat":301266},{"id":243394,"n":"Complément alimentaire Granions Collagène Marin Neutre - 278.6g","p":24.0,"u":"86,02 €/KG","img":"https://fd9-photos.leclercdrive.fr/image.ashx?id=2857581&use=l&cat=p&typeid=i","cat":301266},{"id":243396,"n":"Complément alimentaire Biocyte Collagène Marin - 210g","p":47.4,"pp":37.92,"u":"180,57 €/KG","img":"https://fd9-photos.leclercdrive.fr/image.ashx?id=2833891&use=l&cat=p&typeid=i","cat":301266},{"id":243397,"n":"Complément alimentaire Luxéol Chute cheveux progressive x90","p":39.63,"img":"https://fd9-photos.leclercdrive.fr/image.ashx?id=2833900&use=l&cat=p&typeid=i","cat":301266},{"id":243398,"n":"Complément alimentaire Ortis Fruits & Fibres Forte x24 250g","p":13.2,"pp":9.24,"u":"36,96 €/KG","img":"https://fd9-photos.leclercdrive.fr/image.ashx?id=2829232&use=l&cat=p&typeid=i","cat":301268},{"id":243399,"n":"Complément alimentaire Ortis Bénétransit Ecopack - x90","p":15.17,"pp":10.62,"img":"https://fd9-photos.leclercdrive.fr/image.ashx?id=2829235&use=l&cat=p&typeid=i","cat":301268},{"id":243400,"n":"Complément alimentaire Desmodium 2300mg x20","p":11.99,"pp":8.99,"u":"8,99 €/PRT","img":"https://fd9-photos.leclercdrive.fr/image.ashx?id=2829238&use=l&cat=p&typeid=i","cat":301268},{"id":243402,"n":"Complément alimentaire Magné Control - Magnésium Marin x30","p":6.54,"img":"https://fd9-photos.leclercdrive.fr/image.ashx?id=2829217&use=l&cat=p&typeid=i","cat":301264},{"id":243403,"n":"Complément alimentaire Nausélib Etats nauséeux - 20g - x36","p":6.39,"u":"319,50 €/KG","img":"https://fd9-photos.leclercdrive.fr/image.ashx?id=2833543&use=l&cat=p&typeid=i","cat":301268},{"id":243404,"n":"Complément alimentaire Bouffées de chaleur - x120","p":22.34,"img":"https://fd9-photos.leclercdrive.fr/image.ashx?id=2829220&use=l&cat=p&typeid=i","cat":301268},{"id":243537,"n":"Samossas Déli's world Poulet curry - 200g","p":4.4,"u":"22,00 €/KG","img":"https://fd9-photos.leclercdrive.fr/image.ashx?id=2855993&use=l&cat=p&typeid=i","cat":319774},{"id":243685,"n":"Complément alimentaire Herbesan Adoucid Menthe - x30 - 69g","p":7.9,"pp":5.53,"u":"80,14 €/KG","img":"https://fd9-photos.leclercdrive.fr/image.ashx?id=2832074&use=l&cat=p&typeid=i","cat":301264},{"id":243687,"n":"Complément alimentaire Somnifor Mélatonine Bio - x30 comprimés","p":13.62,"img":"https://fd9-photos.leclercdrive.fr/image.ashx?id=3008557&use=l&cat=p&typeid=i","cat":301265},{"id":243688,"n":"Concentré de citron Frucci 75cl","p":1.54,"u":"2,05 €/L","img":"https://fd9-photos.leclercdrive.fr/image.ashx?id=2865308&use=l&cat=p&typeid=i","cat":295020},{"id":243689,"n":"Boisson energisante X-Tense Energisante pina coco - 50cl","p":0.98,"u":"1,96 €/L","img":"https://fd9-photos.leclercdrive.fr/image.ashx?id=2956798&use=l&cat=p&typeid=i","cat":284533},{"id":243690,"n":"Complément alimentaire Somnifor Melatonine 1.9mg x30 comprimés","p":8.2,"u":"303,70 €/KG","img":"https://fd9-photos.leclercdrive.fr/image.ashx?id=3008560&use=l&cat=p&typeid=i","cat":301265},{"id":243691,"n":"Complément alimentaire Mag2 Gommes Framboise - x45","p":11.91,"img":"https://fd9-photos.leclercdrive.fr/image.ashx?id=2833750&use=l&cat=p&typeid=i","cat":301264},{"id":243702,"n":"Complément alimentaire Granions Collagène I & II - x80","p":24.9,"u":"307,41 €/KG","img":"https://fd9-photos.leclercdrive.fr/image.ashx?id=2846463&use=l&cat=p&typeid=i","cat":301266},{"id":243706,"n":"Boisson energisante X-tense  Tropical - 50cl","p":0.98,"u":"1,96 €/L","img":"https://fd9-photos.leclercdrive.fr/image.ashx?id=2956795&use=l&cat=p&typeid=i","cat":284533},{"id":243948,"n":"Complément alimentaire Granions Morosil 400mg - x60 comprimés","p":20.99,"u":"374,82 €/KG","img":"https://fd9-photos.leclercdrive.fr/image.ashx?id=2834623&use=l&cat=p&typeid=i","cat":301264},{"id":243953,"n":"Crème amincissant Somatoline Ventre et hanches - 250ml","p":31.89,"u":"127,56 €/L","img":"https://fd9-photos.leclercdrive.fr/image.ashx?id=2834821&use=l&cat=p&typeid=i","cat":301267},{"id":243954,"n":"Complément alimentaire Forté Pharma Booster immunité x30","p":10.3,"img":"https://fd9-photos.leclercdrive.fr/image.ashx?id=2834605&use=l&cat=p&typeid=i","cat":301264},{"id":243956,"n":"Complément alimentaire Forté Pharma Désir & vigueur 350g","p":17.16,"u":"49,03 €/KG","img":"https://fd9-photos.leclercdrive.fr/image.ashx?id=2834211&use=l&cat=p&typeid=i","cat":301264},{"id":244205,"n":"Poêlée de légumes 1kg","p":2.49,"u":"2,49 €/KG","img":"https://fd9-photos.leclercdrive.fr/image.ashx?id=2835048&use=l&cat=p&typeid=i","cat":319823},{"id":244218,"n":"Croquettes Friskies chat adulte Thon Légumes - 3kg","p":8.65,"u":"2,88 €/KG","img":"https://fd9-photos.leclercdrive.fr/image.ashx?id=2835148&use=l&cat=p&typeid=i","cat":284680},{"id":244229,"n":"Croquettes Friskies chat adulte Lapin Poulet Légumes - 1.5kg","p":4.5,"u":"3,00 €/KG","img":"https://fd9-photos.leclercdrive.fr/image.ashx?id=2835160&use=l&cat=p&typeid=i","cat":284680},{"id":244230,"n":"Croquettes Friskies chat adulte Poulet Légumes - 3kg","p":8.5,"u":"2,83 €/KG","img":"https://fd9-photos.leclercdrive.fr/image.ashx?id=2835151&use=l&cat=p&typeid=i","cat":284680},{"id":244234,"n":"Croquettes Friskies chat adulte Saumon Légumes - 1.5kg","p":4.6,"u":"3,07 €/KG","img":"https://fd9-photos.leclercdrive.fr/image.ashx?id=2860586&use=l&cat=p&typeid=i","cat":284680},{"id":244235,"n":"Croquettes Friskies chat adulte  Boeuf Poulet Légumes - 1.5kg","p":4.69,"u":"3,13 €/KG","img":"https://fd9-photos.leclercdrive.fr/image.ashx?id=2835154&use=l&cat=p&typeid=i","cat":284680},{"id":244351,"n":"Shampooing Elsève Color vive 250ml","p":2.35,"u":"9,40 €/L","img":"https://fd9-photos.leclercdrive.fr/image.ashx?id=2989318&use=l&cat=p&typeid=i","cat":284606},{"id":244359,"n":"Shampooing Elsève Dream length  250ml","p":3.48,"u":"13,92 €/L","img":"https://fd9-photos.leclercdrive.fr/image.ashx?id=2863614&use=l&cat=p&typeid=i","cat":284606},{"id":244360,"n":"Shampooing Elsève Hyaluronique  250ml","p":3.48,"u":"13,92 €/L","img":"https://fd9-photos.leclercdrive.fr/image.ashx?id=2863617&use=l&cat=p&typeid=i","cat":284606},{"id":244661,"n":"Riz Basmati Lustucru Selection  10 min - 450g","p":2.06,"u":"4,58 €/KG","img":"https://fd9-photos.leclercdrive.fr/image.ashx?id=2836732&use=l&cat=p&typeid=i","cat":284428},{"id":245238,"n":"Gousses vanille Tablier Blanc x2 - 4g","p":5.44,"img":"https://fd9-photos.leclercdrive.fr/image.ashx?id=2837701&use=l&cat=p&typeid=i","cat":284504},{"id":245261,"n":"Serviettes hygièniques Always  Ultra jour Normal Taille 1 x44","p":5.38,"u":"0,12 €/P","img":"https://fd9-photos.leclercdrive.fr/image.ashx?id=2967956&use=l&cat=p&typeid=i","cat":284624},{"id":245262,"n":"Serviettes hygièniques Always Ultra jour Long Taille 2 - x32","p":5.38,"u":"0,17 €/P","img":"https://fd9-photos.leclercdrive.fr/image.ashx?id=2914789&use=l&cat=p&typeid=i","cat":284624},{"id":245265,"n":"Serviettes hygièniques Always Ultra jour et nuit Taille 3 x28","p":5.38,"u":"0,19 €/P","img":"https://fd9-photos.leclercdrive.fr/image.ashx?id=2849301&use=l&cat=p&typeid=i","cat":284624},{"id":245270,"n":"Déodorant spray Ushuaïa Monoï fleur de tiaré - 200ml","p":2.74,"u":"13,70 €/L","img":"https://fd9-photos.leclercdrive.fr/image.ashx?id=2839746&use=l&cat=p&typeid=i","cat":284595},{"id":245356,"n":"Cordon bleu de saumon sauvage Gimbert Ocean - 920g","p":21.2,"u":"23,04 €/KG","img":"https://fd9-photos.leclercdrive.fr/image.ashx?id=2979905&use=l&cat=p&typeid=i","cat":319788},{"id":245579,"n":"Sauce Pesto vert crémeux  Panzani - 190g","p":2.27,"u":"11,95 €/KG","img":"https://fd9-photos.leclercdrive.fr/image.ashx?id=2873838&use=l&cat=p&typeid=i","cat":299047},{"id":245582,"n":"Sauce Pesto Panzani poivrons ricotta - 190g","p":1.94,"u":"10,21 €/KG","img":"https://fd9-photos.leclercdrive.fr/image.ashx?id=2873835&use=l&cat=p&typeid=i","cat":299047},{"id":245745,"n":"Farine de blé type 55 - 1kg Pratiques agricoles bas carbone","p":0.89,"u":"0,89 €/KG","img":"https://fd9-photos.leclercdrive.fr/image.ashx?id=2969994&use=l&cat=p&typeid=i","cat":284503},{"id":245929,"n":"Tablette chocolat KitKat Caramel salé - 99g","p":2.45,"u":"24,75 €/KG","img":"https://fd9-photos.leclercdrive.fr/image.ashx?id=2990868&use=l&cat=p&typeid=i","cat":284497},{"id":245930,"n":"Tablette KitKat  Double chocolat - 99g","p":2.47,"u":"24,95 €/KG","img":"https://fd9-photos.leclercdrive.fr/image.ashx?id=2990865&use=l&cat=p&typeid=i","cat":284497},{"id":245931,"n":"Tablette chocolat KitKat  Noisette - 99g","p":2.48,"u":"25,05 €/KG","img":"https://fd9-photos.leclercdrive.fr/image.ashx?id=2871046&use=l&cat=p&typeid=i","cat":284497},{"id":245980,"n":"Café en capcules L'Or Espresso Delizioso x35+15 260g","p":11.0,"u":"42,31 €/KG","img":"https://fd9-photos.leclercdrive.fr/image.ashx?id=2842153&use=l&cat=p&typeid=i","cat":284749},{"id":245983,"n":"Café en capsules L'Or Espresso  Forza x35+15 260g","p":9.26,"u":"35,62 €/KG","img":"https://fd9-photos.leclercdrive.fr/image.ashx?id=2842156&use=l&cat=p&typeid=i","cat":284749},{"id":245985,"n":"Café en capsules LOr Espresso Ristretto x35+15 260g","p":9.26,"u":"35,62 €/KG","img":"https://fd9-photos.leclercdrive.fr/image.ashx?id=2842159&use=l&cat=p&typeid=i","cat":284749},{"id":246158,"n":"Café capsules L'OR Espresso Splendente - x35 +15 260g","p":9.26,"u":"35,62 €/KG","img":"https://fd9-photos.leclercdrive.fr/image.ashx?id=2843529&use=l&cat=p&typeid=i","cat":284749},{"id":246160,"n":"Café capsules L'OR Espresso Supremo - x35 +15 - 260g","p":10.07,"u":"38,73 €/KG","img":"https://fd9-photos.leclercdrive.fr/image.ashx?id=2843532&use=l&cat=p&typeid=i","cat":284749},{"id":246162,"n":"Serviettes Jour Always Ultra Normal - T1 - Ailettes x38","p":5.38,"u":"0,14 €/P","img":"https://fd9-photos.leclercdrive.fr/image.ashx?id=2849295&use=l&cat=p&typeid=i","cat":284624},{"id":246165,"n":"Gel Douche Le Petit Marseillais Lait d'amande douce - 2x650ml","p":6.52,"u":"5,02 €/L","img":"https://fd9-photos.leclercdrive.fr/image.ashx?id=2843436&use=l&cat=p&typeid=i","cat":284594},{"id":246197,"n":"Complément alimentaire  Arkopharma Azinc Sénior x30","p":10.14,"u":"0,34 €/P","img":"https://fd9-photos.leclercdrive.fr/image.ashx?id=2843439&use=l&cat=p&typeid=i","cat":301264},{"id":246201,"n":"Pâtes penné rigaté Eco+ 1kg","p":1.1,"u":"1,10 €/KG","img":"https://fd9-photos.leclercdrive.fr/image.ashx?id=2856736&use=l&cat=p&typeid=i","cat":284427},{"id":246216,"n":"Coupelles Douceurs du Verger Pomme Fraise - 4x100g","p":1.23,"u":"3,08 €/KG","img":"https://fd9-photos.leclercdrive.fr/image.ashx?id=2878741&use=l&cat=p&typeid=i","cat":284508},{"id":246217,"n":"Gourdes Douceur du Verger Pommes Fraises abricot 4x90g","p":1.6,"u":"4,44 €/KG","img":"https://fd9-photos.leclercdrive.fr/image.ashx?id=2934781&use=l&cat=p&typeid=i","cat":284508},{"id":246260,"n":"Masque Elseve Total Repair 5 - 310ml","p":4.88,"u":"15,74 €/L","img":"https://fd9-photos.leclercdrive.fr/image.ashx?id=2844178&use=l&cat=p&typeid=i","cat":284608},{"id":246262,"n":"Shampooing Elseve Dream long - 400ml","p":5.22,"u":"13,05 €/L","img":"https://fd9-photos.leclercdrive.fr/image.ashx?id=2844187&use=l&cat=p&typeid=i","cat":284606},{"id":246269,"n":"Après-shampooing Elseve Démêlant anti-chute - 150ml","p":6.72,"u":"44,80 €/L","img":"https://fd9-photos.leclercdrive.fr/image.ashx?id=2844193&use=l&cat=p&typeid=i","cat":284607},{"id":246272,"n":"Shampooing Elseve Hyaluronique Pure - 250ml","p":4.18,"u":"16,72 €/L","img":"https://fd9-photos.leclercdrive.fr/image.ashx?id=2981593&use=l&cat=p&typeid=i","cat":284606},{"id":246466,"n":"Soupe Knorr Pot au feu -14x55g","p":1.4,"u":"1,82 €/KG","img":"https://fd9-photos.leclercdrive.fr/image.ashx?id=2845656&use=l&cat=p&typeid=i","cat":293527},{"id":246550,"n":"Mousse aérienne nettoyante Nuxe Very Rose - 150ml","p":12.32,"u":"82,13 €/L","img":"https://fd9-photos.leclercdrive.fr/image.ashx?id=2847171&use=l&cat=p&typeid=i","cat":301587},{"id":246556,"n":"Complément alimentaire XtraSlim ChronoFort - Morosil","p":25.86,"img":"https://fd9-photos.leclercdrive.fr/image.ashx?id=2846060&use=l&cat=p&typeid=i","cat":301267},{"id":246557,"n":"Complément alimentaire Granions Collagène Beauté Citron 255g","p":24.26,"u":"95,14 €/KG","img":"https://fd9-photos.leclercdrive.fr/image.ashx?id=2963709&use=l&cat=p&typeid=i","cat":301266},{"id":246558,"n":"Gel de massage Chondrosteo+ 100ml","p":9.56,"u":"95,60 €/L","img":"https://fd9-photos.leclercdrive.fr/image.ashx?id=2845446&use=l&cat=p&typeid=i","cat":291163},{"id":246636,"n":"Golden allumettes McCain 1.5kg","p":3.58,"u":"2,39 €/KG","img":"https://fd9-photos.leclercdrive.fr/image.ashx?id=2846799&use=l&cat=p&typeid=i","cat":319791},{"id":246638,"n":"Riz parfumé Taureau Ailé 1kg","p":2.88,"u":"2,88 €/KG","img":"https://fd9-photos.leclercdrive.fr/image.ashx?id=2846739&use=l&cat=p&typeid=i","cat":284428},{"id":246945,"n":"Eau thermale Lait velouté corps 500 ml + 200ml","p":11.44,"u":"8,17 €/L","img":"https://fd9-photos.leclercdrive.fr/image.ashx?id=2849112&use=l&cat=p&typeid=i","cat":290421},{"id":246949,"n":"Crème riche lissante  Jonzac 40ml","p":22.03,"pp":15.42,"u":"385,50 €/L","img":"https://fd9-photos.leclercdrive.fr/image.ashx?id=2849067&use=l&cat=p&typeid=i","cat":291171},{"id":246951,"n":"Crème légère lissante  Jonzac 40ml","p":21.91,"pp":15.34,"u":"383,50 €/L","img":"https://fd9-photos.leclercdrive.fr/image.ashx?id=2849070&use=l&cat=p&typeid=i","cat":291171},{"id":246963,"n":"Soin Hyaluron Activ B3 15 ML Avène","p":25.67,"img":"https://fd9-photos.leclercdrive.fr/image.ashx?id=2857323&use=l&cat=p&typeid=i","cat":291168},{"id":246968,"n":"Test de grossesse  1 pièce","p":1.75,"img":"https://fd9-photos.leclercdrive.fr/image.ashx?id=2848953&use=l&cat=p&typeid=i","cat":291159},{"id":247004,"n":"AOP Gaillac blanc doux cuvée Grande réserve - 75 cl","p":4.48,"u":"5,97 €/L","img":"https://fd9-photos.leclercdrive.fr/image.ashx?id=2853551&use=l&cat=p&typeid=i","cat":289557},{"id":247059,"n":"Les minis galettes Saint Michel Comté - 100g","p":1.33,"u":"13,30 €/KG","img":"https://fd9-photos.leclercdrive.fr/image.ashx?id=2936281&use=l&cat=p&typeid=i","cat":297000},{"id":247099,"n":"Coupelles Douceur du verger pomme banane - 4x100g","p":1.09,"u":"2,73 €/KG","img":"https://fd9-photos.leclercdrive.fr/image.ashx?id=2878744&use=l&cat=p&typeid=i","cat":284508},{"id":247261,"n":"Shampooing Elsève Colorvive - 300ml","p":4.18,"u":"13,93 €/L","img":"https://fd9-photos.leclercdrive.fr/image.ashx?id=2850614&use=l&cat=p&typeid=i","cat":284606},{"id":247262,"n":"Shampooing Elsève Hyaluronique - 250ml","p":4.18,"u":"16,72 €/L","img":"https://fd9-photos.leclercdrive.fr/image.ashx?id=2869095&use=l&cat=p&typeid=i","cat":284606},{"id":247263,"n":"Shampooing Elsève Total repair 5 - 300ml","p":4.18,"u":"13,93 €/L","img":"https://fd9-photos.leclercdrive.fr/image.ashx?id=2850617&use=l&cat=p&typeid=i","cat":284606},{"id":247264,"n":"Shampooing Elseve Huile extraordinaire - 250ml","p":4.18,"u":"16,72 €/L","img":"https://fd9-photos.leclercdrive.fr/image.ashx?id=2868690&use=l&cat=p&typeid=i","cat":284606},{"id":247265,"n":"Shampooing Elseve Dream long - 250ml","p":4.18,"u":"16,72 €/L","img":"https://fd9-photos.leclercdrive.fr/image.ashx?id=2850623&use=l&cat=p&typeid=i","cat":284606},{"id":247269,"n":"Shampooing Elseve Nutri gloss - 300ml","p":4.18,"u":"13,93 €/L","img":"https://fd9-photos.leclercdrive.fr/image.ashx?id=2869089&use=l&cat=p&typeid=i","cat":284606},{"id":247270,"n":"Shampooing Elseve Multi-vitaminé - 300ml","p":4.18,"u":"13,93 €/L","img":"https://fd9-photos.leclercdrive.fr/image.ashx?id=2850629&use=l&cat=p&typeid=i","cat":284606},{"id":247271,"n":"Après-shampooing Elseve Color vive - 250ml","p":4.18,"u":"16,72 €/L","img":"https://fd9-photos.leclercdrive.fr/image.ashx?id=2850632&use=l&cat=p&typeid=i","cat":284607},{"id":247274,"n":"Après-Shampooing Elseve Dream Long - 200ml","p":4.18,"u":"20,90 €/L","img":"https://fd9-photos.leclercdrive.fr/image.ashx?id=2850638&use=l&cat=p&typeid=i","cat":284607},{"id":247275,"n":"Après-shampooing Elseve Nutri gloss - 250ml","p":4.18,"u":"16,72 €/L","img":"https://fd9-photos.leclercdrive.fr/image.ashx?id=2850641&use=l&cat=p&typeid=i","cat":284607},{"id":247646,"n":"Saumon fumé d'Ecosse Delpeyrat - 2x4tr - 220g","p":10.75,"u":"48,86 €/KG","img":"https://fd9-photos.leclercdrive.fr/image.ashx?id=2921480&use=l&cat=p&typeid=i","cat":285188},{"id":247649,"n":"Saumon fumé sauvage Delpeyrat 2x4 tranches - 220g","p":10.75,"u":"48,86 €/KG","img":"https://fd9-photos.leclercdrive.fr/image.ashx?id=2921486&use=l&cat=p&typeid=i","cat":285188},{"id":247865,"n":"Shampooing Elsève Color vive  500ml","p":5.12,"u":"10,24 €/L","img":"https://fd9-photos.leclercdrive.fr/image.ashx?id=2853964&use=l&cat=p&typeid=i","cat":284606},{"id":247866,"n":"Shampooing Elsève Full resist  250ml","p":3.69,"u":"14,76 €/L","img":"https://fd9-photos.leclercdrive.fr/image.ashx?id=2853967&use=l&cat=p&typeid=i","cat":284606},{"id":247867,"n":"Shampooing Elsève Huile  extraordinaire Coco - 250ml","p":3.87,"u":"15,48 €/L","img":"https://fd9-photos.leclercdrive.fr/image.ashx?id=2853970&use=l&cat=p&typeid=i","cat":284606},{"id":247869,"n":"Shampooing Elsève Huile  extraordinaire amla -250ml","p":4.62,"u":"18,48 €/L","img":"https://fd9-photos.leclercdrive.fr/image.ashx?id=2853973&use=l&cat=p&typeid=i","cat":284606},{"id":247871,"n":"Shampooing Elsève  Liss intense -300ml","p":4.12,"u":"13,73 €/L","img":"https://fd9-photos.leclercdrive.fr/image.ashx?id=2853976&use=l&cat=p&typeid=i","cat":284606},{"id":247874,"n":"Savon liquide Le Naturel  Extra pur de Marseille -500ml","p":2.56,"u":"5,12 €/L","img":"https://fd9-photos.leclercdrive.fr/image.ashx?id=2869119&use=l&cat=p&typeid=i","cat":284597},{"id":247878,"n":"Savon liquide Le Natural  Recharge Savon de Marseille -1l","p":4.58,"u":"4,58 €/L","img":"https://fd9-photos.leclercdrive.fr/image.ashx?id=2869122&use=l&cat=p&typeid=i","cat":284597},{"id":247881,"n":"Adoucissant concentré Soupline  Douceur des Alpes -0,9L","p":3.35,"u":"3,72 €/L","img":"https://fd9-photos.leclercdrive.fr/image.ashx?id=2854825&use=l&cat=p&typeid=i","cat":284650},{"id":247882,"n":"Shampooing Elsève  Antipelliculaire - 300ml","p":3.71,"u":"12,37 €/L","img":"https://fd9-photos.leclercdrive.fr/image.ashx?id=2853982&use=l&cat=p&typeid=i","cat":284606},{"id":248215,"n":"Café en grain Café Le Bonifieur Assemblage saveur du monde 1kg","p":18.9,"u":"18,90 €/KG","img":"https://fd9-photos.leclercdrive.fr/image.ashx?id=2855259&use=l&cat=p&typeid=i","cat":293237},{"id":248328,"n":"Recharge Crème de douche  Le Petit Marseillais Lait 500ml","p":2.77,"u":"5,54 €/L","img":"https://fd9-photos.leclercdrive.fr/image.ashx?id=2855957&use=l&cat=p&typeid=i","cat":284594},{"id":248345,"n":"Bandes de cire visage Veet Peaux sensibles - x16","p":4.17,"img":"https://fd9-photos.leclercdrive.fr/image.ashx?id=2901668&use=l&cat=p&typeid=i","cat":325351},{"id":248349,"n":"Complément alimentaire  EuphytoseNuit - LP-1.9mg x30","p":14.89,"img":"https://fd9-photos.leclercdrive.fr/image.ashx?id=2857461&use=l&cat=p&typeid=i","cat":301265},{"id":248542,"n":"Mangue 1p","p":1.45,"img":"https://fd9-photos.leclercdrive.fr/image.ashx?id=1636371&use=l&cat=p&typeid=i","cat":284356},{"id":248544,"n":"Ananas Extra Sweet 1p","p":1.99,"img":"https://fd9-photos.leclercdrive.fr/image.ashx?id=2856700&use=l&cat=p&typeid=i","cat":284356},{"id":248545,"n":"Chou-fleur blanc 1p","p":1.55,"img":"https://fd9-photos.leclercdrive.fr/image.ashx?id=1631991&use=l&cat=p&typeid=i","cat":284352},{"id":248546,"n":"Feuille de chêne blonde 1p","p":0.99,"img":"https://fd9-photos.leclercdrive.fr/image.ashx?id=1633646&use=l&cat=p&typeid=i","cat":284352},{"id":248828,"n":"Galettes maïs et lin Bio  Bio Village - 115g","p":1.2,"u":"8,00 €/KG","img":"https://fd9-photos.leclercdrive.fr/image.ashx?id=2858117&use=l&cat=p&typeid=i","cat":null},{"id":249019,"n":"Lessive liquide Xéor Savon de Marseille - 2.2L","p":3.89,"u":"1,77 €/L","img":"https://fd9-photos.leclercdrive.fr/image.ashx?id=2901500&use=l&cat=p&typeid=i","cat":284640},{"id":249021,"n":"Lessive liquide Xéor Savon de Marseille - 1.2L","p":2.12,"u":"1,77 €/L","img":"https://fd9-photos.leclercdrive.fr/image.ashx?id=2901503&use=l&cat=p&typeid=i","cat":284640},{"id":249173,"n":"Riz basmati Taureau Ailé 1kg","p":3.43,"u":"3,43 €/KG","img":"https://fd9-photos.leclercdrive.fr/image.ashx?id=2860457&use=l&cat=p&typeid=i","cat":284428},{"id":249956,"n":"Perles de linge Soupline  Grand air - 460g","p":16.84,"img":"https://fd9-photos.leclercdrive.fr/image.ashx?id=2861833&use=l&cat=p&typeid=i","cat":284650},{"id":249964,"n":"Gourdes Douceur du Verger Fruits jaunes - 12x90g","p":4.39,"u":"4,06 €/KG","img":"https://fd9-photos.leclercdrive.fr/image.ashx?id=2934790&use=l&cat=p&typeid=i","cat":284508},{"id":249965,"n":"Gourdes Douceur du Verger 12x90g","p":4.19,"u":"3,88 €/KG","img":"https://fd9-photos.leclercdrive.fr/image.ashx?id=2934787&use=l&cat=p&typeid=i","cat":284508},{"id":249966,"n":"Gourdes Douceur du Verger 20x90g","p":4.89,"u":"2,72 €/KG","img":"https://fd9-photos.leclercdrive.fr/image.ashx?id=2934784&use=l&cat=p&typeid=i","cat":284508},{"id":249993,"n":"Adoucissant Soupline Concentré Grand air - 880ml","p":3.99,"u":"4,53 €/L","img":"https://fd9-photos.leclercdrive.fr/image.ashx?id=2863920&use=l&cat=p&typeid=i","cat":284650},{"id":249994,"n":"Adoucissant Soupline  Hypoallergenique - 880ml","p":5.53,"u":"6,28 €/L","img":"https://fd9-photos.leclercdrive.fr/image.ashx?id=2863923&use=l&cat=p&typeid=i","cat":284650},{"id":250153,"n":"Sauce burger Rustica 260g","p":1.29,"u":"4,96 €/KG","img":"https://fd9-photos.leclercdrive.fr/image.ashx?id=2954400&use=l&cat=p&typeid=i","cat":318431},{"id":250158,"n":"Crème hydratante So Bio Etic Booster d'éclat Bio 50ml","p":10.11,"u":"202,20 €/L","img":"https://fd9-photos.leclercdrive.fr/image.ashx?id=2863581&use=l&cat=p&typeid=i","cat":325350},{"id":250160,"n":"Sérum hydratation So Bio Etic Booster d'éclat Bio30ml","p":11.93,"u":"397,67 €/L","img":"https://fd9-photos.leclercdrive.fr/image.ashx?id=2863578&use=l&cat=p&typeid=i","cat":325345},{"id":250187,"n":"Crème douceur nuit So Bio Etic Régénérante - Anesse Bio 50ml","p":11.01,"u":"220,20 €/L","img":"https://fd9-photos.leclercdrive.fr/image.ashx?id=2863587&use=l&cat=p&typeid=i","cat":325345},{"id":250253,"n":"Lingettes Décolor Stop Protection couleurs 2x22","p":7.52,"u":"0,17 €/P","img":"https://fd9-photos.leclercdrive.fr/image.ashx?id=2863344&use=l&cat=p&typeid=i","cat":290450},{"id":250407,"n":"Huile végétale So Bio Etic Ricin Bio équitable - 100ml","p":8.16,"u":"81,60 €/L","img":"https://fd9-photos.leclercdrive.fr/image.ashx?id=2864107&use=l&cat=p&typeid=i","cat":284608},{"id":250409,"n":"Eau micellaire So Bio Etic Peaux sensibles Bio - 300ml","p":3.7,"u":"12,33 €/L","img":"https://fd9-photos.leclercdrive.fr/image.ashx?id=2864098&use=l&cat=p&typeid=i","cat":284603},{"id":250433,"n":"Adoucissant  Soupline concentré Coco Envoûtant - 835ml","p":4.78,"u":"5,72 €/L","img":"https://fd9-photos.leclercdrive.fr/image.ashx?id=2864224&use=l&cat=p&typeid=i","cat":284650},{"id":250435,"n":"Adoucissant concentré Soupline Ultra Vanille - 835ml","p":4.98,"u":"5,96 €/L","img":"https://fd9-photos.leclercdrive.fr/image.ashx?id=2864221&use=l&cat=p&typeid=i","cat":284650},{"id":251362,"n":"Double concentré de tomates Mutti zéro résidu - 130g","p":1.0,"u":"7,69 €/KG","img":"https://fd9-photos.leclercdrive.fr/image.ashx?id=2867226&use=l&cat=p&typeid=i","cat":288384},{"id":251363,"n":"Double concentré de tomates Mutti zéro résidu - 140g","p":0.95,"u":"6,79 €/KG","img":"https://fd9-photos.leclercdrive.fr/image.ashx?id=2867223&use=l&cat=p&typeid=i","cat":288384},{"id":251371,"n":"Pâtes Gros Vermicelles Alpina  Savoie - 500 g","p":1.43,"u":"2,86 €/KG","img":"https://fd9-photos.leclercdrive.fr/image.ashx?id=2867041&use=l&cat=p&typeid=i","cat":284427},{"id":251996,"n":"Perles de linge Soupline Adoucissant - Vanille - 230g","p":10.02,"u":"43,57 €/KG","img":"https://fd9-photos.leclercdrive.fr/image.ashx?id=2868608&use=l&cat=p&typeid=i","cat":284650},{"id":252002,"n":"Couches écoresponsables Biolane Taille 1 - x28","p":7.38,"img":"https://fd9-photos.leclercdrive.fr/image.ashx?id=2876518&use=l&cat=p&typeid=i","cat":284737},{"id":252009,"n":"Lessive liquide Skip Active clean - x40 - 1.68L","p":11.94,"u":"7,11 €/L","img":"https://fd9-photos.leclercdrive.fr/image.ashx?id=2908393&use=l&cat=p&typeid=i","cat":284640},{"id":252010,"n":"Lessive liquide Skip Fraîcheur intense - x40 - 1.68L","p":11.57,"u":"6,89 €/L","img":"https://fd9-photos.leclercdrive.fr/image.ashx?id=2940657&use=l&cat=p&typeid=i","cat":284640},{"id":252097,"n":"Lessive Liquide SKIP Touche de Cajoline x37 lavages","p":12.53,"u":"8,06 €/L","img":"https://fd9-photos.leclercdrive.fr/image.ashx?id=2940660&use=l&cat=p&typeid=i","cat":284640},{"id":252102,"n":"Brossettes interdentaires  Ricqles Réutilisables 0.6mm x5","p":6.11,"img":"https://fd9-photos.leclercdrive.fr/image.ashx?id=2868915&use=l&cat=p&typeid=i","cat":285159},{"id":252114,"n":"Beurre d'Echiré en plaque  Doux - 82% MG - 200g","p":2.95,"u":"14,75 €/KG","img":"https://fd9-photos.leclercdrive.fr/image.ashx?id=2869570&use=l&cat=p&typeid=i","cat":284379},{"id":252128,"n":"Spray nettoyant multi-usage CIF Infinite+Clean Protection 280ml","p":4.0,"u":"14,29 €/MT","img":"https://fd9-photos.leclercdrive.fr/image.ashx?id=2948543&use=l&cat=p&typeid=i","cat":325357},{"id":252129,"n":"Spray nettoyant multi-usage Cif  Infinite+Clean Brillance-280ml","p":4.25,"u":"15,18 €/L","img":"https://fd9-photos.leclercdrive.fr/image.ashx?id=2872234&use=l&cat=p&typeid=i","cat":325357},{"id":252133,"n":"Spray nettoyant multi-usage CIF Infinite+Clean 280ml","p":4.16,"u":"14,86 €/L","img":"https://fd9-photos.leclercdrive.fr/image.ashx?id=2948546&use=l&cat=p&typeid=i","cat":325357},{"id":252145,"n":"Fromage pour salade Eco+ 23%MG 200g","p":1.69,"u":"8,45 €/KG","img":"https://fd9-photos.leclercdrive.fr/image.ashx?id=2874820&use=l&cat=p&typeid=i","cat":314027},{"id":252811,"n":"Lait corps Nivea Nourrissant Peaux sèches 250ml","p":3.75,"u":"18,75 €/L","img":"https://fd9-photos.leclercdrive.fr/image.ashx?id=3005233&use=l&cat=p&typeid=i","cat":325349},{"id":253296,"n":"Oeuf Kinder surprise Maxi Poussin jaune - 100g","p":6.36,"u":"63,60 €/KG","img":"https://fd9-photos.leclercdrive.fr/image.ashx?id=2872769&use=l&cat=p&typeid=i","cat":284958},{"id":253339,"n":"Croque Monsieur Herta Chèvre jambon - 310g","p":2.59,"u":"8,35 €/KG","img":"https://fd9-photos.leclercdrive.fr/image.ashx?id=2877745&use=l&cat=p&typeid=i","cat":333671},{"id":254050,"n":"Bière Desperados Sunlight citron citron vert 3x33cl","p":3.98,"u":"4,02 €/L","img":"https://fd9-photos.leclercdrive.fr/image.ashx?id=2977987&use=l&cat=p&typeid=i","cat":334878},{"id":254132,"n":"Oeuf Kinder surprise Maxi lapin bleu - 100g","p":6.36,"u":"63,60 €/KG","img":"https://fd9-photos.leclercdrive.fr/image.ashx?id=2874539&use=l&cat=p&typeid=i","cat":284958},{"id":254824,"n":"IGP Pays d'Oc rosé Bleu de Mer - 75cl","p":5.58,"u":"7,44 €/L","img":"https://fd9-photos.leclercdrive.fr/image.ashx?id=2876863&use=l&cat=p&typeid=i","cat":289558},{"id":254888,"n":"Monster Rio punch 50cl","p":1.65,"u":"3,30 €/L","img":"https://fd9-photos.leclercdrive.fr/image.ashx?id=2877067&use=l&cat=p&typeid=i","cat":284533},{"id":255191,"n":"Préservatif Durex Nude - XL - x10","p":9.18,"img":"https://fd9-photos.leclercdrive.fr/image.ashx?id=2901677&use=l&cat=p&typeid=i","cat":284631},{"id":255197,"n":"Préservatifs Durex Classic jeans - x12","p":5.51,"img":"https://fd9-photos.leclercdrive.fr/image.ashx?id=2878792&use=l&cat=p&typeid=i","cat":284631},{"id":255216,"n":"Coca-Cola sans sucres 4x1,75L","p":6.54,"u":"0,93 €/L","img":"https://fd9-photos.leclercdrive.fr/image.ashx?id=2879137&use=l&cat=p&typeid=i","cat":284530},{"id":255370,"n":"Huile solaire Avène Peaux sensibles SPF30 - 300ml","p":19.19,"u":"95,95 €/L","img":"https://fd9-photos.leclercdrive.fr/image.ashx?id=2878975&use=l&cat=p&typeid=i","cat":290396},{"id":255371,"n":"Spray solaire corps Avène Soins solaires SPF30 - 200ml","p":17.2,"u":"86,00 €/L","img":"https://fd9-photos.leclercdrive.fr/image.ashx?id=2886837&use=l&cat=p&typeid=i","cat":290396},{"id":255372,"n":"Crème solaire Avène Intense protect SPF50+ - 150ml","p":18.33,"u":"122,20 €/L","img":"https://fd9-photos.leclercdrive.fr/image.ashx?id=2878978&use=l&cat=p&typeid=i","cat":290396},{"id":255375,"n":"Gel douche surgras A-Derma Les indispensables - 750ml","p":8.8,"u":"11,73 €/L","img":"https://fd9-photos.leclercdrive.fr/image.ashx?id=2878987&use=l&cat=p&typeid=i","cat":301591},{"id":255378,"n":"Lait solaire enfant Avène SPF50+ - 250ml","p":18.43,"u":"73,72 €/L","img":"https://fd9-photos.leclercdrive.fr/image.ashx?id=2878990&use=l&cat=p&typeid=i","cat":290397},{"id":255380,"n":"Lait après-soleil La Roche- Posay - Anthelios Post-uv 200ML","p":12.98,"u":"64,90 €/L","img":"https://fd9-photos.leclercdrive.fr/image.ashx?id=2890941&use=l&cat=p&typeid=i","cat":290394},{"id":255700,"n":"Pain nettoyant surgras Avène Xeracalm - 100g","p":5.11,"u":"51,10 €/L","img":"https://fd9-photos.leclercdrive.fr/image.ashx?id=2880345&use=l&cat=p&typeid=i","cat":301591},{"id":255708,"n":"Complément alimentaire Granions Fer - x60 gélules","p":15.15,"u":"473,44 €/KG","img":"https://fd9-photos.leclercdrive.fr/image.ashx?id=2879760&use=l&cat=p&typeid=i","cat":301264},{"id":255710,"n":"Complément alimentaire Granions Zinc - x60 gélules","p":12.89,"u":"402,81 €/KG","img":"https://fd9-photos.leclercdrive.fr/image.ashx?id=2879763&use=l&cat=p&typeid=i","cat":301266},{"id":255714,"n":"Fluide solaire Eau Thermale Avène - Sport - SPF50+ - 100ml","p":16.24,"u":"162,40 €/L","img":"https://fd9-photos.leclercdrive.fr/image.ashx?id=2879691&use=l&cat=p&typeid=i","cat":290396},{"id":255717,"n":"Crème Kertyol  PSO Ducray Anti-démangeaison - 100ml","p":13.94,"u":"139,40 €/L","img":"https://fd9-photos.leclercdrive.fr/image.ashx?id=2879694&use=l&cat=p&typeid=i","cat":290421},{"id":255957,"n":"Déodorant spray homme Axe Dark temptation - 200ml","p":3.6,"u":"18,00 €/L","img":"https://fd9-photos.leclercdrive.fr/image.ashx?id=2881536&use=l&cat=p&typeid=i","cat":284618},{"id":255979,"n":"Dos de Cabillaud MSC 200g","p":6.87,"u":"34,35 €/KG","img":"https://fd9-photos.leclercdrive.fr/image.ashx?id=2891355&use=l&cat=p&typeid=i","cat":284342},{"id":255984,"n":"Filet de Cabillaud MSC 200g","p":5.82,"u":"29,10 €/KG","img":"https://fd9-photos.leclercdrive.fr/image.ashx?id=2891364&use=l&cat=p&typeid=i","cat":284342},{"id":256417,"n":"Crème solaire Avène Cleanance solaire SPF50+ - 50ml","p":13.7,"u":"274,00 €/L","img":"https://fd9-photos.leclercdrive.fr/image.ashx?id=2881368&use=l&cat=p&typeid=i","cat":290396},{"id":256418,"n":"Baume hydratant Avène Xeracalm - Nutrition - 400ml","p":16.42,"u":"41,05 €/L","img":"https://fd9-photos.leclercdrive.fr/image.ashx?id=2881858&use=l&cat=p&typeid=i","cat":290421},{"id":256419,"n":"Démaquillant yeux Klorane Au bleuet - 2x200ml","p":15.4,"u":"38,50 €/L","img":"https://fd9-photos.leclercdrive.fr/image.ashx?id=2881861&use=l&cat=p&typeid=i","cat":301587},{"id":256420,"n":"Gel cicatrice Eau thermale Avène - Cicalfate+ - 30ml","p":6.84,"u":"228,00 €/L","img":"https://fd9-photos.leclercdrive.fr/image.ashx?id=2881864&use=l&cat=p&typeid=i","cat":290405},{"id":256421,"n":"Shampooing sec Klorane Extra- Doux - Châtain - Avoine 150ml","p":8.28,"u":"0,06 €/M3","img":"https://fd9-photos.leclercdrive.fr/image.ashx?id=2881867&use=l&cat=p&typeid=i","cat":290400},{"id":256422,"n":"Crème apaisante Ducray Kelual DS - 40ml","p":12.45,"u":"311,25 €/L","img":"https://fd9-photos.leclercdrive.fr/image.ashx?id=2881870&use=l&cat=p&typeid=i","cat":290421},{"id":256425,"n":"Ultra fluide Eau thermale Avène - Solaire - SPF50 - 50ml","p":15.21,"u":"304,20 €/L","img":"https://fd9-photos.leclercdrive.fr/image.ashx?id=2881873&use=l&cat=p&typeid=i","cat":290396},{"id":256429,"n":"Lait solaire Eau thermale Avène - SPF50+ - 250ml","p":17.94,"u":"71,76 €/L","img":"https://fd9-photos.leclercdrive.fr/image.ashx?id=2881876&use=l&cat=p&typeid=i","cat":290396},{"id":256432,"n":"Après-shampooing Klorane Quinine Eldeweiss Bio - 200ml","p":10.89,"u":"54,45 €/L","img":"https://fd9-photos.leclercdrive.fr/image.ashx?id=2985138&use=l&cat=p&typeid=i","cat":290400},{"id":256433,"n":"Crème réparatrice A-Derma Epitheliale Anti-marques 40ml","p":11.99,"u":"299,75 €/L","img":"https://fd9-photos.leclercdrive.fr/image.ashx?id=2881882&use=l&cat=p&typeid=i","cat":291171},{"id":256435,"n":"Crème réparatrice A-Derma Epitheliale Anti-marques 100ml","p":15.5,"u":"155,00 €/L","img":"https://fd9-photos.leclercdrive.fr/image.ashx?id=2881885&use=l&cat=p&typeid=i","cat":291171},{"id":256439,"n":"Cica-sérum cheveux Klorane Réparateur - 100ml","p":13.87,"u":"138,70 €/L","img":"https://fd9-photos.leclercdrive.fr/image.ashx?id=2881888&use=l&cat=p&typeid=i","cat":290399},{"id":256443,"n":"Crème jour visage CeraVe 52ml","p":11.9,"u":"228,85 €/L","img":"https://fd9-photos.leclercdrive.fr/image.ashx?id=2881407&use=l&cat=p&typeid=i","cat":291171},{"id":256447,"n":"Gel douche Atoderm Bioderma 1L","p":8.98,"u":"8,98 €/L","img":"https://fd9-photos.leclercdrive.fr/image.ashx?id=2979950&use=l&cat=p&typeid=i","cat":301591},{"id":256448,"n":"Eau micellaire Bioderma Sebium H20 - 500ml","p":10.83,"u":"21,66 €/L","img":"https://fd9-photos.leclercdrive.fr/image.ashx?id=2881972&use=l&cat=p&typeid=i","cat":301587},{"id":256536,"n":"Nectar Bio Pressade Pomme - 6x20cl","p":2.54,"u":"2,12 €/L","img":"https://fd9-photos.leclercdrive.fr/image.ashx?id=2882752&use=l&cat=p&typeid=i","cat":284522},{"id":256577,"n":"AOP Corbières Vin rouge - Bag in box - 3L","p":11.95,"u":"3,98 €/L","img":"https://fd9-photos.leclercdrive.fr/image.ashx?id=2905483&use=l&cat=p&typeid=i","cat":289556},{"id":256587,"n":"AOP Buzet Vin rouge - Bag in box - 3L","p":11.95,"u":"3,98 €/L","img":"https://fd9-photos.leclercdrive.fr/image.ashx?id=2891076&use=l&cat=p&typeid=i","cat":289556},{"id":256778,"n":"Déodorant femme Ushuaïa Grenade énergisée - 2x200ml","p":5.1,"u":"12,75 €/L","img":"https://fd9-photos.leclercdrive.fr/image.ashx?id=2883083&use=l&cat=p&typeid=i","cat":284595},{"id":256788,"n":"Déodorant femme bille Ushuaïa Grenade - 2x50ml","p":5.1,"u":"51,00 €/L","img":"https://fd9-photos.leclercdrive.fr/image.ashx?id=2883179&use=l&cat=p&typeid=i","cat":284595},{"id":257022,"n":"Diffuseur Raid Max Night & Day Anti-moustiques - 27ml","p":11.73,"u":"434,44 €/L","img":"https://fd9-photos.leclercdrive.fr/image.ashx?id=2967388&use=l&cat=p&typeid=i","cat":298368},{"id":257023,"n":"Recharge Raid Max Night & Day Anti-moustiques - 2x27ml","p":13.09,"u":"242,41 €/L","img":"https://fd9-photos.leclercdrive.fr/image.ashx?id=2884741&use=l&cat=p&typeid=i","cat":298368},{"id":257034,"n":"Spray Autan Family care Anti-moustiques - 100ml","p":5.58,"u":"55,80 €/L","img":"https://fd9-photos.leclercdrive.fr/image.ashx?id=2884744&use=l&cat=p&typeid=i","cat":299654},{"id":257036,"n":"Spray enfant Autan Anti-moustiques - 100ml","p":6.89,"u":"68,90 €/L","img":"https://fd9-photos.leclercdrive.fr/image.ashx?id=2884735&use=l&cat=p&typeid=i","cat":299654},{"id":257038,"n":"Gel douche homme Axe Supreme Provocation - 5-en-1 - 400ml","p":3.2,"u":"8,00 €/L","img":"https://fd9-photos.leclercdrive.fr/image.ashx?id=2884924&use=l&cat=p&typeid=i","cat":284619},{"id":257043,"n":"Gel douche homme Axe Black vanilla - 225ml","p":2.56,"u":"11,38 €/L","img":"https://fd9-photos.leclercdrive.fr/image.ashx?id=2908387&use=l&cat=p&typeid=i","cat":284619},{"id":257074,"n":"Gnocchi à poêler Lustucru Extra jambon fromage 300g","p":2.2,"u":"7,33 €/KG","img":"https://fd9-photos.leclercdrive.fr/image.ashx?id=2884387&use=l&cat=p&typeid=i","cat":333682},{"id":257076,"n":"Gnocchi à poêler Lustucru Extra fromage 300g","p":2.14,"u":"7,13 €/KG","img":"https://fd9-photos.leclercdrive.fr/image.ashx?id=2886013&use=l&cat=p&typeid=i","cat":333682},{"id":257201,"n":"Préservatifs Durex Intensity - x10","p":10.54,"img":"https://fd9-photos.leclercdrive.fr/image.ashx?id=2962035&use=l&cat=p&typeid=i","cat":284631},{"id":257202,"n":"Préservatifs Durex Intensity XL - x10","p":10.63,"img":"https://fd9-photos.leclercdrive.fr/image.ashx?id=2964670&use=l&cat=p&typeid=i","cat":284631},{"id":257205,"n":"Eponges flex & wash x4","p":9.33,"img":"https://fd9-photos.leclercdrive.fr/image.ashx?id=2884522&use=l&cat=p&typeid=i","cat":284667},{"id":257206,"n":"Eponges fFlex & wash x2","p":3.93,"img":"https://fd9-photos.leclercdrive.fr/image.ashx?id=2884525&use=l&cat=p&typeid=i","cat":284667},{"id":257208,"n":"Lessive liquide Xeor Fraîcheur - x44 lavages - 2.2L","p":3.89,"u":"1,77 €/L","img":"https://fd9-photos.leclercdrive.fr/image.ashx?id=2981897&use=l&cat=p&typeid=i","cat":284640},{"id":257209,"n":"Lessive liquide Xeor Oranger - x44 lavages - 2.2L","p":3.99,"u":"1,81 €/L","img":"https://fd9-photos.leclercdrive.fr/image.ashx?id=2901497&use=l&cat=p&typeid=i","cat":284640},{"id":257211,"n":"Lessive liquide Xéor Oranger - x24 lavages - 1.2L","p":2.12,"u":"1,77 €/L","img":"https://fd9-photos.leclercdrive.fr/image.ashx?id=2903977&use=l&cat=p&typeid=i","cat":284640},{"id":257212,"n":"Lessive liquide Xéor Fraîcheur - x24 lavages - 1.2L","p":2.12,"u":"1,77 €/L","img":"https://fd9-photos.leclercdrive.fr/image.ashx?id=2901506&use=l&cat=p&typeid=i","cat":284640},{"id":257214,"n":"Capsules lave-vaisselle Finish Quantum Citron - x30 - 312g","p":6.46,"u":"20,71 €/KG","img":"https://fd9-photos.leclercdrive.fr/image.ashx?id=2926618&use=l&cat=p&typeid=i","cat":284656},{"id":257215,"n":"Capsules lave-vaisselle Finish Quantum - x30 - 312g","p":6.7,"u":"21,47 €/KG","img":"https://fd9-photos.leclercdrive.fr/image.ashx?id=2884627&use=l&cat=p&typeid=i","cat":284656},{"id":257217,"n":"Capsules lave-vaisselle Finish Ultimate citron - x26 - 335g","p":7.09,"u":"21,23 €/KG","img":"https://fd9-photos.leclercdrive.fr/image.ashx?id=2884630&use=l&cat=p&typeid=i","cat":284656},{"id":257218,"n":"Capsules lave-vaisselle Finish Ultimate - x26 - 335g","p":6.93,"u":"20,69 €/KG","img":"https://fd9-photos.leclercdrive.fr/image.ashx?id=2884633&use=l&cat=p&typeid=i","cat":284656},{"id":257219,"n":"Capsules lave-vaisselle Finish Ultimate Plus Citron x22 - 268g","p":6.44,"u":"24,03 €/KG","img":"https://fd9-photos.leclercdrive.fr/image.ashx?id=2884636&use=l&cat=p&typeid=i","cat":284656},{"id":257220,"n":"Gel lave-vaisselle Finish Power - 900ml","p":6.44,"u":"7,16 €/L","img":"https://fd9-photos.leclercdrive.fr/image.ashx?id=2884639&use=l&cat=p&typeid=i","cat":284656},{"id":257225,"n":"Gel lave-vaisselle Finish Power - Citron - 900ml","p":5.75,"u":"6,39 €/L","img":"https://fd9-photos.leclercdrive.fr/image.ashx?id=2884642&use=l&cat=p&typeid=i","cat":284656},{"id":257230,"n":"Désinfectant linge Sanytol Stop Odeurs Fleurs blanches 500ml","p":3.69,"u":"7,38 €/L","img":"https://fd9-photos.leclercdrive.fr/image.ashx?id=2961960&use=l&cat=p&typeid=i","cat":290451},{"id":257231,"n":"Désinfectant linge Sanytol Stop Odeurs Fleurs Blanches 1L","p":6.09,"u":"6,09 €/L","img":"https://fd9-photos.leclercdrive.fr/image.ashx?id=2884312&use=l&cat=p&typeid=i","cat":290451},{"id":257232,"n":"Capsules Lave-Vaisselle SUN  Pro-Expert Regular 38 lavages","p":7.9,"u":"13,86 €/KG","img":"https://fd9-photos.leclercdrive.fr/image.ashx?id=2907728&use=l&cat=p&typeid=i","cat":284656},{"id":257240,"n":"Déodorant homme Adidas Sport fresh - 150ml","p":3.72,"u":"24,80 €/L","img":"https://fd9-photos.leclercdrive.fr/image.ashx?id=2884606&use=l&cat=p&typeid=i","cat":284618},{"id":257251,"n":"Capsules Lave-Vaisselle SUN  Pro-Expert Citron 38 lavages","p":7.9,"u":"13,86 €/KG","img":"https://fd9-photos.leclercdrive.fr/image.ashx?id=2991039&use=l&cat=p&typeid=i","cat":284656},{"id":257277,"n":"Bâtonnets surimi moelleux Fleury Michon x12 - 180g","p":1.72,"u":"9,56 €/KG","img":"https://fd9-photos.leclercdrive.fr/image.ashx?id=2936920&use=l&cat=p&typeid=i","cat":285189},{"id":257278,"n":"Bâtonnets surimi moelleux Fleury Michon x18 - 270g","p":2.48,"u":"9,19 €/KG","img":"https://fd9-photos.leclercdrive.fr/image.ashx?id=2936923&use=l&cat=p&typeid=i","cat":285189},{"id":257280,"n":"Bâtonnets surimi moelleux Fleury Michon x30 - 450g","p":3.53,"u":"7,84 €/KG","img":"https://fd9-photos.leclercdrive.fr/image.ashx?id=2936929&use=l&cat=p&typeid=i","cat":285189},{"id":257322,"n":"Nectar Bio Pressade Orange - 1.5L","p":2.49,"u":"1,66 €/L","img":"https://fd9-photos.leclercdrive.fr/image.ashx?id=2885357&use=l&cat=p&typeid=i","cat":284521},{"id":257340,"n":"Complément alimentaire Doriance Autobronzant & protection x90","p":19.37,"img":"https://fd9-photos.leclercdrive.fr/image.ashx?id=2887029&use=l&cat=p&typeid=i","cat":301268},{"id":257342,"n":"Après-shampooing Klorane  Figuier - 200ML","p":11.69,"u":"58,45 €/L","img":"https://fd9-photos.leclercdrive.fr/image.ashx?id=2886840&use=l&cat=p&typeid=i","cat":290398},{"id":257346,"n":"Masque cheveux Klorane Repuplant - Figuier - 250ml","p":18.07,"u":"72,28 €/L","img":"https://fd9-photos.leclercdrive.fr/image.ashx?id=2885360&use=l&cat=p&typeid=i","cat":290399},{"id":257351,"n":"Patchs yeux lissants Klorane Défatigants - Bleut Bio - x7","p":18.49,"img":"https://fd9-photos.leclercdrive.fr/image.ashx?id=2985135&use=l&cat=p&typeid=i","cat":291172},{"id":257354,"n":"Shampooing Klorane Quinine Traitement Anti-chute - 100ml","p":31.87,"u":"318,70 €/L","img":"https://fd9-photos.leclercdrive.fr/image.ashx?id=2885363&use=l&cat=p&typeid=i","cat":290400},{"id":257355,"n":"Soin concentré CeraVe Anti-imperfections - 40ml","p":11.59,"u":"289,75 €/L","img":"https://fd9-photos.leclercdrive.fr/image.ashx?id=2889040&use=l&cat=p&typeid=i","cat":291166},{"id":257357,"n":"Dentifrice Elgydium Pierre Fabr Dents sensibles - 2x75ml","p":6.92,"u":"46,13 €/L","img":"https://fd9-photos.leclercdrive.fr/image.ashx?id=2884573&use=l&cat=p&typeid=i","cat":290419},{"id":257361,"n":"Dentifrice Junior Elgydium Asterix - Menthe 7-12 ans 50ml","p":3.96,"u":"79,20 €/L","img":"https://fd9-photos.leclercdrive.fr/image.ashx?id=2887002&use=l&cat=p&typeid=i","cat":290418},{"id":257364,"n":"Soin teinté La Roche-Posay Effaclar Duo+M Unifiant - 40ml","p":15.5,"u":"387,50 €/L","img":"https://fd9-photos.leclercdrive.fr/image.ashx?id=2926425&use=l&cat=p&typeid=i","cat":291166},{"id":257366,"n":"Huile de douche Atoderm Bioderm Bioderma - 1L","p":12.48,"u":"12,48 €/L","img":"https://fd9-photos.leclercdrive.fr/image.ashx?id=2887059&use=l&cat=p&typeid=i","cat":301591},{"id":257369,"n":"Crème jour Nuxe Nuxuriance Ultra - Anti-âge global - 50ml","p":39.5,"u":"790,00 €/L","img":"https://fd9-photos.leclercdrive.fr/image.ashx?id=2889019&use=l&cat=p&typeid=i","cat":291168},{"id":257370,"n":"Huile prodigieuse Or Nuxe Florale - 50ml","p":18.89,"u":"377,80 €/L","img":"https://fd9-photos.leclercdrive.fr/image.ashx?id=2889022&use=l&cat=p&typeid=i","cat":290422},{"id":257371,"n":"Sérum visage Nuxe Zinc poxwer - 30ml","p":26.1,"u":"870,00 €/L","img":"https://fd9-photos.leclercdrive.fr/image.ashx?id=2889025&use=l&cat=p&typeid=i","cat":291166},{"id":257374,"n":"Gel nettoyant Nuxe Zinc Power - 150ml","p":13.99,"u":"93,27 €/L","img":"https://fd9-photos.leclercdrive.fr/image.ashx?id=2889028&use=l&cat=p&typeid=i","cat":301587},{"id":257375,"n":"Eau micellaire Nuxe Very Rose Démaquillante Apaisante 200ml","p":11.99,"u":"0,06 €/M3","img":"https://fd9-photos.leclercdrive.fr/image.ashx?id=2889031&use=l&cat=p&typeid=i","cat":301587},{"id":257382,"n":"Serum lèvres Nuxe Very Rose Repulpant - 8ml","p":14.6,"img":"https://fd9-photos.leclercdrive.fr/image.ashx?id=2889034&use=l&cat=p&typeid=i","cat":291172},{"id":257383,"n":"Soin d'exception Nuxe Nuxuriance Ultra - 75ml","p":59.99,"u":"799,87 €/L","img":"https://fd9-photos.leclercdrive.fr/image.ashx?id=2889037&use=l&cat=p&typeid=i","cat":291168},{"id":257388,"n":"Eau micellaire Bioderma Hydrabio H20 - 500ml","p":12.56,"u":"25,12 €/L","img":"https://fd9-photos.leclercdrive.fr/image.ashx?id=2979953&use=l&cat=p&typeid=i","cat":301587},{"id":257389,"n":"Crème Créaline Bioderma Anti-rougeurs - 40ml","p":15.98,"u":"399,50 €/L","img":"https://fd9-photos.leclercdrive.fr/image.ashx?id=2887062&use=l&cat=p&typeid=i","cat":291171},{"id":257606,"n":"Cappelletti Rana jambon cru 250g","p":3.28,"u":"13,12 €/KG","img":"https://fd9-photos.leclercdrive.fr/image.ashx?id=2886358&use=l&cat=p&typeid=i","cat":333682},{"id":257609,"n":"Raviolis Rana 4 fromages 250g","p":3.37,"u":"13,48 €/KG","img":"https://fd9-photos.leclercdrive.fr/image.ashx?id=2886364&use=l&cat=p&typeid=i","cat":333682},{"id":257612,"n":"Tortellini Rana bacon, speck & mozzarella 250g","p":3.47,"u":"13,88 €/KG","img":"https://fd9-photos.leclercdrive.fr/image.ashx?id=2886370&use=l&cat=p&typeid=i","cat":333682},{"id":257858,"n":"Glace Magnum Chocolat blanc cookies - 168g","p":4.35,"u":"25,89 €/KG","img":"https://fd9-photos.leclercdrive.fr/image.ashx?id=2886409&use=l&cat=p&typeid=i","cat":284725},{"id":258295,"n":"Croissants fourrés Nutella  x4 - 340g","p":4.6,"u":"13,53 €/KG","img":"https://fd9-photos.leclercdrive.fr/image.ashx?id=2899749&use=l&cat=p&typeid=i","cat":284267},{"id":258299,"n":"Lasagnes William Saurin Bolognaise pure boeuf - 300g","p":2.59,"u":"8,63 €/KG","img":"https://fd9-photos.leclercdrive.fr/image.ashx?id=2916012&use=l&cat=p&typeid=i","cat":284953},{"id":258301,"n":"Spaghetti William Saurin Bolognaise pure boeuf - 300g","p":2.7,"u":"9,00 €/KG","img":"https://fd9-photos.leclercdrive.fr/image.ashx?id=2939517&use=l&cat=p&typeid=i","cat":284953},{"id":258303,"n":"Poulet basquaise William Saurin 285g","p":2.69,"u":"9,44 €/KG","img":"https://fd9-photos.leclercdrive.fr/image.ashx?id=2928564&use=l&cat=p&typeid=i","cat":284953},{"id":258304,"n":"Poulet William Saurin à la crème - 280g","p":2.69,"u":"9,61 €/KG","img":"https://fd9-photos.leclercdrive.fr/image.ashx?id=2939520&use=l&cat=p&typeid=i","cat":284953},{"id":258305,"n":"Risotto William Saurin poulet et champignons - 280g","p":2.6,"u":"9,29 €/KG","img":"https://fd9-photos.leclercdrive.fr/image.ashx?id=2912113&use=l&cat=p&typeid=i","cat":284953},{"id":258308,"n":"Torsades saumon William Saurin Crème et aneth - 280g","p":2.7,"u":"9,64 €/KG","img":"https://fd9-photos.leclercdrive.fr/image.ashx?id=2916009&use=l&cat=p&typeid=i","cat":284953},{"id":258309,"n":"Merlu blanc William Saurin Riz et légumes - 300g","p":2.64,"u":"8,80 €/KG","img":"https://fd9-photos.leclercdrive.fr/image.ashx?id=2986392&use=l&cat=p&typeid=i","cat":284953},{"id":258310,"n":"Blanquette William Saurin Veau et riz - 285g","p":2.95,"u":"10,35 €/KG","img":"https://fd9-photos.leclercdrive.fr/image.ashx?id=2906286&use=l&cat=p&typeid=i","cat":284953},{"id":258312,"n":"Bourguignon William Saurin Boeuf - 300g","p":2.89,"u":"9,63 €/KG","img":"https://fd9-photos.leclercdrive.fr/image.ashx?id=2906289&use=l&cat=p&typeid=i","cat":284953},{"id":258313,"n":"Bières Desperados Sunlight  cerise/grenade 4° - 3x33cl","p":3.91,"u":"3,95 €/L","img":"https://fd9-photos.leclercdrive.fr/image.ashx?id=2899401&use=l&cat=p&typeid=i","cat":334878},{"id":258314,"n":"Hachis William Saurin Parmentier pur boeuf - 300g","p":2.94,"u":"9,80 €/KG","img":"https://fd9-photos.leclercdrive.fr/image.ashx?id=2906292&use=l&cat=p&typeid=i","cat":284953},{"id":258321,"n":"Dentifrice soin Elmex Sensitive expert - 75ml","p":6.02,"u":"80,27 €/L","img":"https://fd9-photos.leclercdrive.fr/image.ashx?id=2888205&use=l&cat=p&typeid=i","cat":284612},{"id":258339,"n":"Glace Kinder Bueno Cônes noisettes x6 - 372g","p":6.45,"u":"17,34 €/KG","img":"https://fd9-photos.leclercdrive.fr/image.ashx?id=2891334&use=l&cat=p&typeid=i","cat":284264},{"id":258363,"n":"Bières Softiz Sans alcool  Saveur citron - 6x27,5cl","p":3.08,"u":"1,87 €/L","img":"https://fd9-photos.leclercdrive.fr/image.ashx?id=2887431&use=l&cat=p&typeid=i","cat":334877},{"id":258366,"n":"Bières Softiz Sans alcool  Saveur mojito - 6x27,5cl","p":3.02,"u":"1,83 €/L","img":"https://fd9-photos.leclercdrive.fr/image.ashx?id=2887428&use=l&cat=p&typeid=i","cat":334877},{"id":258387,"n":"Bières Desperados Sunlight  mangue/passion 4° - 3x33cl","p":3.91,"u":"3,95 €/L","img":"https://fd9-photos.leclercdrive.fr/image.ashx?id=2977990&use=l&cat=p&typeid=i","cat":334878},{"id":258543,"n":"Infuse à froid Lipton Grenade Hibiscus -x15 -38g","p":3.19,"u":"83,95 €/KG","img":"https://fd9-photos.leclercdrive.fr/image.ashx?id=2907376&use=l&cat=p&typeid=i","cat":293234},{"id":258544,"n":"Lipton infuse à Froid Rooibos  Mangue - x15 sachets -33g","p":2.55,"u":"77,27 €/KG","img":"https://fd9-photos.leclercdrive.fr/image.ashx?id=2908762&use=l&cat=p&typeid=i","cat":293234},{"id":258545,"n":"Infusion à froid Elephant Detox x15 sachets -34g","p":3.18,"u":"6,24 €/KG","img":"https://fd9-photos.leclercdrive.fr/image.ashx?id=2912584&use=l&cat=p&typeid=i","cat":293234},{"id":258606,"n":"Soda Fanta Orange  Bouteille - 1.25L","p":1.59,"u":"1,27 €/L","img":"https://fd9-photos.leclercdrive.fr/image.ashx?id=2924752&use=l&cat=p&typeid=i","cat":284532},{"id":258713,"n":"Chewing-gum Hollywood Menthe verte 5x10 - 70g","p":1.44,"u":"20,57 €/KG","img":"https://fd9-photos.leclercdrive.fr/image.ashx?id=3001539&use=l&cat=p&typeid=i","cat":304251},{"id":259184,"n":"Préservatifs Durex Classic Jeans - x20","p":7.01,"img":"https://fd9-photos.leclercdrive.fr/image.ashx?id=2892433&use=l&cat=p&typeid=i","cat":284631},{"id":259220,"n":"Préparation Francine  Flan patissier - 720g","p":3.26,"u":"4,53 €/KG","img":"https://fd9-photos.leclercdrive.fr/image.ashx?id=2892514&use=l&cat=p&typeid=i","cat":284506},{"id":259225,"n":"Préparation Francine  Focaccia - 510g","p":1.92,"u":"3,76 €/KG","img":"https://fd9-photos.leclercdrive.fr/image.ashx?id=2892517&use=l&cat=p&typeid=i","cat":284503},{"id":259249,"n":"Bière aromatisée Somersby Pomme 4,5° - 3x27,5cl","p":3.9,"u":"4,73 €/L","img":"https://fd9-photos.leclercdrive.fr/image.ashx?id=2892460&use=l&cat=p&typeid=i","cat":334878},{"id":259253,"n":"Bière aromatisée Somersby Framboise 4,5° - 3x27,5cl","p":4.07,"u":"4,93 €/L","img":"https://fd9-photos.leclercdrive.fr/image.ashx?id=2892466&use=l&cat=p&typeid=i","cat":334878},{"id":259262,"n":"Bière blonde Stella Artois 5,2% - 6x25cl","p":5.71,"u":"3,81 €/L","img":"https://fd9-photos.leclercdrive.fr/image.ashx?id=2944371&use=l&cat=p&typeid=i","cat":334873},{"id":259263,"n":"Bière blonde Stella Artois 5,2% - 12x25cl","p":9.5,"pp":6.27,"u":"2,09 €/L","img":"https://fd9-photos.leclercdrive.fr/image.ashx?id=2971754&use=l&cat=p&typeid=i","cat":334873},{"id":259282,"n":"Bière blonde 8.6 Original - 8.6% - 8x50cl","p":10.25,"u":"2,56 €/L","img":"https://fd9-photos.leclercdrive.fr/image.ashx?id=3001527&use=l&cat=p&typeid=i","cat":334853},{"id":259292,"n":"Complément alimentaire Granions Collagène+ Beauté - 265g","p":19.89,"u":"75,06 €/KG","img":"https://fd9-photos.leclercdrive.fr/image.ashx?id=2892904&use=l&cat=p&typeid=i","cat":301266},{"id":259302,"n":"Produit vaisselle recharge  Paic -900ml","p":4.94,"u":"5,49 €/L","img":"https://fd9-photos.leclercdrive.fr/image.ashx?id=2893156&use=l&cat=p&typeid=i","cat":284655},{"id":259310,"n":"Produit vaisselle easy  Paic -900ml","p":3.58,"u":"3,98 €/L","img":"https://fd9-photos.leclercdrive.fr/image.ashx?id=2983516&use=l&cat=p&typeid=i","cat":284655},{"id":259321,"n":"Pain burger Jacquet Géant brioché x4 - 300g","p":1.66,"u":"5,53 €/KG","img":"https://fd9-photos.leclercdrive.fr/image.ashx?id=2991879&use=l&cat=p&typeid=i","cat":325067},{"id":259322,"n":"Pain burger Jacquet Nature x6 - 330g","p":1.33,"u":"4,03 €/KG","img":"https://fd9-photos.leclercdrive.fr/image.ashx?id=2991885&use=l&cat=p&typeid=i","cat":325067},{"id":259323,"n":"Burger Jacquet brioché Ultra moelleux x4 - 250g","p":1.75,"u":"7,00 €/KG","img":"https://fd9-photos.leclercdrive.fr/image.ashx?id=3010984&use=l&cat=p&typeid=i","cat":325067},{"id":259558,"n":"Cappelletti Rana Jambon cru - 325g","p":2.9,"u":"8,92 €/KG","img":"https://fd9-photos.leclercdrive.fr/image.ashx?id=2893114&use=l&cat=p&typeid=i","cat":333682},{"id":259632,"n":"Nectar Bio Pressade Pomme - 1.5L","p":2.13,"u":"1,42 €/L","img":"https://fd9-photos.leclercdrive.fr/image.ashx?id=2892586&use=l&cat=p&typeid=i","cat":284522},{"id":260012,"n":"Coquilles Saint-Jacques à la bretonne - x10 - 900g","p":9.9,"u":"11,00 €/KG","img":"https://fd9-photos.leclercdrive.fr/image.ashx?id=2892601&use=l&cat=p&typeid=i","cat":319775},{"id":260214,"n":"Cookies BN Pépites aux 2 chocolats - 150g","p":1.91,"u":"12,73 €/KG","img":"https://fd9-photos.leclercdrive.fr/image.ashx?id=2901704&use=l&cat=p&typeid=i","cat":325066},{"id":260707,"n":"Serviettes hygiéniques Secure  Night Always ultra 2 x 18","p":7.74,"u":"0,22 €/P","img":"https://fd9-photos.leclercdrive.fr/image.ashx?id=2895080&use=l&cat=p&typeid=i","cat":284624},{"id":260713,"n":"Serviettes hygiéniques Jour &  Nuit Always ultra 2 x 22","p":7.74,"u":"0,18 €/P","img":"https://fd9-photos.leclercdrive.fr/image.ashx?id=2895068&use=l&cat=p&typeid=i","cat":284624},{"id":260719,"n":"Serviettes hygiéniques Normal Always ultra 2 x 34","p":7.66,"u":"0,11 €/P","img":"https://fd9-photos.leclercdrive.fr/image.ashx?id=2895071&use=l&cat=p&typeid=i","cat":284624},{"id":260793,"n":"Raviolis Rana 4 fromages  325g dont 30% offert","p":2.9,"u":"8,92 €/KG","img":"https://fd9-photos.leclercdrive.fr/image.ashx?id=2906859&use=l&cat=p&typeid=i","cat":333682},{"id":260800,"n":"Raviolis Rana tomate mozzarella 325g dont 30% offert","p":2.9,"u":"8,92 €/KG","img":"https://fd9-photos.leclercdrive.fr/image.ashx?id=2895939&use=l&cat=p&typeid=i","cat":333682},{"id":261040,"n":"Jambon végétal Happyvore 4 tranches - 120g","p":2.99,"u":"24,92 €/KG","img":"https://fd9-photos.leclercdrive.fr/image.ashx?id=2906637&use=l&cat=p&typeid=i","cat":316036},{"id":261292,"n":"Chewing-gum Hollywood  Menthe Verte sans sucres - 70g","p":2.02,"u":"28,86 €/KG","img":"https://fd9-photos.leclercdrive.fr/image.ashx?id=2987053&use=l&cat=p&typeid=i","cat":304251},{"id":261305,"n":"Chewing-gum Hollywood 2Fresh  Menthe Forte sans sucres 66g","p":1.61,"u":"24,39 €/KG","img":"https://fd9-photos.leclercdrive.fr/image.ashx?id=3011962&use=l&cat=p&typeid=i","cat":304251},{"id":261307,"n":"Chewing-gum Hollywood 2Fresh  Menthe Verte sans sucres -  66g","p":1.53,"u":"23,18 €/KG","img":"https://fd9-photos.leclercdrive.fr/image.ashx?id=3011959&use=l&cat=p&typeid=i","cat":304251},{"id":261419,"n":"Sun capsules Pro Expert  Citron -735g","p":10.08,"u":"13,71 €/KG","img":"https://fd9-photos.leclercdrive.fr/image.ashx?id=2905717&use=l&cat=p&typeid=i","cat":284656},{"id":261486,"n":"Maxi croquettes adulte Pedigree volaille - 12kg","p":28.35,"u":"2,36 €/KG","img":"https://fd9-photos.leclercdrive.fr/image.ashx?id=2897288&use=l&cat=p&typeid=i","cat":284672},{"id":261520,"n":"Bonbons La Vosgienne  Sève de Pin - 125g","p":1.63,"u":"13,04 €/KG","img":"https://fd9-photos.leclercdrive.fr/image.ashx?id=2901235&use=l&cat=p&typeid=i","cat":304256},{"id":261525,"n":"Sauté de lapin William Saurin 300g","p":3.23,"u":"10,77 €/KG","img":"https://fd9-photos.leclercdrive.fr/image.ashx?id=2905375&use=l&cat=p&typeid=i","cat":284953},{"id":261529,"n":"Basilic Panier du Primeur 20g","p":1.49,"u":"74,50 €/KG","img":"https://fd9-photos.leclercdrive.fr/image.ashx?id=2897874&use=l&cat=p&typeid=i","cat":293607},{"id":261535,"n":"Menthe Panier du Primeur 20g","p":1.49,"u":"74,50 €/KG","img":"https://fd9-photos.leclercdrive.fr/image.ashx?id=2899833&use=l&cat=p&typeid=i","cat":293607},{"id":262345,"n":"Soda Fanta Orange  Canette - Pack 6x33CL","p":3.58,"u":"1,81 €/L","img":"https://fd9-photos.leclercdrive.fr/image.ashx?id=2997241&use=l&cat=p&typeid=i","cat":284532},{"id":262867,"n":"Baume lèvres hydratant Labello x2","p":2.94,"u":"294,00 €/KG","img":"https://fd9-photos.leclercdrive.fr/image.ashx?id=2901581&use=l&cat=p&typeid=i","cat":285485},{"id":262868,"n":"Baume lèvre hydratant Labello","p":1.86,"u":"372,00 €/KG","img":"https://fd9-photos.leclercdrive.fr/image.ashx?id=2984676&use=l&cat=p&typeid=i","cat":285485},{"id":263107,"n":"Ben & Jerry's Glace en pot Sundae Marshmallow/ Smore 427ml","p":6.22,"u":"14,57 €/L","img":"https://fd9-photos.leclercdrive.fr/image.ashx?id=3009314&use=l&cat=p&typeid=i","cat":284725},{"id":263155,"n":"Ecrasé de ratatouille Yooji dès 8 mois 400g","p":4.98,"u":"12,45 €/KG","img":"https://fd9-photos.leclercdrive.fr/image.ashx?id=2901022&use=l&cat=p&typeid=i","cat":312236},{"id":263282,"n":"Désinfectant linge Textil 1,5L","p":1.99,"u":"1,33 €/L","img":"https://fd9-photos.leclercdrive.fr/image.ashx?id=2958768&use=l&cat=p&typeid=i","cat":290451},{"id":263322,"n":"Lessive liquide Chanteclair Marseille - x3 - 5.4L","p":17.0,"u":"3,15 €/L","img":"https://fd9-photos.leclercdrive.fr/image.ashx?id=2902394&use=l&cat=p&typeid=i","cat":284640},{"id":263698,"n":"Bière Softiz  Agrumes 6x27,5cl","p":3.33,"u":"2,02 €/L","img":"https://fd9-photos.leclercdrive.fr/image.ashx?id=2902529&use=l&cat=p&typeid=i","cat":334877},{"id":263712,"n":"Truite fumée Landvika 6 tranches 140g","p":4.99,"u":"35,64 €/KG","img":"https://fd9-photos.leclercdrive.fr/image.ashx?id=2904206&use=l&cat=p&typeid=i","cat":285188},{"id":263874,"n":"Cookie Balls Tiliz  Vanille - 108g","p":5.51,"u":"51,02 €/KG","img":"https://fd9-photos.leclercdrive.fr/image.ashx?id=2904377&use=l&cat=p&typeid=i","cat":284266},{"id":263891,"n":"Cookie Balls Tiliz  chocolat - 108g","p":5.48,"u":"50,74 €/KG","img":"https://fd9-photos.leclercdrive.fr/image.ashx?id=2904380&use=l&cat=p&typeid=i","cat":284266},{"id":263929,"n":"Crema bueno Aracao 200g","p":3.59,"u":"17,95 €/KG","img":"https://fd9-photos.leclercdrive.fr/image.ashx?id=2944290&use=l&cat=p&typeid=i","cat":284481},{"id":264431,"n":"Matière grasse végétale Flora Doux à tartiner - 250g","p":2.59,"u":"10,36 €/KG","img":"https://fd9-photos.leclercdrive.fr/image.ashx?id=2908381&use=l&cat=p&typeid=i","cat":315229},{"id":264694,"n":"Cheetos crispy Balls  90g","p":1.16,"u":"12,89 €/KG","img":"https://fd9-photos.leclercdrive.fr/image.ashx?id=2907962&use=l&cat=p&typeid=i","cat":284449},{"id":264696,"n":"Cheetos crunchy Fromage - 90g","p":1.16,"u":"12,89 €/KG","img":"https://fd9-photos.leclercdrive.fr/image.ashx?id=2907965&use=l&cat=p&typeid=i","cat":284449},{"id":264700,"n":"Cheetos crunchy Sweet Chili - 90g","p":1.16,"u":"12,89 €/KG","img":"https://fd9-photos.leclercdrive.fr/image.ashx?id=2907968&use=l&cat=p&typeid=i","cat":284449},{"id":264707,"n":"Cheetos original  135g","p":1.72,"u":"12,74 €/KG","img":"https://fd9-photos.leclercdrive.fr/image.ashx?id=2907956&use=l&cat=p&typeid=i","cat":284449},{"id":264708,"n":"Cheetos original  Fromage - 80g","p":1.16,"u":"14,50 €/KG","img":"https://fd9-photos.leclercdrive.fr/image.ashx?id=2907959&use=l&cat=p&typeid=i","cat":284449},{"id":264791,"n":"Biscuit au Pop corn P'tit Déli Fourrés chocolat au lait - 150g","p":1.89,"u":"12,60 €/KG","img":"https://fd9-photos.leclercdrive.fr/image.ashx?id=2907303&use=l&cat=p&typeid=i","cat":284488},{"id":264904,"n":"Le Classique soja  Garden Gourmet 173g","p":2.62,"u":"15,14 €/KG","img":"https://fd9-photos.leclercdrive.fr/image.ashx?id=2965319&use=l&cat=p&typeid=i","cat":316036},{"id":265152,"n":"Fromage apéritif Apéricube Soirée match 48 cubes 250g","p":4.17,"u":"16,68 €/KG","img":"https://fd9-photos.leclercdrive.fr/image.ashx?id=2908915&use=l&cat=p&typeid=i","cat":314027},{"id":265450,"n":"Martini rosso 14.5° - 1L","p":9.08,"u":"9,08 €/L","img":"https://fd9-photos.leclercdrive.fr/image.ashx?id=2941949&use=l&cat=p&typeid=i","cat":284913},{"id":265507,"n":"Kit plumeau Swiffer Anti-poussière +4 recharges","p":5.08,"img":"https://fd9-photos.leclercdrive.fr/image.ashx?id=2917106&use=l&cat=p&typeid=i","cat":325364},{"id":265514,"n":"Adoucissant Lenor collection Jasmin et rose de mai 1.155L","p":4.53,"u":"3,92 €/L","img":"https://fd9-photos.leclercdrive.fr/image.ashx?id=2912701&use=l&cat=p&typeid=i","cat":284650},{"id":265519,"n":"Adoucissant Lenor Fresh Air Jardins en fleurs - 504ml x36","p":4.53,"u":"8,99 €/L","img":"https://fd9-photos.leclercdrive.fr/image.ashx?id=2912686&use=l&cat=p&typeid=i","cat":284650},{"id":265799,"n":"Désodorisant Febreze Linge frais - x3 recharges","p":8.09,"u":"404,50 €/L","img":"https://fd9-photos.leclercdrive.fr/image.ashx?id=2912680&use=l&cat=p&typeid=i","cat":311629},{"id":265868,"n":"Lessive liquide Dash 2 en 1 Envolée d'air 40 lavages - 1.8L","p":10.3,"u":"5,72 €/L","img":"https://fd9-photos.leclercdrive.fr/image.ashx?id=2914858&use=l&cat=p&typeid=i","cat":284640},{"id":265894,"n":"Boisson Powerade Ice Storm 1L","p":2.34,"u":"2,34 €/L","img":"https://fd9-photos.leclercdrive.fr/image.ashx?id=2914132&use=l&cat=p&typeid=i","cat":284533},{"id":265920,"n":"Tablette lave-vaisselle Fairy  Platinium Anti-terne - 388g","p":9.7,"u":"25,00 €/KG","img":"https://fd9-photos.leclercdrive.fr/image.ashx?id=2914879&use=l&cat=p&typeid=i","cat":284656},{"id":265921,"n":"Capsules lave-vaisselle Fairy Platinium Plus anti-terne 388g","p":8.35,"u":"21,52 €/KG","img":"https://fd9-photos.leclercdrive.fr/image.ashx?id=2914189&use=l&cat=p&typeid=i","cat":284656},{"id":265931,"n":"Tablettes lave-vaisselle Fairy  Original Tout en 1 x34 - 473g","p":9.7,"u":"20,51 €/KG","img":"https://fd9-photos.leclercdrive.fr/image.ashx?id=2914198&use=l&cat=p&typeid=i","cat":284656},{"id":265934,"n":"Lessive liquide Skip Cycle court 2x37 - 2.960L","p":18.77,"u":"6,34 €/L","img":"https://fd9-photos.leclercdrive.fr/image.ashx?id=2914246&use=l&cat=p&typeid=i","cat":284640},{"id":265937,"n":"Lessive liquide Skip Couleur Protect 2x37 - 2.960L","p":19.11,"u":"6,46 €/L","img":"https://fd9-photos.leclercdrive.fr/image.ashx?id=2914249&use=l&cat=p&typeid=i","cat":284640},{"id":265939,"n":"Lessive liquide Skip  Odeur Control 2x37 - 2.960L","p":18.77,"u":"6,34 €/L","img":"https://fd9-photos.leclercdrive.fr/image.ashx?id=2914252&use=l&cat=p&typeid=i","cat":284640},{"id":265947,"n":"Dentifrice Sensodyne  Soin complet 3x75ml","p":9.83,"pp":5.9,"u":"26,22 €/L","img":"https://fd9-photos.leclercdrive.fr/image.ashx?id=3009023&use=l&cat=p&typeid=i","cat":284612},{"id":265950,"n":"Dentifrice Sensodyne Soin blancheur 3x75ml","p":9.83,"pp":5.9,"u":"26,22 €/L","img":"https://fd9-photos.leclercdrive.fr/image.ashx?id=3009026&use=l&cat=p&typeid=i","cat":284612},{"id":266078,"n":"Lessive liquide Persil Douceur d'amande - 2.565L x61","p":10.05,"u":"3,92 €/L","img":"https://fd9-photos.leclercdrive.fr/image.ashx?id=2944497&use=l&cat=p&typeid=i","cat":284640},{"id":266093,"n":"Adoucissant Lenor Envolée d'air - x55 - 1.155L","p":4.53,"u":"3,92 €/L","img":"https://fd9-photos.leclercdrive.fr/image.ashx?id=2914171&use=l&cat=p&typeid=i","cat":284650},{"id":266104,"n":"Lait corps nourissant Nivea Peaux sèches - 400ml","p":5.23,"u":"13,08 €/L","img":"https://fd9-photos.leclercdrive.fr/image.ashx?id=2977639&use=l&cat=p&typeid=i","cat":325349},{"id":266105,"n":"Nettoyant lave-vaisselle Finish Protector - 30g","p":3.54,"u":"118,00 €/KG","img":"https://fd9-photos.leclercdrive.fr/image.ashx?id=2914894&use=l&cat=p&typeid=i","cat":284657},{"id":266107,"n":"Gel WC Harpic Power Plus 750ml","p":2.13,"u":"2,84 €/L","img":"https://fd9-photos.leclercdrive.fr/image.ashx?id=2914027&use=l&cat=p&typeid=i","cat":284662},{"id":266110,"n":"Bloc WC Harpic Hygienic & Fresh 2.0 Agrume - x2","p":2.71,"img":"https://fd9-photos.leclercdrive.fr/image.ashx?id=2914633&use=l&cat=p&typeid=i","cat":284662},{"id":266111,"n":"Bloc WC Harpic Hygienic & Fresh 2.0 Marine - x2","p":2.71,"img":"https://fd9-photos.leclercdrive.fr/image.ashx?id=2914024&use=l&cat=p&typeid=i","cat":284662},{"id":266123,"n":"Jambon Sec fines et fondantes Aoste nature 4 tranches - 67g","p":2.78,"u":"41,49 €/KG","img":"https://fd9-photos.leclercdrive.fr/image.ashx?id=2937196&use=l&cat=p&typeid=i","cat":316007},{"id":266140,"n":"Capsules lave-vaisselle Finish Ultimate Plus - x47 - 573g","p":11.88,"pp":7.13,"u":"12,44 €/KG","img":"https://fd9-photos.leclercdrive.fr/image.ashx?id=2914630&use=l&cat=p&typeid=i","cat":284656},{"id":266145,"n":"Adoucissant Lenor Fresh Air Soleil tropical - 504ml - x36","p":4.53,"u":"8,99 €/L","img":"https://fd9-photos.leclercdrive.fr/image.ashx?id=2914156&use=l&cat=p&typeid=i","cat":284650},{"id":266147,"n":"Parfum de linge Lenor Parfum d'Ariel - x13 - 155g","p":4.53,"u":"29,23 €/KG","img":"https://fd9-photos.leclercdrive.fr/image.ashx?id=2914159&use=l&cat=p&typeid=i","cat":325302},{"id":266149,"n":"Adoucissant Lenor Fresh Air Fraîcheur matinale 504ml - x36","p":4.53,"u":"8,99 €/L","img":"https://fd9-photos.leclercdrive.fr/image.ashx?id=2914150&use=l&cat=p&typeid=i","cat":284650},{"id":266157,"n":"Lessive capsules Ariel Pods Grandiose Original 762g x21","p":13.95,"u":"18,31 €/KG","img":"https://fd9-photos.leclercdrive.fr/image.ashx?id=2914180&use=l&cat=p&typeid=i","cat":284641},{"id":266162,"n":"Capsules lave-vaisselle Finish Quantum - 707g - x68","p":11.88,"pp":7.13,"u":"10,08 €/KG","img":"https://fd9-photos.leclercdrive.fr/image.ashx?id=2914627&use=l&cat=p&typeid=i","cat":284656},{"id":266163,"n":"Parfum de linge Lenor Jasmin & Rose de mai 155g x13","p":4.53,"u":"29,23 €/KG","img":"https://fd9-photos.leclercdrive.fr/image.ashx?id=2914162&use=l&cat=p&typeid=i","cat":325302},{"id":266166,"n":"Lessive capsules Ariel 3en1 Pods - Alpine - 546g - x30","p":13.13,"u":"24,05 €/KG","img":"https://fd9-photos.leclercdrive.fr/image.ashx?id=2914177&use=l&cat=p&typeid=i","cat":284641},{"id":266168,"n":"Lessive capsules Ariel 3en1 Pods - Alpine - 346g x19","p":9.69,"u":"28,01 €/KG","img":"https://fd9-photos.leclercdrive.fr/image.ashx?id=2914867&use=l&cat=p&typeid=i","cat":284641},{"id":266177,"n":"Adoucissant Soupline Lenor Ambre & orchidée - 1.155L x55","p":4.53,"u":"3,92 €/L","img":"https://fd9-photos.leclercdrive.fr/image.ashx?id=2914165&use=l&cat=p&typeid=i","cat":284650},{"id":266178,"n":"Adoucissant Lenor Envolée air - 882ml x42","p":4.48,"u":"5,08 €/L","img":"https://fd9-photos.leclercdrive.fr/image.ashx?id=2914168&use=l&cat=p&typeid=i","cat":284650},{"id":266181,"n":"Adoucissant Lenor Bouquet floral - 1.155L - x55","p":4.53,"u":"3,92 €/L","img":"https://fd9-photos.leclercdrive.fr/image.ashx?id=2914174&use=l&cat=p&typeid=i","cat":284650},{"id":266182,"n":"Adoucissant Lenor Ambre & orchidée - 882ml - x42","p":4.48,"u":"5,08 €/L","img":"https://fd9-photos.leclercdrive.fr/image.ashx?id=2914864&use=l&cat=p&typeid=i","cat":284650},{"id":266183,"n":"Adoucissant Lenor Jasmin & Rose de mai 882ml x42","p":4.49,"u":"5,09 €/L","img":"https://fd9-photos.leclercdrive.fr/image.ashx?id=2914861&use=l&cat=p&typeid=i","cat":284650},{"id":266199,"n":"Adoucissant Soupline Ultra Fraîcheur infinie rosée 800ml","p":5.95,"u":"7,44 €/L","img":"https://fd9-photos.leclercdrive.fr/image.ashx?id=2991027&use=l&cat=p&typeid=i","cat":284650},{"id":266201,"n":"Adoucissant Soupline Ultra Fraîcheur infinie lagon 800ml","p":6.69,"u":"8,36 €/L","img":"https://fd9-photos.leclercdrive.fr/image.ashx?id=2991024&use=l&cat=p&typeid=i","cat":284650},{"id":266203,"n":"Adoucissant Soupline Ultra concentré Rose éclatante 800 ml","p":6.48,"u":"8,10 €/L","img":"https://fd9-photos.leclercdrive.fr/image.ashx?id=2914210&use=l&cat=p&typeid=i","cat":284650},{"id":266206,"n":"Adoucissant Soupline Ultra concentré Fraicheur Azur 800 ml","p":5.92,"u":"7,40 €/L","img":"https://fd9-photos.leclercdrive.fr/image.ashx?id=2991030&use=l&cat=p&typeid=i","cat":284650},{"id":266232,"n":"Riz risotto Taureau Ailé 1kg","p":3.23,"u":"3,23 €/KG","img":"https://fd9-photos.leclercdrive.fr/image.ashx?id=2914696&use=l&cat=p&typeid=i","cat":284428},{"id":266252,"n":"Sardines Parmentier A l'huile de tournesol - 2x135g","p":2.89,"u":"10,70 €/KG","img":"https://fd9-photos.leclercdrive.fr/image.ashx?id=2913829&use=l&cat=p&typeid=i","cat":305146},{"id":266436,"n":"Lessive liquide Ariel Original - 1.575L - x35","p":9.88,"u":"6,27 €/L","img":"https://fd9-photos.leclercdrive.fr/image.ashx?id=2914813&use=l&cat=p&typeid=i","cat":284640},{"id":266438,"n":"Lessive liquide Ariel Protection fibres - 1.350ml x30","p":9.88,"u":"7,32 €/L","img":"https://fd9-photos.leclercdrive.fr/image.ashx?id=2914825&use=l&cat=p&typeid=i","cat":284640},{"id":266444,"n":"Lessive capsules Ariel 3en1 Original - 546g - x30","p":11.45,"u":"20,97 €/KG","img":"https://fd9-photos.leclercdrive.fr/image.ashx?id=2914834&use=l&cat=p&typeid=i","cat":284641},{"id":266445,"n":"Lessive capsules Ariel Pods+ Active - 554g - x26","p":12.53,"u":"22,62 €/KG","img":"https://fd9-photos.leclercdrive.fr/image.ashx?id=2914843&use=l&cat=p&typeid=i","cat":284641},{"id":266446,"n":"Lessive capsules Ariel Pods+ Active - 405g - x19","p":10.66,"u":"26,32 €/KG","img":"https://fd9-photos.leclercdrive.fr/image.ashx?id=2914849&use=l&cat=p&typeid=i","cat":284641},{"id":266448,"n":"Lessive capsules Ariel Pods Original - 346g - x19","p":9.69,"u":"28,01 €/KG","img":"https://fd9-photos.leclercdrive.fr/image.ashx?id=2914855&use=l&cat=p&typeid=i","cat":284641},{"id":266449,"n":"Lessive capsules Ariel Pods Grandiose Alpine x21 - 762g","p":12.53,"u":"16,44 €/KG","img":"https://fd9-photos.leclercdrive.fr/image.ashx?id=2970245&use=l&cat=p&typeid=i","cat":284641},{"id":266731,"n":"Gyoza aux légumes Yomia 220g","p":3.22,"u":"14,64 €/KG","img":"https://fd9-photos.leclercdrive.fr/image.ashx?id=2972059&use=l&cat=p&typeid=i","cat":319774},{"id":266755,"n":"Gel détartrant Canard WC Ecolabel - 750ml","p":2.47,"pp":1.63,"u":"2,17 €/L","img":"https://fd9-photos.leclercdrive.fr/image.ashx?id=2916390&use=l&cat=p&typeid=i","cat":284662},{"id":267005,"n":"Soda Coca-Cola Lemon Bouteille - 1,25L","p":1.74,"u":"1,39 €/L","img":"https://fd9-photos.leclercdrive.fr/image.ashx?id=2916435&use=l&cat=p&typeid=i","cat":284530},{"id":267199,"n":"Huile lavante La Roche Posay Lipikar AP - 1L","p":18.46,"u":"18,46 €/L","img":"https://fd9-photos.leclercdrive.fr/image.ashx?id=2919313&use=l&cat=p&typeid=i","cat":290422},{"id":267224,"n":"Complément alimentaire Granions Décontractant musculaire - 288g","p":17.79,"u":"61,77 €/KG","img":"https://fd9-photos.leclercdrive.fr/image.ashx?id=2916947&use=l&cat=p&typeid=i","cat":301268},{"id":267225,"n":"Complément alimentaire Granions Sublimlift - Citron - 330g","p":43.99,"u":"133,30 €/KG","img":"https://fd9-photos.leclercdrive.fr/image.ashx?id=2916950&use=l&cat=p&typeid=i","cat":301266},{"id":267226,"n":"Soin teinté La Roche-Posay Effaclar Duo+M Unifiant 40ml","p":15.98,"u":"399,50 €/L","img":"https://fd9-photos.leclercdrive.fr/image.ashx?id=2926428&use=l&cat=p&typeid=i","cat":291166},{"id":267227,"n":"Sérum anti-pigment Eucerin Sérum Duo - 30ml","p":32.98,"img":"https://fd9-photos.leclercdrive.fr/image.ashx?id=2916345&use=l&cat=p&typeid=i","cat":291168},{"id":267230,"n":"Soin de jour Eucerin Hyaluron-Filler +3x effect 50ML","p":27.88,"u":"557,60 €/L","img":"https://fd9-photos.leclercdrive.fr/image.ashx?id=2926816&use=l&cat=p&typeid=i","cat":291168},{"id":267231,"n":"Soin de jour Eucerin Hyaluron- Filler +Elasticity SPF15 - 50ml","p":36.56,"pp":27.42,"u":"548,40 €/L","img":"https://fd9-photos.leclercdrive.fr/image.ashx?id=2917025&use=l&cat=p&typeid=i","cat":291168},{"id":267238,"n":"Huile prodigieuse Or Nuxe 60ml","p":27.47,"u":"457,83 €/L","img":"https://fd9-photos.leclercdrive.fr/image.ashx?id=2920075&use=l&cat=p&typeid=i","cat":290422},{"id":267239,"n":"Mousse autobronzante Nuxe Sun - Hydratante - 150ml","p":19.58,"u":"130,53 €/L","img":"https://fd9-photos.leclercdrive.fr/image.ashx?id=2919283&use=l&cat=p&typeid=i","cat":290395},{"id":267240,"n":"Soin sans rinçage Nuxe Hair Prodigieux - 100ml","p":20.66,"u":"206,60 €/L","img":"https://fd9-photos.leclercdrive.fr/image.ashx?id=2919286&use=l&cat=p&typeid=i","cat":290399},{"id":267243,"n":"Soin de nuit Eucerin Hyaluron- Filler +Elasticity - 50ml","p":30.69,"pp":23.02,"u":"460,40 €/L","img":"https://fd9-photos.leclercdrive.fr/image.ashx?id=2917028&use=l&cat=p&typeid=i","cat":291168},{"id":267244,"n":"Soin de jour Eucerin Hyaluron- Filler +Elasticity SPF30 50ml","p":30.69,"pp":23.02,"u":"460,40 €/L","img":"https://fd9-photos.leclercdrive.fr/image.ashx?id=2917031&use=l&cat=p&typeid=i","cat":291168},{"id":267245,"n":"Soin de jour Eucerin Hyaluron- Filler +volume-Lift - 50ml","p":27.89,"pp":20.92,"u":"418,40 €/L","img":"https://fd9-photos.leclercdrive.fr/image.ashx?id=2916348&use=l&cat=p&typeid=i","cat":291168},{"id":267246,"n":"Huile solaire Or Nuxe Sun Gold Haute protection SPF50 150ml","p":24.08,"u":"160,53 €/L","img":"https://fd9-photos.leclercdrive.fr/image.ashx?id=2919292&use=l&cat=p&typeid=i","cat":290396},{"id":267247,"n":"Huile prodigieuse Nuxe 60ml","p":22.96,"u":"382,67 €/L","img":"https://fd9-photos.leclercdrive.fr/image.ashx?id=2919295&use=l&cat=p&typeid=i","cat":290422},{"id":267332,"n":"Adoucissant Cajoline Créations Souffle de fraîcheur 1.386L x66","p":5.57,"u":"4,02 €/L","img":"https://fd9-photos.leclercdrive.fr/image.ashx?id=2917109&use=l&cat=p&typeid=i","cat":284650},{"id":267335,"n":"Adoucissant Cajoline Créations Lavande & Rose blanche 1.386L","p":4.34,"u":"3,13 €/L","img":"https://fd9-photos.leclercdrive.fr/image.ashx?id=2917115&use=l&cat=p&typeid=i","cat":284650},{"id":267336,"n":"Adoucissant Cajoline Doux & Pur L'original - 1.386L x66","p":4.18,"u":"3,02 €/L","img":"https://fd9-photos.leclercdrive.fr/image.ashx?id=2917118&use=l&cat=p&typeid=i","cat":284650},{"id":267339,"n":"Adoucissant Cajoline Origines Fraîcheur Céleste 1.254L x66","p":5.35,"u":"4,27 €/L","img":"https://fd9-photos.leclercdrive.fr/image.ashx?id=2917121&use=l&cat=p&typeid=i","cat":284650},{"id":267371,"n":"Adoucissant Cajoline Créations Fleur de la passion 1.386L x66","p":4.18,"u":"3,02 €/L","img":"https://fd9-photos.leclercdrive.fr/image.ashx?id=2918107&use=l&cat=p&typeid=i","cat":284650},{"id":267391,"n":"Adoucissant Cajoline Origines Brise printanière 1.254L x66","p":9.23,"u":"7,36 €/L","img":"https://fd9-photos.leclercdrive.fr/image.ashx?id=2918110&use=l&cat=p&typeid=i","cat":284650},{"id":267954,"n":"Escalopes de poulet Eco+ x2 - 240g","p":2.99,"u":"12,46 €/KG","img":"https://fd9-photos.leclercdrive.fr/image.ashx?id=2918236&use=l&cat=p&typeid=i","cat":284336},{"id":267955,"n":"Escalopes de poulet Eco+ x5 - 600g","p":5.99,"u":"9,98 €/KG","img":"https://fd9-photos.leclercdrive.fr/image.ashx?id=2918239&use=l&cat=p&typeid=i","cat":284336},{"id":268005,"n":"Jambon cru Serrano Aoste  4 tranches - 67g","p":2.78,"u":"41,49 €/KG","img":"https://fd9-photos.leclercdrive.fr/image.ashx?id=2939844&use=l&cat=p&typeid=i","cat":316007},{"id":268011,"n":"Skyr Délisse Fruits rouges 4x100g","p":1.87,"u":"4,68 €/KG","img":"https://fd9-photos.leclercdrive.fr/image.ashx?id=2992609&use=l&cat=p&typeid=i","cat":315000},{"id":268019,"n":"Lessive liquide Persil Peaux sensibles - 3.612L x86","p":8.99,"u":"2,49 €/L","img":"https://fd9-photos.leclercdrive.fr/image.ashx?id=2920039&use=l&cat=p&typeid=i","cat":284640},{"id":268029,"n":"Culottes Pampers Baby-dry Pants Taille 7 - x29","p":14.38,"u":"0,50 €/P","img":"https://fd9-photos.leclercdrive.fr/image.ashx?id=2919934&use=l&cat=p&typeid=i","cat":290633},{"id":268030,"n":"Culottes Pampers Premium Protection Pants - Taille 4 x31","p":15.51,"u":"0,50 €/P","img":"https://fd9-photos.leclercdrive.fr/image.ashx?id=2919937&use=l&cat=p&typeid=i","cat":290633},{"id":268038,"n":"Couches Pampers Baby-dry Taille 4 - x43","p":14.3,"u":"0,33 €/P","img":"https://fd9-photos.leclercdrive.fr/image.ashx?id=2942003&use=l&cat=p&typeid=i","cat":284737},{"id":268039,"n":"Couches Pampers Baby-Dry Taille 5 - x38","p":15.02,"u":"0,40 €/P","img":"https://fd9-photos.leclercdrive.fr/image.ashx?id=2919976&use=l&cat=p&typeid=i","cat":284737},{"id":268041,"n":"Couches Pampers Baby-Dry Taille 2 - x56","p":15.51,"u":"0,28 €/P","img":"https://fd9-photos.leclercdrive.fr/image.ashx?id=2919982&use=l&cat=p&typeid=i","cat":284737},{"id":268042,"n":"Culottes Pampers Baby-Dry Pants Taille 5 - x36","p":14.78,"u":"0,41 €/P","img":"https://fd9-photos.leclercdrive.fr/image.ashx?id=2920006&use=l&cat=p&typeid=i","cat":290633},{"id":268050,"n":"Couches Pampers Baby-Dry Taille 6 - x33","p":15.67,"u":"0,47 €/P","img":"https://fd9-photos.leclercdrive.fr/image.ashx?id=2941994&use=l&cat=p&typeid=i","cat":284737},{"id":268052,"n":"Couches Pampers Baby-Dry Taille 5+ - x35","p":17.66,"u":"0,50 €/P","img":"https://fd9-photos.leclercdrive.fr/image.ashx?id=2942006&use=l&cat=p&typeid=i","cat":284737},{"id":268054,"n":"Couches Pampers Baby-Dry Taille 3 - x50","p":14.25,"u":"0,29 €/P","img":"https://fd9-photos.leclercdrive.fr/image.ashx?id=2919988&use=l&cat=p&typeid=i","cat":284737},{"id":268057,"n":"Couches Pampers Premium Protection Taille 2 - x54","p":15.68,"u":"0,29 €/P","img":"https://fd9-photos.leclercdrive.fr/image.ashx?id=2957392&use=l&cat=p&typeid=i","cat":284737},{"id":268063,"n":"Culottes Pampers Night Pants Taille 4 - x40","p":15.68,"u":"0,39 €/P","img":"https://fd9-photos.leclercdrive.fr/image.ashx?id=2919949&use=l&cat=p&typeid=i","cat":290633},{"id":268174,"n":"Culottes Pampers Night Pants Taille 6 - x30","p":18.15,"u":"0,61 €/P","img":"https://fd9-photos.leclercdrive.fr/image.ashx?id=2919952&use=l&cat=p&typeid=i","cat":290633},{"id":268175,"n":"Culottes Pampers Night Pants Taille 5 - x35","p":14.99,"u":"0,43 €/P","img":"https://fd9-photos.leclercdrive.fr/image.ashx?id=2919955&use=l&cat=p&typeid=i","cat":290633},{"id":268179,"n":"Culottes Pampers Premium Protection Pants - Taille 5 x29","p":15.01,"u":"0,52 €/P","img":"https://fd9-photos.leclercdrive.fr/image.ashx?id=3009245&use=l&cat=p&typeid=i","cat":290633},{"id":268180,"n":"Culottes Pampers Premium Protection Pants - Taille 6 x27","p":15.68,"u":"0,58 €/P","img":"https://fd9-photos.leclercdrive.fr/image.ashx?id=3009248&use=l&cat=p&typeid=i","cat":290633},{"id":268184,"n":"Couches Pampers Baby-Dry Taille 7 - x31","p":15.24,"u":"0,49 €/P","img":"https://fd9-photos.leclercdrive.fr/image.ashx?id=2941982&use=l&cat=p&typeid=i","cat":284737},{"id":268185,"n":"Couches Pampers Baby-Dry Taille 4+ - x39","p":15.54,"u":"0,40 €/P","img":"https://fd9-photos.leclercdrive.fr/image.ashx?id=2941997&use=l&cat=p&typeid=i","cat":284737},{"id":268187,"n":"Couches Pampers Premium Protection - Taille 6 x29","p":15.68,"u":"0,54 €/P","img":"https://fd9-photos.leclercdrive.fr/image.ashx?id=2919997&use=l&cat=p&typeid=i","cat":284737},{"id":268189,"n":"Couches Pampers Premium Protection Taille 3 x46","p":15.68,"u":"0,34 €/P","img":"https://fd9-photos.leclercdrive.fr/image.ashx?id=2991009&use=l&cat=p&typeid=i","cat":284737},{"id":268190,"n":"Couches Pampers Premium Protection Taille 5 x33","p":15.68,"u":"0,48 €/P","img":"https://fd9-photos.leclercdrive.fr/image.ashx?id=2991012&use=l&cat=p&typeid=i","cat":284737},{"id":268191,"n":"Culottes Pampers Baby-Dry Pants Taille 6 - x31","p":15.68,"u":"0,51 €/P","img":"https://fd9-photos.leclercdrive.fr/image.ashx?id=2920009&use=l&cat=p&typeid=i","cat":290633},{"id":268192,"n":"Culottes Pampers Baby-Dry Pants Taille 4 - x41","p":15.68,"u":"0,38 €/P","img":"https://fd9-photos.leclercdrive.fr/image.ashx?id=2920012&use=l&cat=p&typeid=i","cat":290633},{"id":268231,"n":"Penne Rigate Barilla  Protein + - 400g","p":2.08,"u":"5,20 €/KG","img":"https://fd9-photos.leclercdrive.fr/image.ashx?id=2919928&use=l&cat=p&typeid=i","cat":284427},{"id":268234,"n":"Spaghetti Barilla  Protein + - 400g","p":2.15,"u":"5,38 €/KG","img":"https://fd9-photos.leclercdrive.fr/image.ashx?id=2919931&use=l&cat=p&typeid=i","cat":284427},{"id":268236,"n":"Fusilli Barilla  Protein + - 400g","p":2.13,"u":"5,33 €/KG","img":"https://fd9-photos.leclercdrive.fr/image.ashx?id=2919925&use=l&cat=p&typeid=i","cat":284427},{"id":268346,"n":"Biscuits BN fourrés chocolat à la pâte à tartiner- x3 - 855g","p":6.44,"u":"7,53 €/KG","img":"https://fd9-photos.leclercdrive.fr/image.ashx?id=2921477&use=l&cat=p&typeid=i","cat":284488},{"id":268382,"n":"Escalope de veau *** L'Atelier Boucherie x1 - 140g","p":3.99,"u":"28,50 €/KG","img":"https://fd9-photos.leclercdrive.fr/image.ashx?id=2930573&use=l&cat=p&typeid=i","cat":284329},{"id":268384,"n":"Côte échine de porc L'Atelier Boucherie x2 - 350g","p":2.97,"u":"8,49 €/KG","img":"https://fd9-photos.leclercdrive.fr/image.ashx?id=2935573&use=l&cat=p&typeid=i","cat":284331},{"id":268385,"n":"Côte première de porc L'Atelier Boucherie x5 - 700g","p":5.59,"u":"7,99 €/KG","img":"https://fd9-photos.leclercdrive.fr/image.ashx?id=2930576&use=l&cat=p&typeid=i","cat":284331},{"id":268821,"n":"Couches Pampers Baby Dry x98","p":55.5,"u":"0,57 €/P","img":"https://fd9-photos.leclercdrive.fr/image.ashx?id=2922278&use=l&cat=p&typeid=i","cat":284737},{"id":268822,"n":"Couches Pampers Baby Dry Taille 5 x88","p":53.27,"u":"0,61 €/P","img":"https://fd9-photos.leclercdrive.fr/image.ashx?id=2922281&use=l&cat=p&typeid=i","cat":284737},{"id":268830,"n":"Pampers Baby Dry Taille 6 - x80","p":57.82,"u":"0,72 €/P","img":"https://fd9-photos.leclercdrive.fr/image.ashx?id=2922284&use=l&cat=p&typeid=i","cat":284737},{"id":269010,"n":"Crème compensatrice Ducray 50ml","p":14.14,"u":"282,80 €/L","img":"https://fd9-photos.leclercdrive.fr/image.ashx?id=2921681&use=l&cat=p&typeid=i","cat":291171},{"id":269137,"n":"Roquefort AOP Société douceur 100g","p":2.5,"u":"25,00 €/KG","img":"https://fd9-photos.leclercdrive.fr/image.ashx?id=2922539&use=l&cat=p&typeid=i","cat":314032},{"id":269161,"n":"Lessive liquide Persil  Bouquet de Provence - 1,806L","p":7.79,"u":"4,31 €/L","img":"https://fd9-photos.leclercdrive.fr/image.ashx?id=2924977&use=l&cat=p&typeid=i","cat":284640},{"id":269166,"n":"Lessive liquide Persil  Bouquet de Provence - 2,565L","p":9.87,"u":"3,85 €/L","img":"https://fd9-photos.leclercdrive.fr/image.ashx?id=2924980&use=l&cat=p&typeid=i","cat":284640},{"id":269176,"n":"Lessive liquide Skip  Peaux sensiles - 1,554L","p":12.02,"u":"7,73 €/L","img":"https://fd9-photos.leclercdrive.fr/image.ashx?id=2985669&use=l&cat=p&typeid=i","cat":284640},{"id":269335,"n":"Déodorant Adidas Pure game - 150ml","p":3.15,"u":"21,00 €/L","img":"https://fd9-photos.leclercdrive.fr/image.ashx?id=2924290&use=l&cat=p&typeid=i","cat":284618},{"id":269386,"n":"Lessive Liquide Persil Peaux Sensibles 43 lavages","p":7.79,"u":"4,31 €/L","img":"https://fd9-photos.leclercdrive.fr/image.ashx?id=2945838&use=l&cat=p&typeid=i","cat":284640},{"id":269912,"n":"P'tit gourmand Nestlé  Vanille - 4x100g","p":1.6,"u":"4,00 €/KG","img":"https://fd9-photos.leclercdrive.fr/image.ashx?id=2946278&use=l&cat=p&typeid=i","cat":312392},{"id":270365,"n":"Filets maquereaux Petit Navire Sauce catalane - 169g","p":1.72,"u":"10,18 €/KG","img":"https://fd9-photos.leclercdrive.fr/image.ashx?id=3010834&use=l&cat=p&typeid=i","cat":303868},{"id":270473,"n":"Dessert lacté Nestlé Biscuit dès 6mois - 4x100g","p":1.6,"u":"4,00 €/KG","img":"https://fd9-photos.leclercdrive.fr/image.ashx?id=2934914&use=l&cat=p&typeid=i","cat":312392},{"id":270679,"n":"Pâte a tartiner Nocciolata Bio cacao noisette - 400g","p":4.75,"u":"11,88 €/KG","img":"https://fd9-photos.leclercdrive.fr/image.ashx?id=2930412&use=l&cat=p&typeid=i","cat":284481},{"id":271245,"n":"Ramette de papier A4 75g Eco+ - 500 feuilles","p":3.39,"u":"0,01 €/P","img":"https://fd9-photos.leclercdrive.fr/image.ashx?id=2943142&use=l&cat=p&typeid=i","cat":284697},{"id":271285,"n":"Pepites de chocolat Vahiné  Brownies - 310g","p":3.37,"u":"10,87 €/KG","img":"https://fd9-photos.leclercdrive.fr/image.ashx?id=2936320&use=l&cat=p&typeid=i","cat":284505},{"id":271465,"n":"Préparation Vahiné  gaufres pancakes crepes - 240g","p":2.18,"u":"9,08 €/KG","img":"https://fd9-photos.leclercdrive.fr/image.ashx?id=2936323&use=l&cat=p&typeid=i","cat":284505},{"id":271840,"n":"Boisson orange  Pago Sans pulpe - 75cl","p":2.27,"u":"3,03 €/L","img":"https://fd9-photos.leclercdrive.fr/image.ashx?id=2940738&use=l&cat=p&typeid=i","cat":284521},{"id":271971,"n":"Déodorant bille Sanex Natur  Protect Aloe vera 50ml","p":6.5,"u":"130,00 €/L","img":"https://fd9-photos.leclercdrive.fr/image.ashx?id=2938310&use=l&cat=p&typeid=i","cat":284595},{"id":271978,"n":"Dentifrice Blancheur Signal White Now 3en1 blancheur 75ml","p":4.6,"u":"61,33 €/L","img":"https://fd9-photos.leclercdrive.fr/image.ashx?id=2985684&use=l&cat=p&typeid=i","cat":284612},{"id":271982,"n":"Dentifrice Blancheur Signal White Now 3en1 Charbon 75ml","p":4.42,"u":"58,93 €/L","img":"https://fd9-photos.leclercdrive.fr/image.ashx?id=2938340&use=l&cat=p&typeid=i","cat":284612},{"id":271995,"n":"Dentifrice Sensodyne  Sensibilité & gencives 75ml","p":4.81,"u":"64,13 €/L","img":"https://fd9-photos.leclercdrive.fr/image.ashx?id=2937799&use=l&cat=p&typeid=i","cat":284612},{"id":271998,"n":"Dentifrice Sensodyne Multi-protection 75ml","p":4.93,"u":"65,73 €/L","img":"https://fd9-photos.leclercdrive.fr/image.ashx?id=2937802&use=l&cat=p&typeid=i","cat":284612},{"id":272116,"n":"Chips Savour Poivre noir - 120g","p":1.65,"u":"13,75 €/KG","img":"https://fd9-photos.leclercdrive.fr/image.ashx?id=2933470&use=l&cat=p&typeid=i","cat":284447},{"id":272853,"n":"Confit de Canard 4 Cuisses -1kg Les Thomasines - IGP Sud Ouest","p":16.17,"u":"16,17 €/KG","img":"https://fd9-photos.leclercdrive.fr/image.ashx?id=2935005&use=l&cat=p&typeid=i","cat":284339},{"id":273426,"n":"Boisson énergisante Crazy Tiger 35cl","p":0.97,"u":"2,77 €/L","img":"https://fd9-photos.leclercdrive.fr/image.ashx?id=2955032&use=l&cat=p&typeid=i","cat":284533},{"id":273444,"n":"Riz Taureau Ailé 2x500g","p":3.15,"u":"3,15 €/KG","img":"https://fd9-photos.leclercdrive.fr/image.ashx?id=2963745&use=l&cat=p&typeid=i","cat":284428},{"id":273449,"n":"Riz basmati Taureau Ailé  2x500g","p":3.15,"u":"3,15 €/KG","img":"https://fd9-photos.leclercdrive.fr/image.ashx?id=2963748&use=l&cat=p&typeid=i","cat":284428},{"id":273467,"n":"Culotte Tena Silhouette Plus Noir - x10p","p":6.94,"u":"0,69 €/P","img":"https://fd9-photos.leclercdrive.fr/image.ashx?id=2951040&use=l&cat=p&typeid=i","cat":284628},{"id":273545,"n":"Biberon Easy Active Mama Pearl - 330ml","p":7.11,"img":"https://fd9-photos.leclercdrive.fr/image.ashx?id=2964354&use=l&cat=p&typeid=i","cat":290386},{"id":273546,"n":"Gel lavant La Roche-Posay Lipikar - 1L","p":11.27,"u":"11,27 €/L","img":"https://fd9-photos.leclercdrive.fr/image.ashx?id=3004996&use=l&cat=p&typeid=i","cat":301591},{"id":273549,"n":"Complément alimentaire Milical Draineur Agrume - 2x500ml","p":10.5,"u":"10,50 €/L","img":"https://fd9-photos.leclercdrive.fr/image.ashx?id=2963784&use=l&cat=p&typeid=i","cat":301267},{"id":273550,"n":"Complément alimentaire Milical Draineur Ananas - 2x500ml","p":10.5,"u":"10,50 €/L","img":"https://fd9-photos.leclercdrive.fr/image.ashx?id=2973931&use=l&cat=p&typeid=i","cat":301267},{"id":273842,"n":"Lait demi-écrémé Lactel  Vitamine D - 1L","p":1.21,"u":"1,21 €/L","img":"https://fd9-photos.leclercdrive.fr/image.ashx?id=2963166&use=l&cat=p&typeid=i","cat":284377},{"id":273864,"n":"Capsules lave-vaisselle Finish Ultimate - x57 - 735g","p":11.88,"pp":7.13,"u":"9,70 €/KG","img":"https://fd9-photos.leclercdrive.fr/image.ashx?id=3011593&use=l&cat=p&typeid=i","cat":284656},{"id":274343,"n":"Café dosettes Tassimo Milka x10","p":4.79,"u":"29,94 €/KG","img":"https://fd9-photos.leclercdrive.fr/image.ashx?id=2944461&use=l&cat=p&typeid=i","cat":293240},{"id":274347,"n":"Sauté de veau William Saurin Legumes - 280g","p":3.23,"u":"11,54 €/KG","img":"https://fd9-photos.leclercdrive.fr/image.ashx?id=2943984&use=l&cat=p&typeid=i","cat":284953},{"id":274348,"n":"Recettes terrine Lily's Kitchen 6x150g","p":9.37,"u":"10,41 €/KG","img":"https://fd9-photos.leclercdrive.fr/image.ashx?id=2944350&use=l&cat=p&typeid=i","cat":284673},{"id":274386,"n":"Friandises Lily's Kitchen au poulet - 70g","p":4.35,"u":"62,14 €/KG","img":"https://fd9-photos.leclercdrive.fr/image.ashx?id=2944933&use=l&cat=p&typeid=i","cat":294527},{"id":274395,"n":"Friandises Lily's Kitchen Poulet et Saumon - 70g","p":4.18,"u":"59,71 €/KG","img":"https://fd9-photos.leclercdrive.fr/image.ashx?id=2944936&use=l&cat=p&typeid=i","cat":294527},{"id":274410,"n":"Terrine Lily's Kitchen  Boeuf et légumes - 150g","p":1.81,"u":"12,07 €/KG","img":"https://fd9-photos.leclercdrive.fr/image.ashx?id=2944945&use=l&cat=p&typeid=i","cat":284673},{"id":274414,"n":"Terrine Lily's Kitchen Poulet, Dinde et légumes - 150g","p":1.81,"u":"12,07 €/KG","img":"https://fd9-photos.leclercdrive.fr/image.ashx?id=2944948&use=l&cat=p&typeid=i","cat":284673},{"id":274505,"n":"Yaourt à la Grecque Danone Vanille -4x110g","p":1.56,"u":"3,55 €/KG","img":"https://fd9-photos.leclercdrive.fr/image.ashx?id=2992738&use=l&cat=p&typeid=i","cat":314999},{"id":274506,"n":"Yaourt à la Grecque Danone Nature  - 4x110g","p":1.86,"u":"4,23 €/KG","img":"https://fd9-photos.leclercdrive.fr/image.ashx?id=2992732&use=l&cat=p&typeid=i","cat":314999},{"id":274528,"n":"Capsules lave-vaisselle Finish Quantum - Citron - 707g x68","p":11.88,"pp":7.13,"u":"10,08 €/KG","img":"https://fd9-photos.leclercdrive.fr/image.ashx?id=2945643&use=l&cat=p&typeid=i","cat":284656},{"id":274530,"n":"Capsules lave-vaisselle Finish Ultimate - Citron - 735g x57","p":11.88,"pp":7.13,"u":"9,70 €/KG","img":"https://fd9-photos.leclercdrive.fr/image.ashx?id=2945649&use=l&cat=p&typeid=i","cat":284656},{"id":274541,"n":"Yaourt à la Grecque Danone Stracciatella - 4x110g","p":1.56,"u":"3,55 €/KG","img":"https://fd9-photos.leclercdrive.fr/image.ashx?id=2992735&use=l&cat=p&typeid=i","cat":314999},{"id":274555,"n":"Yaourt à la Grecque Danone Caramel - 4x110g","p":2.5,"u":"5,68 €/KG","img":"https://fd9-photos.leclercdrive.fr/image.ashx?id=2992741&use=l&cat=p&typeid=i","cat":314999},{"id":274559,"n":"Yaourt à la Grecque Danone Coco - 4x110g","p":2.44,"u":"5,55 €/KG","img":"https://fd9-photos.leclercdrive.fr/image.ashx?id=3010990&use=l&cat=p&typeid=i","cat":314999},{"id":274571,"n":"Skyr protéiné Danone nature 0% MG - 825g","p":4.75,"u":"5,76 €/KG","img":"https://fd9-photos.leclercdrive.fr/image.ashx?id=2951028&use=l&cat=p&typeid=i","cat":315000},{"id":274596,"n":"Danone Skyr nature  x8 - 800g","p":3.13,"u":"3,91 €/KG","img":"https://fd9-photos.leclercdrive.fr/image.ashx?id=2960657&use=l&cat=p&typeid=i","cat":315000},{"id":274879,"n":"Dos de Merlu Sauvage MSC avec  peau PESCANOVA 360 g","p":6.37,"u":"17,69 €/KG","img":"https://fd9-photos.leclercdrive.fr/image.ashx?id=2946586&use=l&cat=p&typeid=i","cat":319786},{"id":275019,"n":"Pain Pinsa La Boulangère 230g","p":2.91,"u":"12,65 €/KG","img":"https://fd9-photos.leclercdrive.fr/image.ashx?id=2946607&use=l&cat=p&typeid=i","cat":284359},{"id":275203,"n":"Dessert lacté Ptit gourmand  Caramel - 4x10gg","p":1.6,"u":"4,00 €/KG","img":"https://fd9-photos.leclercdrive.fr/image.ashx?id=2978191&use=l&cat=p&typeid=i","cat":312392},{"id":275204,"n":"Semoule au lait P'tit gourmand 4x100g","p":1.6,"u":"4,00 €/KG","img":"https://fd9-photos.leclercdrive.fr/image.ashx?id=2978194&use=l&cat=p&typeid=i","cat":312392},{"id":275205,"n":"Dessert lacté P'tit Gourmand 4x100g","p":1.6,"u":"4,00 €/KG","img":"https://fd9-photos.leclercdrive.fr/image.ashx?id=2978197&use=l&cat=p&typeid=i","cat":312392},{"id":275238,"n":"Lingettes Carolin  Anti-bactériennes - x80","p":3.25,"u":"0,04 €/P","img":"https://fd9-photos.leclercdrive.fr/image.ashx?id=2946967&use=l&cat=p&typeid=i","cat":325358},{"id":275244,"n":"Dentifrice Sensodyne  Sensibilité et gencives -75ml","p":4.85,"u":"64,67 €/L","img":"https://fd9-photos.leclercdrive.fr/image.ashx?id=2947180&use=l&cat=p&typeid=i","cat":284612},{"id":275245,"n":"Dentifrice Sensodyne Blancheur - 75ml","p":4.61,"u":"61,47 €/L","img":"https://fd9-photos.leclercdrive.fr/image.ashx?id=2947183&use=l&cat=p&typeid=i","cat":284612},{"id":275248,"n":"Diffuseur électrique Airwick Fleur de cerisier - 19ml","p":11.49,"u":"604,74 €/L","img":"https://fd9-photos.leclercdrive.fr/image.ashx?id=2947063&use=l&cat=p&typeid=i","cat":311629},{"id":275401,"n":"Knacki Gourmande Herta  100% pur porc x4 - 280g","p":2.49,"u":"8,89 €/KG","img":"https://fd9-photos.leclercdrive.fr/image.ashx?id=2948827&use=l&cat=p&typeid=i","cat":316012},{"id":275404,"n":"Shampooing Dop Hair Argan - 480ml","p":2.9,"u":"6,04 €/L","img":"https://fd9-photos.leclercdrive.fr/image.ashx?id=2955372&use=l&cat=p&typeid=i","cat":284606},{"id":275405,"n":"Shampooing Dop Hair Amande - 480ml","p":2.74,"u":"5,71 €/L","img":"https://fd9-photos.leclercdrive.fr/image.ashx?id=2955369&use=l&cat=p&typeid=i","cat":284606},{"id":275409,"n":"Shampooing Dop Hair Antipelliculaire - 480ml","p":2.85,"u":"5,94 €/L","img":"https://fd9-photos.leclercdrive.fr/image.ashx?id=2955375&use=l&cat=p&typeid=i","cat":284606},{"id":275412,"n":"Shampooing Dop Hair Oeufs - 480ml","p":2.85,"u":"5,94 €/L","img":"https://fd9-photos.leclercdrive.fr/image.ashx?id=2954773&use=l&cat=p&typeid=i","cat":284606},{"id":275415,"n":"Gel douche enfance Dop Barbe à papa - 310ml","p":2.39,"u":"7,71 €/L","img":"https://fd9-photos.leclercdrive.fr/image.ashx?id=2955357&use=l&cat=p&typeid=i","cat":284594},{"id":275509,"n":"Shampooing Dessange Couleur - 280ml","p":4.71,"u":"16,82 €/L","img":"https://fd9-photos.leclercdrive.fr/image.ashx?id=2955405&use=l&cat=p&typeid=i","cat":284606},{"id":275528,"n":"Sérum Dessange Extrême 3 huiles - 110ml","p":9.3,"u":"84,55 €/L","img":"https://fd9-photos.leclercdrive.fr/image.ashx?id=2954624&use=l&cat=p&typeid=i","cat":284608},{"id":275529,"n":"Soin cheveux Dessange Nutri-richesse - 110ml","p":6.83,"u":"62,09 €/L","img":"https://fd9-photos.leclercdrive.fr/image.ashx?id=2955390&use=l&cat=p&typeid=i","cat":284608},{"id":275615,"n":"Gel douche Ushuaïa Minéraux marins - 280ml","p":2.67,"u":"9,54 €/L","img":"https://fd9-photos.leclercdrive.fr/image.ashx?id=3008791&use=l&cat=p&typeid=i","cat":284594},{"id":275616,"n":"Gel douche délassante Ushuaïa Huile essentielle d'Ylang 280ml","p":2.67,"u":"9,54 €/L","img":"https://fd9-photos.leclercdrive.fr/image.ashx?id=2949544&use=l&cat=p&typeid=i","cat":284594},{"id":275617,"n":"Gel douche Ushuaïa Orchidée - 280ml","p":2.58,"u":"9,21 €/L","img":"https://fd9-photos.leclercdrive.fr/image.ashx?id=2949541&use=l&cat=p&typeid=i","cat":284594},{"id":275618,"n":"Gel douche hydratant Ushuaïa Grenade - 280ml","p":2.61,"u":"9,32 €/L","img":"https://fd9-photos.leclercdrive.fr/image.ashx?id=2949550&use=l&cat=p&typeid=i","cat":284594},{"id":275619,"n":"Crème de douche Ushuaïa Lait de coco - 280ml","p":3.6,"u":"12,86 €/L","img":"https://fd9-photos.leclercdrive.fr/image.ashx?id=2949553&use=l&cat=p&typeid=i","cat":284594},{"id":275620,"n":"Gel douche tonifiant Ushuaïa Extrait de cèdre - 280ml","p":2.65,"u":"9,46 €/L","img":"https://fd9-photos.leclercdrive.fr/image.ashx?id=2949556&use=l&cat=p&typeid=i","cat":284594},{"id":275670,"n":"Eau minérale gazeuse Soleriade Aromatisée Citron 1 L","p":1.42,"u":"1,42 €/L","img":"https://fd9-photos.leclercdrive.fr/image.ashx?id=2949865&use=l&cat=p&typeid=i","cat":284536},{"id":275672,"n":"Eau minérale gazeuse Soleriade Aromatisée Citron Vert 1 L","p":1.42,"u":"1,42 €/L","img":"https://fd9-photos.leclercdrive.fr/image.ashx?id=2949868&use=l&cat=p&typeid=i","cat":284536},{"id":275681,"n":"Après-shampooing Dessange Nutri- extrême - 225ml","p":3.95,"u":"17,56 €/L","img":"https://fd9-photos.leclercdrive.fr/image.ashx?id=2954627&use=l&cat=p&typeid=i","cat":284607},{"id":275686,"n":"Shampooing Dessange Nutri-extrême - 280ml","p":3.43,"u":"12,25 €/L","img":"https://fd9-photos.leclercdrive.fr/image.ashx?id=2955411&use=l&cat=p&typeid=i","cat":284606},{"id":276028,"n":"Spray nettoyant Cillit Bang Expert crasse & calcaire - 1L","p":3.97,"u":"3,97 €/L","img":"https://fd9-photos.leclercdrive.fr/image.ashx?id=2950390&use=l&cat=p&typeid=i","cat":325357},{"id":276029,"n":"Spray nettoyant Cillit Bang  Expert Dégraissant Familial 1L","p":3.97,"u":"3,97 €/L","img":"https://fd9-photos.leclercdrive.fr/image.ashx?id=2950387&use=l&cat=p&typeid=i","cat":325357},{"id":276184,"n":"Ferrero Collection Arbre mixte  129g","p":7.57,"u":"58,68 €/KG","img":"https://fd9-photos.leclercdrive.fr/image.ashx?id=2952052&use=l&cat=p&typeid=i","cat":327595},{"id":276189,"n":"Chocolats Ferrero Prestige  256g","p":9.3,"u":"36,33 €/KG","img":"https://fd9-photos.leclercdrive.fr/image.ashx?id=2952112&use=l&cat=p&typeid=i","cat":327595},{"id":276191,"n":"Chocolats Ferrero Prestige  442g","p":14.27,"u":"32,29 €/KG","img":"https://fd9-photos.leclercdrive.fr/image.ashx?id=2952115&use=l&cat=p&typeid=i","cat":327595},{"id":276202,"n":"Kinder mini friends  Lait - 122g","p":3.87,"u":"31,72 €/KG","img":"https://fd9-photos.leclercdrive.fr/image.ashx?id=2952049&use=l&cat=p&typeid=i","cat":327592},{"id":276207,"n":"Kinder Bueno et mini eggs 193g","p":6.97,"u":"36,11 €/KG","img":"https://fd9-photos.leclercdrive.fr/image.ashx?id=2952109&use=l&cat=p&typeid=i","cat":327592},{"id":276208,"n":"Kinder Balls  Eclats de Noisettes - 164g","p":5.83,"u":"35,55 €/KG","img":"https://fd9-photos.leclercdrive.fr/image.ashx?id=2952088&use=l&cat=p&typeid=i","cat":327592},{"id":276209,"n":"Kinder Balls  Eclats de Bsicuits cacao - 164g","p":5.83,"u":"35,55 €/KG","img":"https://fd9-photos.leclercdrive.fr/image.ashx?id=2952091&use=l&cat=p&typeid=i","cat":327592},{"id":276210,"n":"Kinder Schokobons  200g","p":3.83,"u":"19,15 €/KG","img":"https://fd9-photos.leclercdrive.fr/image.ashx?id=2952911&use=l&cat=p&typeid=i","cat":327592},{"id":276212,"n":"Kinder happy moments  Ballotin - 184g","p":5.87,"u":"31,90 €/KG","img":"https://fd9-photos.leclercdrive.fr/image.ashx?id=2952046&use=l&cat=p&typeid=i","cat":327592},{"id":276214,"n":"Nutella Chausette  209g","p":9.79,"u":"46,84 €/KG","img":"https://fd9-photos.leclercdrive.fr/image.ashx?id=2952100&use=l&cat=p&typeid=i","cat":327592},{"id":276217,"n":"Coffret Animaux Merveilleux 140g","p":11.02,"u":"78,71 €/KG","img":"https://fd9-photos.leclercdrive.fr/image.ashx?id=2951971&use=l&cat=p&typeid=i","cat":327595},{"id":276218,"n":"Papillotes Equador chocolat  au lait fourrage praliné - 350g","p":7.59,"u":"21,69 €/KG","img":"https://fd9-photos.leclercdrive.fr/image.ashx?id=2951155&use=l&cat=p&typeid=i","cat":327597},{"id":276219,"n":"Papillotes Equador chocolat  Noir - 350g","p":7.59,"u":"21,69 €/KG","img":"https://fd9-photos.leclercdrive.fr/image.ashx?id=2951158&use=l&cat=p&typeid=i","cat":327597},{"id":276220,"n":"Papillotes Equador chocolat  Blanc et au lait - 350g","p":7.59,"u":"21,69 €/KG","img":"https://fd9-photos.leclercdrive.fr/image.ashx?id=2951161&use=l&cat=p&typeid=i","cat":327597},{"id":276258,"n":"Jambon Le Bon Paris Herta Sel réduit sans nitrite 8T - 280g","p":4.59,"u":"16,39 €/KG","img":"https://fd9-photos.leclercdrive.fr/image.ashx?id=2951764&use=l&cat=p&typeid=i","cat":316009},{"id":276261,"n":"Couches Pampers Baby Dry  XXL Taille 5 - x108","p":37.87,"u":"0,35 €/P","img":"https://fd9-photos.leclercdrive.fr/image.ashx?id=2954938&use=l&cat=p&typeid=i","cat":284737},{"id":276262,"n":"Couches Pambers Baby-Dry Taille 4 9-14kg - x120","p":37.87,"u":"0,32 €/P","img":"https://fd9-photos.leclercdrive.fr/image.ashx?id=2953058&use=l&cat=p&typeid=i","cat":284737},{"id":276348,"n":"Truffes Café The Belgian Café - 200g","p":3.95,"u":"19,75 €/KG","img":"https://fd9-photos.leclercdrive.fr/image.ashx?id=2952851&use=l&cat=p&typeid=i","cat":327600},{"id":276356,"n":"Assortiment café gourmand  Chevalier d'argouges - 140g","p":9.95,"pp":6.57,"u":"46,93 €/KG","img":"https://fd9-photos.leclercdrive.fr/image.ashx?id=2952685&use=l&cat=p&typeid=i","cat":327600},{"id":276365,"n":"Tuiles lait Hamlet Lait - 150g","p":5.49,"u":"36,60 €/KG","img":"https://fd9-photos.leclercdrive.fr/image.ashx?id=2953386&use=l&cat=p&typeid=i","cat":327600},{"id":276366,"n":"Tuiles noir Hamlet Noir -150g","p":5.49,"u":"36,60 €/KG","img":"https://fd9-photos.leclercdrive.fr/image.ashx?id=2952811&use=l&cat=p&typeid=i","cat":327600},{"id":276367,"n":"Tuiles lait caramel salé Hamlet Lait caramel -150g","p":5.49,"u":"36,60 €/KG","img":"https://fd9-photos.leclercdrive.fr/image.ashx?id=2952814&use=l&cat=p&typeid=i","cat":327600},{"id":276369,"n":"Nougat amande et noisette  Chabert & Guillot - 300g","p":11.95,"pp":7.89,"u":"26,30 €/KG","img":"https://fd9-photos.leclercdrive.fr/image.ashx?id=2952508&use=l&cat=p&typeid=i","cat":327605},{"id":276370,"n":"Nougat amande noix pécan et  épices Chabert & Guillot - 300g","p":11.95,"pp":7.89,"u":"26,30 €/KG","img":"https://fd9-photos.leclercdrive.fr/image.ashx?id=2952511&use=l&cat=p&typeid=i","cat":327605},{"id":276376,"n":"Père noël sous alu Rohan Moulage - 45g","p":1.11,"u":"24,67 €/KG","img":"https://fd9-photos.leclercdrive.fr/image.ashx?id=2952628&use=l&cat=p&typeid=i","cat":327592},{"id":276377,"n":"Père noël sous alu Rohan Moulage -100g","p":2.31,"u":"23,10 €/KG","img":"https://fd9-photos.leclercdrive.fr/image.ashx?id=2952631&use=l&cat=p&typeid=i","cat":327592},{"id":276381,"n":"Pièces en chocolat Fizzy 80g","p":1.88,"u":"23,50 €/KG","img":"https://fd9-photos.leclercdrive.fr/image.ashx?id=2952676&use=l&cat=p&typeid=i","cat":327592},{"id":276382,"n":"Boules fourrées Fizzy Chocolat au lait - 50g","p":8.81,"u":"176,20 €/KG","img":"https://fd9-photos.leclercdrive.fr/image.ashx?id=2952670&use=l&cat=p&typeid=i","cat":327592},{"id":276396,"n":"Casier l'original Abtey Chocolat noir liqueur x9 - 81g","p":3.42,"u":"42,22 €/KG","img":"https://fd9-photos.leclercdrive.fr/image.ashx?id=2969878&use=l&cat=p&typeid=i","cat":327601},{"id":276397,"n":"Sachet pn et rennes Riegelein moulage chocolat lait - 132g","p":4.15,"u":"31,44 €/KG","img":"https://fd9-photos.leclercdrive.fr/image.ashx?id=2952763&use=l&cat=p&typeid=i","cat":327592},{"id":276398,"n":"Sachet figurines Riegelein moulage chocolat lait - 184g","p":5.63,"u":"30,60 €/KG","img":"https://fd9-photos.leclercdrive.fr/image.ashx?id=2952769&use=l&cat=p&typeid=i","cat":327592},{"id":276400,"n":"Sachet composition Riegelein moulage chocolat lait - 150g","p":4.12,"u":"27,47 €/KG","img":"https://fd9-photos.leclercdrive.fr/image.ashx?id=2952784&use=l&cat=p&typeid=i","cat":327592},{"id":276402,"n":"Sachet déco sapin Riegelein moulage chocolat lait -150g","p":4.42,"u":"29,47 €/KG","img":"https://fd9-photos.leclercdrive.fr/image.ashx?id=2952766&use=l&cat=p&typeid=i","cat":327592},{"id":276403,"n":"Assortiment Riegelein moulage chocolat lait - 75g","p":2.16,"u":"28,80 €/KG","img":"https://fd9-photos.leclercdrive.fr/image.ashx?id=2952775&use=l&cat=p&typeid=i","cat":327592},{"id":276405,"n":"Assortiment rennes Riegelein moulage chocolat lait - 72g","p":2.16,"u":"30,00 €/KG","img":"https://fd9-photos.leclercdrive.fr/image.ashx?id=2952778&use=l&cat=p&typeid=i","cat":327592},{"id":276406,"n":"Assortiment pn Riegelein moulage chocolat lait - 75g","p":2.16,"u":"28,80 €/KG","img":"https://fd9-photos.leclercdrive.fr/image.ashx?id=2952781&use=l&cat=p&typeid=i","cat":327592},{"id":276434,"n":"Calendrier de l'avent Milka magic mix - 147g","p":9.79,"u":"66,60 €/KG","img":"https://fd9-photos.leclercdrive.fr/image.ashx?id=2963985&use=l&cat=p&typeid=i","cat":336112},{"id":276448,"n":"Lanvin Escargots Ballotin  Lait -164g","p":7.63,"u":"46,52 €/KG","img":"https://fd9-photos.leclercdrive.fr/image.ashx?id=2987014&use=l&cat=p&typeid=i","cat":327595},{"id":276449,"n":"Lanvin Escargots Ballotin  Noir - 164g","p":7.63,"u":"46,52 €/KG","img":"https://fd9-photos.leclercdrive.fr/image.ashx?id=2987017&use=l&cat=p&typeid=i","cat":327595},{"id":276450,"n":"Lanvin Escargots Ballotin  Blanc -164g","p":7.63,"u":"46,52 €/KG","img":"https://fd9-photos.leclercdrive.fr/image.ashx?id=2953016&use=l&cat=p&typeid=i","cat":327595},{"id":276451,"n":"Lanvin Escargots Ballotin  Lait caramel -164g","p":7.83,"u":"47,74 €/KG","img":"https://fd9-photos.leclercdrive.fr/image.ashx?id=2987011&use=l&cat=p&typeid=i","cat":327595},{"id":276458,"n":"Les Recettes de l'Atelier   Assortiment Hiver - 408g","p":14.75,"pp":11.06,"u":"27,11 €/KG","img":"https://fd9-photos.leclercdrive.fr/image.ashx?id=2953986&use=l&cat=p&typeid=i","cat":327595},{"id":276459,"n":"Chocolat Nestlé  Lait et noir - 198g","p":8.71,"u":"43,99 €/KG","img":"https://fd9-photos.leclercdrive.fr/image.ashx?id=2952998&use=l&cat=p&typeid=i","cat":327595},{"id":276461,"n":"Nestlé la Boite Rouge Saveurs de Noel - 385g","p":12.95,"pp":9.71,"u":"25,22 €/KG","img":"https://fd9-photos.leclercdrive.fr/image.ashx?id=2952995&use=l&cat=p&typeid=i","cat":327595},{"id":276462,"n":"Nestlé dessert truffes Noir - 250g","p":8.32,"u":"33,28 €/KG","img":"https://fd9-photos.leclercdrive.fr/image.ashx?id=2953040&use=l&cat=p&typeid=i","cat":327600},{"id":276463,"n":"Nestlé dessert truffes Lait - 250g","p":8.32,"u":"33,28 €/KG","img":"https://fd9-photos.leclercdrive.fr/image.ashx?id=2953046&use=l&cat=p&typeid=i","cat":327600},{"id":276464,"n":"Nestlé dessert truffes Noir 70 % - 250g","p":8.47,"u":"33,88 €/KG","img":"https://fd9-photos.leclercdrive.fr/image.ashx?id=2953043&use=l&cat=p&typeid=i","cat":327600},{"id":276465,"n":"Nestlé dessert truffes Noir 85 %  - 250g","p":8.32,"u":"33,28 €/KG","img":"https://fd9-photos.leclercdrive.fr/image.ashx?id=2953049&use=l&cat=p&typeid=i","cat":327600},{"id":276474,"n":"Assortiment variété Jacquot 250g","p":3.91,"u":"15,64 €/KG","img":"https://fd9-photos.leclercdrive.fr/image.ashx?id=2980710&use=l&cat=p&typeid=i","cat":327592},{"id":276484,"n":"Chocolats Ferrero Rocher  100g","p":3.64,"u":"36,40 €/KG","img":"https://fd9-photos.leclercdrive.fr/image.ashx?id=2952899&use=l&cat=p&typeid=i","cat":327600},{"id":276485,"n":"Chocolats Ferrero Rocher  525g","p":15.67,"u":"29,85 €/KG","img":"https://fd9-photos.leclercdrive.fr/image.ashx?id=2952962&use=l&cat=p&typeid=i","cat":327600},{"id":276489,"n":"Paipillotes Révillon Dubai  Style - 300g","p":11.44,"u":"38,13 €/KG","img":"https://fd9-photos.leclercdrive.fr/image.ashx?id=2952230&use=l&cat=p&typeid=i","cat":327597},{"id":276550,"n":"Biscuit sésame GERBLE - 5x4 220g","p":1.52,"u":"6,91 €/KG","img":"https://fd9-photos.leclercdrive.fr/image.ashx?id=2953803&use=l&cat=p&typeid=i","cat":318651},{"id":276946,"n":"Badoit bulles de fruits  Pamplemousse - 6x33cl","p":3.55,"u":"1,79 €/L","img":"https://fd9-photos.leclercdrive.fr/image.ashx?id=2954208&use=l&cat=p&typeid=i","cat":284537},{"id":276947,"n":"Badoit bulles de fruits  Fruits rouges - 6x33cl","p":4.95,"u":"2,50 €/L","img":"https://fd9-photos.leclercdrive.fr/image.ashx?id=2954205&use=l&cat=p&typeid=i","cat":284537},{"id":277478,"n":"Liégeois Pâtissier Danette  Paris Brest 4x90g","p":2.38,"u":"6,61 €/KG","img":"https://fd9-photos.leclercdrive.fr/image.ashx?id=2965930&use=l&cat=p&typeid=i","cat":285042},{"id":277479,"n":"Liégeois Pâtissier Danette Framboisier 4x90g","p":2.42,"u":"6,72 €/KG","img":"https://fd9-photos.leclercdrive.fr/image.ashx?id=2965924&use=l&cat=p&typeid=i","cat":285042},{"id":277480,"n":"Liégeois Pâtissier Danette Tiramisu 4x90g","p":2.4,"u":"6,67 €/KG","img":"https://fd9-photos.leclercdrive.fr/image.ashx?id=2965927&use=l&cat=p&typeid=i","cat":285042},{"id":277483,"n":"Skyr nature Danone 0% MG - 450g","p":2.05,"u":"4,56 €/KG","img":"https://fd9-photos.leclercdrive.fr/image.ashx?id=2966279&use=l&cat=p&typeid=i","cat":284409},{"id":277484,"n":"Danone Skyr fraise 4x100g","p":2.15,"u":"5,38 €/KG","img":"https://fd9-photos.leclercdrive.fr/image.ashx?id=2965903&use=l&cat=p&typeid=i","cat":315000},{"id":277490,"n":"Barre protéinée Hipro  Caramel 45g","p":1.85,"u":"41,11 €/KG","img":"https://fd9-photos.leclercdrive.fr/image.ashx?id=2966161&use=l&cat=p&typeid=i","cat":315000},{"id":277491,"n":"Barre protéinée Hipro Banane cacahuète 45g","p":1.85,"u":"41,11 €/KG","img":"https://fd9-photos.leclercdrive.fr/image.ashx?id=2966158&use=l&cat=p&typeid=i","cat":315000},{"id":277493,"n":"Yaourt protéiné Hipro nature 480g","p":2.8,"u":"5,83 €/KG","img":"https://fd9-photos.leclercdrive.fr/image.ashx?id=2965945&use=l&cat=p&typeid=i","cat":284409},{"id":277495,"n":"Yaourt protéiné Hipro Vanille 4x120g","p":3.26,"u":"6,79 €/KG","img":"https://fd9-photos.leclercdrive.fr/image.ashx?id=2965948&use=l&cat=p&typeid=i","cat":315000},{"id":277631,"n":"Shampooing régulateur Dessange Douce argile - 280ml","p":3.83,"u":"13,68 €/L","img":"https://fd9-photos.leclercdrive.fr/image.ashx?id=2957935&use=l&cat=p&typeid=i","cat":284606},{"id":277643,"n":"Gel douche Sanex Prebiotic surgras - 2x425ml","p":6.05,"u":"7,12 €/L","img":"https://fd9-photos.leclercdrive.fr/image.ashx?id=2957317&use=l&cat=p&typeid=i","cat":284594},{"id":278376,"n":"Crème lavante Calendula Corps et cheveyx - 400ml","p":9.49,"u":"23,73 €/L","img":"https://fd9-photos.leclercdrive.fr/image.ashx?id=2961032&use=l&cat=p&typeid=i","cat":290425},{"id":278377,"n":"Complément alimentaire Forté Probio + Flore intestinale x30","p":17.5,"img":"https://fd9-photos.leclercdrive.fr/image.ashx?id=2986684&use=l&cat=p&typeid=i","cat":301268},{"id":278570,"n":"Lessive liquide Le Chat  L'expert Bicarbonate - 1,8L","p":10.39,"u":"5,77 €/L","img":"https://fd9-photos.leclercdrive.fr/image.ashx?id=2962290&use=l&cat=p&typeid=i","cat":284640},{"id":278576,"n":"Gel douche Ushuaïa Orchidée - 490ml","p":4.2,"u":"8,57 €/L","img":"https://fd9-photos.leclercdrive.fr/image.ashx?id=3011557&use=l&cat=p&typeid=i","cat":284594},{"id":278577,"n":"Crème douche Ushuaïa Coco - 490ml","p":4.2,"u":"8,57 €/L","img":"https://fd9-photos.leclercdrive.fr/image.ashx?id=3011572&use=l&cat=p&typeid=i","cat":284594},{"id":278578,"n":"Gel douche Ushuaïa Minéraux marins - 490ml","p":4.18,"u":"8,53 €/L","img":"https://fd9-photos.leclercdrive.fr/image.ashx?id=3011563&use=l&cat=p&typeid=i","cat":284594},{"id":278617,"n":"Eau délicieuse Nuxe Sun Parfumante - 30ml","p":15.4,"u":"0,51 €/M3","img":"https://fd9-photos.leclercdrive.fr/image.ashx?id=2962611&use=l&cat=p&typeid=i","cat":301593},{"id":278618,"n":"Shampooing Nuxe Hair Brillance miroir - 400ML","p":22.77,"u":"56,93 €/MT","img":"https://fd9-photos.leclercdrive.fr/image.ashx?id=2970966&use=l&cat=p&typeid=i","cat":290400},{"id":278725,"n":"Saucisses knacki Herta Sel réduit x4 - 140g","p":1.71,"u":"12,21 €/KG","img":"https://fd9-photos.leclercdrive.fr/image.ashx?id=2965016&use=l&cat=p&typeid=i","cat":316012},{"id":278729,"n":"Croque-Monsieur Herta Maxi Mozzarella x2 - 310g","p":2.59,"u":"8,35 €/KG","img":"https://fd9-photos.leclercdrive.fr/image.ashx?id=2965013&use=l&cat=p&typeid=i","cat":333671},{"id":278791,"n":"Bière ambrée d'hiver Bellerose - 75cl - 7% vol.","p":4.49,"u":"5,99 €/L","img":"https://fd9-photos.leclercdrive.fr/image.ashx?id=2965118&use=l&cat=p&typeid=i","cat":334872},{"id":278904,"n":"Confiture Bonne Maman Framboise - 370g","p":2.33,"u":"6,30 €/KG","img":"https://fd9-photos.leclercdrive.fr/image.ashx?id=2967277&use=l&cat=p&typeid=i","cat":284480},{"id":279035,"n":"Savon de Marseille Le Chat 1,7L","p":9.53,"u":"5,61 €/L","img":"https://fd9-photos.leclercdrive.fr/image.ashx?id=2966569&use=l&cat=p&typeid=i","cat":284640},{"id":279402,"n":"Lessive souffle fraîcheur Le Chat  40 lavages - 1,8L","p":10.86,"u":"6,03 €/L","img":"https://fd9-photos.leclercdrive.fr/image.ashx?id=2967594&use=l&cat=p&typeid=i","cat":284640},{"id":279413,"n":"Baume masque Nuxe Hair Prodigieux - Réparation - 200ml","p":31.85,"u":"159,25 €/L","img":"https://fd9-photos.leclercdrive.fr/image.ashx?id=2970969&use=l&cat=p&typeid=i","cat":290399},{"id":279422,"n":"Huile de soin Vinoclean Démaquillante - 150ml","p":15.89,"u":"105,93 €/L","img":"https://fd9-photos.leclercdrive.fr/image.ashx?id=2967869&use=l&cat=p&typeid=i","cat":301587},{"id":279426,"n":"Soin anti-rougeurs Uriage Roseliane - 40ml","p":12.46,"u":"311,50 €/L","img":"https://fd9-photos.leclercdrive.fr/image.ashx?id=2967890&use=l&cat=p&typeid=i","cat":291171},{"id":279428,"n":"Gelée Hyalu Biotic SVR Refill - 50ml","p":32.72,"u":"654,40 €/L","img":"https://fd9-photos.leclercdrive.fr/image.ashx?id=2968358&use=l&cat=p&typeid=i","cat":291168},{"id":279430,"n":"Traitement antichute Phytocyane Femme - Cheveux - 12x5ml","p":34.0,"u":"566,67 €/L","img":"https://fd9-photos.leclercdrive.fr/image.ashx?id=2967908&use=l&cat=p&typeid=i","cat":290399},{"id":279504,"n":"Crème sorbet VinoHydra Hydratante - 60ml","p":17.48,"u":"0,29 €/M3","img":"https://fd9-photos.leclercdrive.fr/image.ashx?id=2969190&use=l&cat=p&typeid=i","cat":291171},{"id":279508,"n":"Complément alimentaire Gestarelle G3+ - x90","p":22.82,"img":"https://fd9-photos.leclercdrive.fr/image.ashx?id=2969212&use=l&cat=p&typeid=i","cat":301268},{"id":279510,"n":"Gel-mat SVR Pepti Biotic - 50ml","p":38.71,"u":"774,20 €/L","img":"https://fd9-photos.leclercdrive.fr/image.ashx?id=2969230&use=l&cat=p&typeid=i","cat":291166},{"id":279512,"n":"Soin yeux lissant SVR Illuminateur C-Eye Biotic 15ml","p":27.68,"img":"https://fd9-photos.leclercdrive.fr/image.ashx?id=2976026&use=l&cat=p&typeid=i","cat":291172},{"id":279513,"n":"Fluide énergisant SVR Lissant C20 Biotic - 30ml","p":33.22,"img":"https://fd9-photos.leclercdrive.fr/image.ashx?id=2969236&use=l&cat=p&typeid=i","cat":291168},{"id":279514,"n":"Stick solaire visage SVR Sun Secure Easy stick SPF50+ - 10g","p":11.08,"img":"https://fd9-photos.leclercdrive.fr/image.ashx?id=2969224&use=l&cat=p&typeid=i","cat":290396},{"id":279517,"n":"Fluide solaire SVR Sun secure Photo-Age SPF50+ 40ml","p":14.5,"u":"362,50 €/L","img":"https://fd9-photos.leclercdrive.fr/image.ashx?id=2969227&use=l&cat=p&typeid=i","cat":290396},{"id":279680,"n":"Spaghetti carbonara Panzani 800g","p":3.95,"u":"4,94 €/KG","img":"https://fd9-photos.leclercdrive.fr/image.ashx?id=2970957&use=l&cat=p&typeid=i","cat":284442},{"id":279682,"n":"Macaroni tomate Panzani 800g","p":3.87,"u":"4,84 €/KG","img":"https://fd9-photos.leclercdrive.fr/image.ashx?id=2970960&use=l&cat=p&typeid=i","cat":284442},{"id":279926,"n":"Peluche Disney Squishy Angel 45cm","p":19.9,"u":"44,22 €/MT","img":"https://fd9-photos.leclercdrive.fr/image.ashx?id=2971320&use=l&cat=p&typeid=i","cat":334379},{"id":280092,"n":"Crème dessert Danette Saveur Twix - 4x90g","p":1.79,"u":"4,97 €/KG","img":"https://fd9-photos.leclercdrive.fr/image.ashx?id=2971924&use=l&cat=p&typeid=i","cat":285041},{"id":280162,"n":"Lessive liquide Skip Touche de  Cajoline 2x37 - 3.108L","p":24.3,"u":"7,82 €/L","img":"https://fd9-photos.leclercdrive.fr/image.ashx?id=2972095&use=l&cat=p&typeid=i","cat":284640},{"id":281258,"n":"Bonbons Haribo Les P'tits Chamalows - 150g","p":1.77,"u":"11,80 €/KG","img":"https://fd9-photos.leclercdrive.fr/image.ashx?id=2986200&use=l&cat=p&typeid=i","cat":304250},{"id":281475,"n":"Boisson énergisante Monster Ultra Fantasy sans sucre - 50cl","p":1.64,"u":"3,28 €/L","img":"https://fd9-photos.leclercdrive.fr/image.ashx?id=2986822&use=l&cat=p&typeid=i","cat":284533},{"id":281965,"n":"Chocolat de Noel Jacquot 75g","p":1.66,"u":"22,13 €/KG","img":"https://fd9-photos.leclercdrive.fr/image.ashx?id=2983228&use=l&cat=p&typeid=i","cat":327592},{"id":282006,"n":"Boule de Noel Disney 15g","p":2.18,"u":"145,33 €/KG","img":"https://fd9-photos.leclercdrive.fr/image.ashx?id=2983730&use=l&cat=p&typeid=i","cat":327789},{"id":282007,"n":"Bonnet de Noel Disney 50g","p":5.38,"u":"107,60 €/KG","img":"https://fd9-photos.leclercdrive.fr/image.ashx?id=2983733&use=l&cat=p&typeid=i","cat":327789},{"id":282010,"n":"Kinder Surprise  x4 - 80g","p":5.14,"u":"64,25 €/KG","img":"https://fd9-photos.leclercdrive.fr/image.ashx?id=2981373&use=l&cat=p&typeid=i","cat":327592},{"id":282011,"n":"Chocolat Kinder Géant 300g","p":6.61,"u":"22,03 €/KG","img":"https://fd9-photos.leclercdrive.fr/image.ashx?id=2981367&use=l&cat=p&typeid=i","cat":327592},{"id":282014,"n":"Chocolat Kinder Mix - 102g","p":3.91,"u":"38,33 €/KG","img":"https://fd9-photos.leclercdrive.fr/image.ashx?id=2981370&use=l&cat=p&typeid=i","cat":327592},{"id":282063,"n":"Chocolat Rohan   90g","p":2.48,"u":"27,56 €/KG","img":"https://fd9-photos.leclercdrive.fr/image.ashx?id=2982429&use=l&cat=p&typeid=i","cat":327592},{"id":282161,"n":"Bonbon Giga Twisty Pain d'épice - 65g","p":1.89,"u":"29,08 €/KG","img":"https://fd9-photos.leclercdrive.fr/image.ashx?id=2982709&use=l&cat=p&typeid=i","cat":327592},{"id":282162,"n":"Bonbon Giga Twisty Bonhomme de neige - 65g","p":1.89,"u":"29,08 €/KG","img":"https://fd9-photos.leclercdrive.fr/image.ashx?id=2982712&use=l&cat=p&typeid=i","cat":327592},{"id":282454,"n":"Boule de Noel Disney Mickey - 15g","p":2.18,"u":"145,33 €/KG","img":"https://fd9-photos.leclercdrive.fr/image.ashx?id=2989796&use=l&cat=p&typeid=i","cat":327789},{"id":282455,"n":"Boule de Noel Disney Frozen - 15g","p":2.18,"u":"145,33 €/KG","img":"https://fd9-photos.leclercdrive.fr/image.ashx?id=2984531&use=l&cat=p&typeid=i","cat":327789},{"id":282456,"n":"Boule de Noel Disney Vaiana - 15g","p":2.18,"u":"145,33 €/KG","img":"https://fd9-photos.leclercdrive.fr/image.ashx?id=2984534&use=l&cat=p&typeid=i","cat":327789},{"id":282457,"n":"Boule de Noel Disney Stitch - 15g","p":2.18,"u":"145,33 €/KG","img":"https://fd9-photos.leclercdrive.fr/image.ashx?id=2984537&use=l&cat=p&typeid=i","cat":327789},{"id":282458,"n":"Boule de Noel Disney Iron Man - 15g","p":2.18,"u":"145,33 €/KG","img":"https://fd9-photos.leclercdrive.fr/image.ashx?id=2984540&use=l&cat=p&typeid=i","cat":327789},{"id":282684,"n":"Boule de Noel Disney Spider Man - 15g","p":2.18,"u":"145,33 €/KG","img":"https://fd9-photos.leclercdrive.fr/image.ashx?id=2984543&use=l&cat=p&typeid=i","cat":327789},{"id":282688,"n":"Crème hydratante La Roche Posay Hydraphase - Légère - 40ml","p":15.18,"u":"379,50 €/L","img":"https://fd9-photos.leclercdrive.fr/image.ashx?id=2985195&use=l&cat=p&typeid=i","cat":291171},{"id":282769,"n":"Chocolat Kinder Mix - 102g","p":3.91,"u":"38,33 €/KG","img":"https://fd9-photos.leclercdrive.fr/image.ashx?id=2984546&use=l&cat=p&typeid=i","cat":327592},{"id":282770,"n":"Chocolat Kinder Pingouin - 102g","p":3.91,"u":"38,33 €/KG","img":"https://fd9-photos.leclercdrive.fr/image.ashx?id=2984549&use=l&cat=p&typeid=i","cat":327592},{"id":283037,"n":"Bonnet de Noel Disney Stitch - 50g","p":5.38,"u":"107,60 €/KG","img":"https://fd9-photos.leclercdrive.fr/image.ashx?id=2995049&use=l&cat=p&typeid=i","cat":327789},{"id":283038,"n":"Bonnet de Noel Disney Mickey - 50g","p":5.38,"u":"107,60 €/KG","img":"https://fd9-photos.leclercdrive.fr/image.ashx?id=2995052&use=l&cat=p&typeid=i","cat":327789},{"id":283043,"n":"Sucette guimauve Père Noel Lunette jaune - 45g","p":1.51,"u":"33,56 €/KG","img":"https://fd9-photos.leclercdrive.fr/image.ashx?id=2987178&use=l&cat=p&typeid=i","cat":327592},{"id":283044,"n":"Sucette guimauve Père Noel Lunettes rouge - 45g","p":1.51,"u":"33,56 €/KG","img":"https://fd9-photos.leclercdrive.fr/image.ashx?id=2987181&use=l&cat=p&typeid=i","cat":327592},{"id":283046,"n":"Sucette guimauve Père Noel Lunettes bleu - 45g","p":1.51,"u":"33,56 €/KG","img":"https://fd9-photos.leclercdrive.fr/image.ashx?id=2987184&use=l&cat=p&typeid=i","cat":327592},{"id":283114,"n":"Chocolat de Noel Jacquot Cerf  -75g","p":1.66,"u":"22,13 €/KG","img":"https://fd9-photos.leclercdrive.fr/image.ashx?id=2987187&use=l&cat=p&typeid=i","cat":327592},{"id":283115,"n":"Chocolat de Noel Jacquot Bonhomme de neige 75g","p":1.66,"u":"22,13 €/KG","img":"https://fd9-photos.leclercdrive.fr/image.ashx?id=2983228&use=l&cat=p&typeid=i","cat":327592},{"id":283116,"n":"Chocolat de Noel Jacquot Mère noel - 75g","p":1.66,"u":"22,13 €/KG","img":"https://fd9-photos.leclercdrive.fr/image.ashx?id=2987190&use=l&cat=p&typeid=i","cat":327592},{"id":283117,"n":"Chocolat de Noel Jacquot Lutin - 75g","p":1.66,"u":"22,13 €/KG","img":"https://fd9-photos.leclercdrive.fr/image.ashx?id=2987193&use=l&cat=p&typeid=i","cat":327592},{"id":283136,"n":"Kinder Surprise  Père Noel x4 - 80g","p":5.14,"u":"64,25 €/KG","img":"https://fd9-photos.leclercdrive.fr/image.ashx?id=2981373&use=l&cat=p&typeid=i","cat":327592},{"id":283138,"n":"Kinder Surprise  Bonhomme de neige x4 - 80g","p":5.14,"u":"64,25 €/KG","img":"https://fd9-photos.leclercdrive.fr/image.ashx?id=2987196&use=l&cat=p&typeid=i","cat":327592},{"id":283154,"n":"Chocolat Kinder Géant Père Noel - 300g","p":6.61,"u":"22,03 €/KG","img":"https://fd9-photos.leclercdrive.fr/image.ashx?id=2981367&use=l&cat=p&typeid=i","cat":327592},{"id":283283,"n":"Huile lavante A.Derma Exomega - Emolliente - 500ml","p":18.75,"u":"37,50 €/L","img":"https://fd9-photos.leclercdrive.fr/image.ashx?id=2988427&use=l&cat=p&typeid=i","cat":290422},{"id":283286,"n":"Huile lavante A-Derma Exomega - Emolliente - 1L","p":16.65,"u":"16,65 €/L","img":"https://fd9-photos.leclercdrive.fr/image.ashx?id=2988430&use=l&cat=p&typeid=i","cat":301591},{"id":283288,"n":"Complément alimentaire Collagène - Articulations 260g","p":17.89,"u":"68,81 €/KG","img":"https://fd9-photos.leclercdrive.fr/image.ashx?id=2988596&use=l&cat=p&typeid=i","cat":301264},{"id":283290,"n":"Complément alimentaire Collagène Peau cheveux 260g","p":19.9,"u":"76,54 €/KG","img":"https://fd9-photos.leclercdrive.fr/image.ashx?id=2988599&use=l&cat=p&typeid=i","cat":301266},{"id":283300,"n":"Complément alimentaire Granions Collagène+Sublimlift Shot Pêche","p":34.18,"img":"https://fd9-photos.leclercdrive.fr/image.ashx?id=2997148&use=l&cat=p&typeid=i","cat":301264},{"id":283307,"n":"Complément alimentaire Granions Collagène Multi I.II.III.V.X","p":29.89,"u":"114,96 €/KG","img":"https://fd9-photos.leclercdrive.fr/image.ashx?id=2997157&use=l&cat=p&typeid=i","cat":301266},{"id":283546,"n":"Peluche Kinder Ecureuil - 133g","p":13.94,"u":"104,81 €/KG","img":"https://fd9-photos.leclercdrive.fr/image.ashx?id=2995890&use=l&cat=p&typeid=i","cat":327789},{"id":283547,"n":"Peluche Kinder Dragon - 133g","p":13.94,"u":"104,81 €/KG","img":"https://fd9-photos.leclercdrive.fr/image.ashx?id=2995893&use=l&cat=p&typeid=i","cat":327789},{"id":284137,"n":"Gel douche Tahiti  Vanille & amande - 3x250ml","p":6.95,"u":"9,27 €/L","img":"https://fd9-photos.leclercdrive.fr/image.ashx?id=2993170&use=l&cat=p&typeid=i","cat":284594},{"id":284140,"n":"Gel douche Tahiti Coco et jasmin - 3x250ml","p":6.95,"u":"9,27 €/L","img":"https://fd9-photos.leclercdrive.fr/image.ashx?id=2993167&use=l&cat=p&typeid=i","cat":284594},{"id":284519,"n":"Crème correction Filorga Time-Filler 5XP - 50ml","p":53.5,"img":"https://fd9-photos.leclercdrive.fr/image.ashx?id=2993409&use=l&cat=p&typeid=i","cat":291168},{"id":284523,"n":"Dentifrice Sensodyne Expert Protect - Répare & protège 75ml","p":7.22,"u":"96,27 €/L","img":"https://fd9-photos.leclercdrive.fr/image.ashx?id=2998050&use=l&cat=p&typeid=i","cat":290419},{"id":284528,"n":"Complément alimentaire Magné marin 360 Extra fort x45","p":5.85,"img":"https://fd9-photos.leclercdrive.fr/image.ashx?id=3008563&use=l&cat=p&typeid=i","cat":301264},{"id":284643,"n":"Complément alimentaire Granions Vitamine C Liposomale - 1000mg","p":11.49,"img":"https://fd9-photos.leclercdrive.fr/image.ashx?id=2997130&use=l&cat=p&typeid=i","cat":301264},{"id":284727,"n":"Complément alimentaire Granions Magnésium Max 360mg - x90 76g","p":16.13,"u":"212,24 €/KG","img":"https://fd9-photos.leclercdrive.fr/image.ashx?id=2997142&use=l&cat=p&typeid=i","cat":301264},{"id":284737,"n":"Complément alimentaire Excilor Forte - 30ml FR/BE/NL","p":19.68,"u":"656,00 €/L","img":"https://fd9-photos.leclercdrive.fr/image.ashx?id=2997358&use=l&cat=p&typeid=i","cat":290424},{"id":284747,"n":"Gommes Valda Sans sucres Menthe eucalyptus - 140g","p":8.24,"u":"58,86 €/KG","img":"https://fd9-photos.leclercdrive.fr/image.ashx?id=2994527&use=l&cat=p&typeid=i","cat":301256},{"id":284749,"n":"Déo-douche SVR Spirial - 400ml","p":10.79,"u":"26,98 €/L","img":"https://fd9-photos.leclercdrive.fr/image.ashx?id=2994530&use=l&cat=p&typeid=i","cat":301591},{"id":284751,"n":"Complément alimentaire Granions Mélatonine 1.9mg x180","p":12.99,"img":"https://fd9-photos.leclercdrive.fr/image.ashx?id=2997136&use=l&cat=p&typeid=i","cat":301265},{"id":284948,"n":"Sac noel Kinder Sac vert \"Oh Oh Oh!\" - 223g","p":10.28,"u":"46,10 €/KG","img":"https://fd9-photos.leclercdrive.fr/image.ashx?id=2995896&use=l&cat=p&typeid=i","cat":327592},{"id":285380,"n":"Filtre à café Plantation N°4 - x80","p":1.35,"img":"https://fd9-photos.leclercdrive.fr/image.ashx?id=2996028&use=l&cat=p&typeid=i","cat":284751},{"id":285413,"n":"Assortiment chocolat Hamlet Renne - 250g","p":6.95,"u":"27,80 €/KG","img":"https://fd9-photos.leclercdrive.fr/image.ashx?id=2997700&use=l&cat=p&typeid=i","cat":327595},{"id":285424,"n":"Lessive liquide X-tra Total Format familial 5.40L - x120","p":18.3,"u":"3,39 €/L","img":"https://fd9-photos.leclercdrive.fr/image.ashx?id=2996617&use=l&cat=p&typeid=i","cat":284640},{"id":285426,"n":"Lessive liquide X-tra Total Marseille Aloe vera - 5.4L x120","p":21.06,"u":"3,90 €/L","img":"https://fd9-photos.leclercdrive.fr/image.ashx?id=2996620&use=l&cat=p&typeid=i","cat":284640},{"id":285427,"n":"Lessive liquide Le Chat L'Expert - Bicarbonate 3.6L x80","p":20.78,"u":"5,77 €/L","img":"https://fd9-photos.leclercdrive.fr/image.ashx?id=2996623&use=l&cat=p&typeid=i","cat":284640},{"id":285433,"n":"Lessive liquide Ariel Original - 3.105L - x69 lavages","p":21.97,"u":"7,08 €/L","img":"https://fd9-photos.leclercdrive.fr/image.ashx?id=2997331&use=l&cat=p&typeid=i","cat":284640},{"id":285436,"n":"Lessive liquide Ariel Touch Of  Lenor Unstoppables 2.7L x60","p":21.97,"u":"8,14 €/MT","img":"https://fd9-photos.leclercdrive.fr/image.ashx?id=2997334&use=l&cat=p&typeid=i","cat":284640},{"id":285457,"n":"Lessive liquide Skip Peaux sensibles - 4.536L - x108","p":30.44,"u":"6,71 €/L","img":"https://fd9-photos.leclercdrive.fr/image.ashx?id=2997394&use=l&cat=p&typeid=i","cat":284640},{"id":285487,"n":"Lessive liquide Skip Active clean 5.04L x120 lavages","p":27.99,"u":"5,55 €/L","img":"https://fd9-photos.leclercdrive.fr/image.ashx?id=2997397&use=l&cat=p&typeid=i","cat":284640},{"id":285719,"n":"Masque Elseve huile  Extraordinaire Coco - 2x310ml","p":9.48,"u":"15,29 €/L","img":"https://fd9-photos.leclercdrive.fr/image.ashx?id=2997811&use=l&cat=p&typeid=i","cat":284608},{"id":285737,"n":"Shampooing Elseve Color Vive Restage - 2x500ml","p":10.24,"u":"10,24 €/L","img":"https://fd9-photos.leclercdrive.fr/image.ashx?id=2997823&use=l&cat=p&typeid=i","cat":284606},{"id":285750,"n":"Shampooing Elseve Dream Length Restage - 2x400ml","p":17.67,"u":"22,09 €/L","img":"https://fd9-photos.leclercdrive.fr/image.ashx?id=2997835&use=l&cat=p&typeid=i","cat":284606},{"id":286330,"n":"Trousse hiver Caudalie 2025","p":12.8,"img":"https://fd9-photos.leclercdrive.fr/image.ashx?id=3000216&use=l&cat=p&typeid=i","cat":301594},{"id":286332,"n":"Coffret Thé des Vignes Caudalie Noël 2025 - 50ml","p":23.0,"u":"460,00 €/L","img":"https://fd9-photos.leclercdrive.fr/image.ashx?id=3000219&use=l&cat=p&typeid=i","cat":301594},{"id":286502,"n":"Mini gratins Raclette Côté Table surgelé - 400g","p":3.42,"u":"8,55 €/KG","img":"https://fd9-photos.leclercdrive.fr/image.ashx?id=2999805&use=l&cat=p&typeid=i","cat":319793},{"id":286898,"n":"Mini boudins blancs Madrange 340g","p":2.9,"u":"8,53 €/KG","img":"https://fd9-photos.leclercdrive.fr/image.ashx?id=3003194&use=l&cat=p&typeid=i","cat":316012},{"id":286954,"n":"Galettes St Michel au beurre  16x5 - 520g","p":2.43,"u":"4,67 €/KG","img":"https://fd9-photos.leclercdrive.fr/image.ashx?id=3003191&use=l&cat=p&typeid=i","cat":284487},{"id":287031,"n":"Yaourt Activia Fibre  Pomme 4x115g","p":2.59,"u":"5,63 €/KG","img":"https://fd9-photos.leclercdrive.fr/image.ashx?id=3004801&use=l&cat=p&typeid=i","cat":315000},{"id":287034,"n":"Yaourt à la Grecque Danone Pêche - 4x115g","p":2.75,"u":"5,98 €/KG","img":"https://fd9-photos.leclercdrive.fr/image.ashx?id=3004789&use=l&cat=p&typeid=i","cat":314999},{"id":287041,"n":"Skyr Danone onctueux Fraise - 450g","p":2.15,"u":"4,78 €/KG","img":"https://fd9-photos.leclercdrive.fr/image.ashx?id=3004795&use=l&cat=p&typeid=i","cat":315000},{"id":287042,"n":"Skyr Danone onctueux Vanille - 450g","p":2.15,"u":"4,78 €/KG","img":"https://fd9-photos.leclercdrive.fr/image.ashx?id=3004798&use=l&cat=p&typeid=i","cat":315000},{"id":287043,"n":"Crème dessert protéinée Hipro Saveur pistache - 180g","p":1.8,"u":"10,00 €/KG","img":"https://fd9-photos.leclercdrive.fr/image.ashx?id=3004792&use=l&cat=p&typeid=i","cat":285041},{"id":287258,"n":"Chocolat Poulain 450g","p":3.45,"u":"7,67 €/KG","img":"https://fd9-photos.leclercdrive.fr/image.ashx?id=3005137&use=l&cat=p&typeid=i","cat":293235},{"id":287262,"n":"Chocolat en poudre Poulain 800g","p":5.69,"u":"7,11 €/KG","img":"https://fd9-photos.leclercdrive.fr/image.ashx?id=3005140&use=l&cat=p&typeid=i","cat":293235},{"id":287263,"n":"Chocolat en poudre Poulain 450g","p":2.99,"u":"6,64 €/KG","img":"https://fd9-photos.leclercdrive.fr/image.ashx?id=3005143&use=l&cat=p&typeid=i","cat":293235},{"id":287566,"n":"Déodorant Axe Supreme  Apollo 2x200ml","p":6.97,"pp":4.88,"u":"12,20 €/L","img":"https://fd9-photos.leclercdrive.fr/image.ashx?id=3006214&use=l&cat=p&typeid=i","cat":284618},{"id":287792,"n":"Chocolat en poudre Poulain 1kg","p":5.79,"u":"5,79 €/KG","img":"https://fd9-photos.leclercdrive.fr/image.ashx?id=3008809&use=l&cat=p&typeid=i","cat":293235},{"id":287806,"n":"Boudin blanc Bahier Nature 3x125g","p":4.25,"u":"11,33 €/KG","img":"https://fd9-photos.leclercdrive.fr/image.ashx?id=3008197&use=l&cat=p&typeid=i","cat":316012},{"id":288725,"n":"Gelée gommante douceur Avene Eau thermale - 50ml","p":17.07,"u":"341,40 €/L","img":"https://fd9-photos.leclercdrive.fr/image.ashx?id=3011272&use=l&cat=p&typeid=i","cat":291165}]}